4263 6376
1200 350 1668 412 DISPUTATIO
1713 351 1900 425 XXV,
1949 350 2222 411 SECTIO
2276 351 2369 411 Vl.

191 517 384 589 potest
411 519 481 575 ut
509 517 790 592 pecuniis
818 527 1258 598 compensetur
1289 543 1302 584 :
1348 525 1507 586 sicut
1546 526 1712 585 enim

190 623 295 682 pro
332 605 552 667 labore
596 612 876 688 corporis
920 619 1098 692 potes
1127 617 1397 694 pretium
1427 618 1706 694 exigere;

188 696 268 756 ita
309 701 370 758 et
396 717 510 776 pro
541 701 753 762 labore
781 706 1008 766 mentis
1032 753 1047 782 ,
1100 712 1162 768 et
1189 709 1349 769 sicut
1372 715 1547 787 potes
1576 710 1711 769 exi-

186 808 326 867 gere
356 793 624 869 pretium
657 800 726 855 ut
759 797 982 875 aliquis
1010 799 1090 860 sit
1117 800 1230 860 tibi
1261 819 1450 861 causa
1480 801 1713 862 doloris

189 882 429 961 capitiS,
482 888 699 963 quanti
747 889 978 949 doloris
1008 891 1171 951 illius
1210 893 1499 954 molestia
1548 895 1714 955 aesti-

187 975 335 1035 mari
363 978 584 1053 possit;
620 979 709 1040 ita
736 1000 848 1059 pro
869 983 1154 1044 molestia
1183 990 1244 1045 et
1271 1004 1507 1064 angore
1538 1005 1713 1046 men-

188 1067 260 1128 tis
285 1068 607 1131 subeundo
653 1075 885 1152 poteris
926 1076 1194 1153 pretium
1236 1079 1520 1156 exigere,
1569 1097 1712 1138 cum

190 1177 302 1219 non
355 1162 564 1221 minus
596 1211 612 1237 ,
671 1166 783 1225 sed
828 1168 1029 1246 magis
1085 1169 1422 1249 aliquando
1480 1170 1716 1232 cruciet

188 1270 363 1332 quam
407 1253 587 1315 dolor
628 1259 928 1336 corporiS.
990 1261 1055 1321 Si
1104 1279 1253 1339 engo
1294 1281 1510 1341 posses
1551 1263 1713 1323 ultra

188 1350 404 1406 sortem
434 1348 688 1426 exigere
705 1353 957 1429 quando
988 1359 1275 1415 mutuum
1295 1356 1573 1415 futurum
1602 1355 1713 1416 tibi

187 1445 337 1499 esset
363 1457 556 1500 causa
584 1442 822 1503 doloris
843 1446 1082 1524 capitiS‚
1110 1448 1343 1523 poteris
1373 1449 1562 1508 etiam
1592 1447 1714 1506 exi-

185 1550 324 1609 gere
393 1534 650 1611 quando
707 1541 994 1597 mutuum
1051 1538 1330 1599 futurum
1393 1539 1503 1600 tibi
1552 1543 1717 1600 esset

187 1642 361 1684 causa
388 1625 623 1686 doloris
646 1673 661 1702 ,
715 1634 778 1689 et
805 1630 1044 1691 timoris
1074 1630 1300 1692 interni
1329 1636 1584 1711 propter
1611 1650 1714 1710 pe-

186 1716 435 1777 riculum
466 1721 655 1780 sortis
685 1722 1068 1799 amittendae,
1106 1724 1249 1802 quia
1282 1724 1461 1785 dolor
1488 1725 1619 1800 ille,
1654 1727 1717 1785 et

186 1808 360 1869 timor
402 1817 593 1889 prout
635 1815 1086 1876 condistinctus
1116 1834 1151 1875 a
1180 1820 1346 1877 sorte
1395 1818 1567 1895 ipsa,
1623 1820 1717 1877 est

187 1901 407 1980 aliquid
443 1906 616 1982 quod
649 1906 715 1965 in
743 1911 996 1985 pactum
1027 1908 1221 1986 possit
1249 1927 1360 1986 pro
1391 1909 1593 1989 pretio
1623 1910 1717 1970 af-

187 1994 342 2055 terri.

261 2089 428 2148 Unde
474 2091 863 2169 respondere
905 2093 1032 2173 jam
1061 2113 1393 2174 possumus
1423 2095 1500 2154 ad
1534 2113 1717 2173 argu-

187 2186 449 2241 mentum
479 2185 769 2262 proxime
797 2186 1066 2263 sactum,
1114 2193 1177 2250 et
1216 2188 1350 2267 ejus
1388 2189 1716 2248 confirma-

116 2275 135 2303 ⁰
188 2274 391 2334 tiones.
425 2278 730 2336 Fatemur
749 2279 912 2337 enim
936 2298 1057 2339 non
1089 2280 1482 2357 praecedente
1504 2285 1709 2358 pact0,

116 2398 122 2409 ·
186 2367 659 2444 mutuatarium,
712 2370 899 2430 etiam
929 2372 981 2431 si
1008 2373 1067 2432 vi
1117 2378 1225 2433 aut
1253 2373 1395 2433 dolo
1427 2377 1714 2433 mutuum

187 2460 571 2535 extorsisset,
621 2465 687 2522 et
722 2463 1032 2525 intulisset
1073 2471 1309 2525 metum
1353 2465 1713 2526 amittendae

188 2550 374 2627 sortis,
397 2553 767 2614 satisfacere
788 2557 1039 2617 omnino
1071 2557 1313 2618 reddita
1344 2562 1542 2617 sorte:
1568 2557 1716 2635 quia

188 2649 373 2705 metus
397 2645 523 2719 ille,
557 2646 710 2707 licet
738 2647 964 2727 injuste
996 2649 1204 2711 illatus
1226 2654 1410 2725 esset,
1445 2668 1568 2710 non
1598 2648 1715 2711 fuit

188 2736 466 2796 damnum
498 2739 565 2798 in
600 2739 783 2799 bonis
808 2741 1095 2818 fortunae,
1129 2743 1239 2802 sed
1270 2743 1330 2802 in
1369 2741 1505 2801 aliis
1533 2742 1713 2802 bonis

189 2848 313 2908 quae
340 2831 586 2892 secluso
617 2836 800 2910 pacto
830 2852 952 2894 non
984 2833 1217 2896 debent
1243 2834 1522 2913 pecuniis
1549 2853 1714 2895 com-

189 2925 439 3000 pensari.
473 2925 694 2985 Potuit
705 2930 913 2986 tamen
927 2932 1221 2988 mutuans
1234 2928 1508 2988 vendere
1526 2929 1714 2990 etiam

191 3015 515 3092 periculum
544 3017 706 3077 illud
736 3022 799 3079 et
825 3018 1112 3080 timorem
1140 3038 1215 3080 ac
1235 3020 1585 3081 molestiam
1616 3020 1710 3079 in-

189 3113 431 3181 ternam,
465 3128 663 3188 quam
693 3111 901 3171 subire
938 3111 1211 3173 debebat
1255 3131 1443 3173 causa
1485 3113 1707 3191 mutui,

191 3203 321 3283 quia
365 3222 507 3264 cum
538 3204 625 3266 sit
654 3204 892 3282 aliquid
922 3206 1236 3266 vendibile
1259 3255 1273 3281 ,
1325 3224 1447 3266 non
1480 3210 1574 3265 est
1603 3224 1715 3265 cur

191 3315 300 3356 non
327 3297 606 3375 potuerit
634 3315 757 3356 non
800 3297 1008 3358 subire
1037 3299 1273 3358 malum
1320 3298 1471 3358 illud
1518 3298 1713 3376 gratis

191 3389 285 3448 sed
314 3389 601 3467 accipere
631 3390 900 3468 pret-ium
948 3408 1060 3468 pro
1107 3391 1209 3451 illo
1240 3391 1406 3451 malo
1438 3390 1711 3451 subeun-

191 3482 281 3542 do.

259 3575 349 3637 Ad
375 3576 651 3654 primam
682 3575 1221 3637 confirmationem
1268 3576 1706 3654 respondetur,

192 3668 595 3730 differentiam
623 3686 759 3728 esse
788 3669 992 3747 quoad
1025 3669 1143 3730 hoc
1165 3670 1353 3730 etiam
1373 3668 1710 3728 interhanc

192 3761 518 3823 molestiam
551 3764 621 3821 et
648 3760 1033 3838 periculum,
1086 3765 1147 3821 et
1191 3761 1311 3820 alia
1357 3760 1584 3819 damna
1634 3779 1710 3819 ex

193 3859 388 3915 mutuo
429 3854 826 3932 emergentia
870 3874 884 3914 ε
936 3872 1048 3933 pro
1090 3854 1227 3914 aliis
1268 3854 1435 3913 enim
1467 3853 1710 3912 damnis

195 3965 301 4006 non
327 3947 509 4008 debet
536 3946 685 4024 cogi
712 3947 1125 4007 mutuatarius
1165 3946 1399 4026 aliquid
1427 3947 1710 4007 absolute

194 4041 431 4117 solvere,
463 4040 585 4100 sed
613 4040 934 4115 satisfacit,
987 4041 1038 4100 si
1068 4059 1135 4099 se
1182 4041 1298 4100 sub
1351 4039 1708 4100 conditione

195 4133 406 4212 obliget
440 4133 519 4193 ad
556 4133 669 4192 illa
695 4133 1095 4193 resarcianda
1122 4133 1171 4192 si
1202 4133 1556 4203 evenerint;
1593 4132 1710 4192 hoc

196 4225 340 4284 enim
383 4226 576 4286 modo
632 4225 840 4286 reddit
884 4229 1277 4285 mutuantem
1323 4226 1704 4285 indemnem.

198 4319 300 4378 Pro
328 4319 600 4398 periculo
635 4322 843 4378 autem
874 4318 1054 4378 sortis
1101 4323 1305 4396 potest
1350 4317 1586 4396 aliquid
1629 4317 1708 4376 ab

200 4429 262 4468 eo
304 4411 581 4472 absolute
624 4409 820 4487 exigi;
881 4414 1012 4470 tum
1056 4411 1202 4489 quia
1248 4410 1367 4469 hoc
1409 4410 1710 4468 damnum

199 4521 304 4562 non
333 4508 423 4564 est
449 4502 945 4563 conditionatum
965 4549 979 4577 ,
1012 4502 1122 4561 sed
1153 4502 1506 4563 absolutum
1530 4548 1545 4576 ,
1579 4501 1708 4561 sive

200 4597 345 4653 enim
366 4614 500 4656 sors
520 4600 948 4673 recuperetur,
983 4595 1113 4654 sive
1144 4612 1287 4669 uon,
1307 4594 1440 4672 jam
1460 4595 1707 4674 pericu-

200 4688 385 4747 culum
405 4735 419 4764 ,
470 4688 663 4749 timor
691 4693 753 4747 et
777 4688 1062 4747 molestia
1109 4687 1388 4748 absolute
1419 4688 1704 4760 fuerunt3

199 4783 315 4839 tum
341 4782 523 4840 etiam
554 4779 706 4859 quia
743 4779 958 4839 inutile
988 4785 1152 4841 esset
1180 4798 1290 4857 pro
1322 4780 1438 4840 hoc
1470 4779 1711 4858 pericu·

199 4871 251 4931 lo
284 4873 700 4934 conditionate
744 4872 1108 4951 promittere
1143 4893 1155 4933 :
1192 4873 1241 4932 si
1273 4872 1440 4932 enim
1468 4878 1712 4932 mutua-

201 4966 373 5025 tarius
399 4972 632 5027 sortem
664 4965 953 5039 solveret,
979 4964 1115 5043 jam
1144 4969 1445 5026 cessasset
1471 4965 1712 5044 pericu·

201 5056 335 5133 lum,
366 5078 555 5138 quare
588 5057 745 5118 nihil
773 5075 886 5136 pro
917 5058 1193 5136 periculo
1226 5058 1449 5119 daret:
1484 5058 1711 5118 sivero

205 5169 314 5209 non
339 5153 603 5212 solveret
630 5155 896 5226 sortem,
947 5151 1153 5211 minus
1182 5151 1450 5212 solveret
1478 5150 1712 5229 aliquid

3230 351 3342 408 197

1811 529 1935 586 stat
1953 544 2029 585 ex
2056 525 2240 585 dictis
2269 524 2667 585 differentia:
2701 524 2803 583 fur
2830 524 2996 584 enim
3027 541 3151 584 non
3183 528 3352 584 tene-

1811 623 1914 678 tur
1939 618 2271 678 restituere
2299 617 2536 696 aliquid
2564 634 2677 695 pro
2708 616 3205 694 pericu10,sicut
3236 633 3352 676 nec

1813 729 1924 788 pro
1953 710 2244 770 molestia
2263 709 2518 771 domino
2549 709 2739 784 illata,
2767 709 2915 788 quia
2948 709 3093 769 licet
3122 708 3351 788 injuste

1813 803 2114 861 damnum
2144 802 2298 861 illud
2320 802 2580 880 periculi
2607 801 2847 861 illatum
2877 800 2976 876 sit,
3010 820 3135 861 non
3166 801 3355 861 debet

1810 897 2024 954 tamen
2059 894 2327 972 pecunia
2360 894 2773 971 compensari,
2811 893 2929 953 nisi
2958 893 3354 972 praecedente

1813 990 2225 1065 pacto,prout
2252 986 2312 1045 in
2347 1003 2494 1045 casu
2526 990 2734 1047 nostro
2767 985 3068 1064 praecedit
3104 986 3353 1046 nolente

1812 1083 2139 1141 mutuante
2169 1079 2363 1157 gratis
2393 1079 2562 1138 illam
2594 1078 2945 1139 molestiam
2977 1083 3038 1140 et
3070 1078 3353 1139 dolorem

1813 1172 2044 1248 subire,
2095 1172 2215 1231 nisi
2261 1170 2497 1250 aliquid
2546 1189 2657 1248 pro
2706 1170 2825 1230 hac
2871 1171 3049 1249 quasi
3082 1188 3355 1250 expensa

1811 1264 1929 1343 ipsi
1959 1263 2360 1325 retribuatur.

1893 1357 2058 1417 Addi
2088 1362 2351 1434 possunt
2378 1355 2515 1415 aliae
2545 1354 2841 1429 rationes,
2870 1373 3007 1433 quae
3040 1354 3117 1414 ab
3147 1358 3358 1415 aucto-

1811 1449 1984 1510 ribus
2014 1453 2243 1508 nostrae
2291 1447 2614 1508 sententiae
2660 1448 3036 1522 afferuntur,
3089 1446 3168 1505 ad
3216 1464 3355 1506 eam

1812 1540 2203 1621 probandam
2235 1559 2312 1599 ex
2338 1540 2475 1600 aliis
2503 1529 2823 1618 exemplis„
2859 1539 3067 1600 Primo
3089 1538 3359 1617 probant

1815 1633 2098 1712 exemplo
2129 1633 2457 1693 locationis
2477 1679 2492 1708 ,
2544 1632 2606 1691 in
2639 1651 2764 1711 qua
2793 1633 2900 1711 qui
2928 1633 3093 1692 locat
3121 1649 3356 1709 equum

1815 1726 2022 1800 alicui,
2049 1725 2276 1785 timens
2308 1724 2751 1799 nimiolabore,
2778 1724 2964 1798 tame,
2990 1723 3162 1801 fuga,
3186 1722 3354 1800 apud

1813 1819 2019 1897 ipsum
2048 1819 2395 1896 periturum
2420 1863 2434 1892 ,
2465 1821 2669 1895 potest
2697 1817 2860 1876 ultra
2891 1816 3159 1892 pretium
3188 1815 3359 1874 loca-

1814 1912 1998 1972 tionis
2032 1910 2268 1989 aliquid
2307 1910 2447 1987 plus
2478 1909 2556 1969 ab
2596 1927 2669 1968 eo
2701 1908 2950 1986 exigere
2981 1908 3222 1967 ratione
3252 1924 3357 1985 pe-

1813 2004 2014 2079 riculi,
2050 2003 2219 2082 quod
2247 2002 2402 2062 solvi
2433 2001 2693 2075 debeat,
2729 2000 2974 2060 etiamsi
3004 2016 3200 2078 equus
3231 2016 3357 2059 non

1814 2100 2049 2175 pereat.
2088 2094 2375 2157 Secundo
2407 2095 2689 2172 exemplo
2722 2092 3094 2170 emptionis,
3128 2091 3191 2150 in
3231 2109 3358 2169 qua

1816 2194 2059 2267 emptor
2093 2192 2300 2266 potest
2326 2186 2506 2248 vilius
2551 2204 2760 2246 emere
2808 2185 3149 2264 anticipata
3189 2184 3358 2244 solu-

1812 2281 2003 2356 tione,
2034 2281 2195 2339 infra
2219 2279 2458 2357 justum
2488 2280 2788 2357 pretium,
2823 2278 3075 2357 quando
3108 2281 3202 2336 est
3250 2293 3356 2353 pe-

1814 2372 2082 2432 riculum
2122 2371 2200 2431 de
2231 2372 2323 2432 rei
2353 2377 2579 2449 emptae
2607 2370 2945 2431 traditione
2974 2372 3231 2447 propter
3261 2369 3358 2426 in-

1812 2464 2202 2537 fidelitatem,
2234 2464 2331 2522 vel
2360 2463 2795 2541 impotentiam
2818 2461 3180 2522 venditoris
3209 2462 3357 2521 Ter-

1810 2557 1934 2632 tio,
1988 2555 2136 2635 quia
2183 2556 2393 2617 debita
2441 2555 2792 2632 periculosa
2839 2557 3102 2632 possunt
3127 2551 3356 2611 minori

1812 2650 2013 2728 pretio
2040 2649 2121 2709 ab
2155 2647 2275 2707 alio
2312 2648 2433 2707 emi
2472 2667 2483 2707 ε
2532 2652 2601 2708 ut
2626 2647 2678 2707 si
2723 2646 2837 2706 sibi
2870 2645 3118 2706 debitor
3145 2644 3354 2704 dubiae

1811 2741 1956 2800 fidei
1985 2741 2214 2800 debeat
2242 2740 2470 2800 debeat
2498 2743 2632 2801 100.
2686 2756 2943 2817 possum
2986 2755 3102 2813 ego
3145 2754 3352 2797 emere

1811 2833 1965 2893 illud
1996 2832 2276 2892 debitum
2324 2831 2530 2891 dando
2579 2831 2690 2893 tibi
2740 2833 2839 2891 70.
2874 2848 2987 2908 pro
3010 2829 3154 2909 jure
3184 2828 3353 2907 quod

1814 2925 2009 2985 habes
2039 2924 2117 2983 ad
2148 2924 2252 2984 illa
2284 2926 2419 2984 100.
2456 2928 2517 2983 et
2547 2922 2664 2983 hoc
2693 2926 2949 3000 propter
2976 2921 3346 3001 periculum,

1814 3017 1982 3097 quod
2012 3017 2177 3077 illius
2206 3016 2401 3077 debiti
2429 3016 2667 3076 exactio
2698 3014 2888 3074 habet
2919 3030 2934 3078 ε
2965 3013 3171 3073 minus
3201 3030 3351 3090 ergo

1810 3111 2020 3170 valent
2051 3112 2185 3170 100.
2222 3108 2327 3168 illa
2354 3107 2726 3186 periculosa,
2762 3125 2950 3186 quam
2993 3108 3092 3166 80.
3128 3110 3297 3166 certa
3330 3123 3345 3175 ;

1812 3222 1961 3282 ergo
1992 3203 2277 3262 similiter
2305 3219 2561 3280 possum
2590 3201 2651 3260 in
2690 3205 2908 3260 mutuo
2940 3217 3052 3277 pro
3081 3202 3180 3259 90.
3216 3216 3350 3258 cer-

1809 3297 1888 3357 tis
1937 3296 2184 3373 exigere
2216 3313 2251 3353 a
2280 3299 2341 3354 te
2372 3297 2509 3355 100.
2544 3294 2915 3372 periculosa.
2972 3291 3111 3352 Alia
3157 3310 3348 3369 argu-

1809 3395 2023 3451 menta
2051 3388 2147 3447 his
2168 3386 2394 3446 similia
2420 3386 2635 3446 videre
2664 3386 2896 3465 poteris
2925 3384 3093 3463 apud
3133 3383 3348 3444 docto-

1808 3501 1931 3558 reS,
1966 3500 2107 3560 quae
2141 3480 2294 3540 licet
2312 3498 2436 3539 non
2468 3478 2677 3539 omnia
2705 3481 2919 3556 aperte
2949 3475 3346 3550 concludant,

1810 3574 2169 3634 conducunt
2196 3577 2407 3632 tamen
2436 3571 2515 3631 ad
2564 3569 3016 3631 ostendendum
3041 3615 3057 3645 ,
3104 3568 3351 3646 pericu-

1808 3667 1938 3727 lum
1993 3667 2054 3725 in
2113 3665 2300 3724 rebus
2347 3664 2636 3724 omnibus
2684 3681 2817 3723 esse
2863 3661 3098 3740 aliquid
3148 3659 3347 3737 pretio

1809 3757 2290 3836 compensabile.

1890 3851 2228 3911 Videamus
2250 3866 2413 3908 nunc
2434 3848 2841 3907 fundamenta
2861 3844 3182 3905 sententiae
3204 3861 3347 3903 con-

1807 3944 2036 4006 trariae.
2071 3945 2360 4021 Arguunt
2386 3941 2586 4020 primo
2617 3959 2691 3999 ex
2721 3957 2858 4016 cap.
2893 3939 2964 3998 In
2995 3937 3246 4012 civitate,
3277 3935 3347 3997 de

1807 4037 2017 4111 usurzk,
2053 4036 2114 4094 in
2146 4053 2269 4113 quo
2301 4034 2456 4094 dixit
2483 4035 2743 4093 Navarr.
2795 4030 3171 4092 contrariam
3202 4048 3344 4089 sen-

1806 4130 2068 4190 tentiam
2113 4127 2448 4188 contineri.
2510 4125 2632 4186 Sed
2676 4123 3089 4203 respondetur
3134 4122 3337 4197 facile,

1807 4227 2043 4283 textum
2073 4222 2248 4280 illum
2277 4238 2399 4279 non
2431 4237 2564 4278 esse
2614 4218 2691 4277 ad
2724 4235 2856 4277 rem
2883 4263 2898 4292 ,
2944 4216 3146 4276 solum
3176 4216 3342 4274 enim

1808 4317 1894 4375 ibi
1941 4314 2203 4387 dicitur,
2256 4313 2496 4372 ratione
2542 4311 2873 4372 solutionis
2922 4310 3102 4388 pretii
3134 4308 3343 4367 dilata}

1810 4426 1932 4466 non
1962 4407 2147 4466 licere
2179 4406 2371 4483 pluris
2405 4404 2671 4463 vendere
2701 4421 2960 4478 merces,
2992 4419 3180 4482 quam
3210 4418 3345 4460 mo-

1808 4499 1886 4558 do
1918 4499 2188 4572 valeant,
2225 4497 2340 4556 nisi
2373 4496 2636 4554 dubium
2667 4495 2749 4556 sit
2765 4495 2918 4554 illud
2936 4499 3218 4571 tempore
3247 4511 3342 4552 so-

1808 4592 2060 4652 lutionis
2089 4591 2229 4669 plus
2277 4590 2374 4648 vel
2405 4589 2610 4648 minus
2645 4588 2967 4649 valituraS.
3020 4586 3199 4649 Unde
3228 4603 3339 4662 po-

1808 4686 1930 4745 tius
1961 4684 2208 4744 videtur
2236 4683 2442 4742 favere
2469 4687 2694 4741 nostrae
2721 4681 3043 4740 sententies
3068 4699 3081 4738 :
3107 4678 3343 4738 sienim

1808 4778 2045 4838 licitum
2099 4779 2194 4836 est
2240 4776 2488 4852 exigere
2514 4821 2528 4848 ,
2600 4792 2713 4852 pro
2756 4772 3069 4832 mercibus
3106 4768 3343 4848 aliquid

1811 4888 1999 4948 supra
2028 4868 2297 4946 pretium
2327 4885 2600 4945 praesens
2626 4912 2639 4941 ,
2675 4865 2926 4943 quando
2958 4863 3227 4936 dubitas,
3261 4880 3340 4921 an

1811 4967 2093 5040 tempore
2125 4960 2450 5021 solutionis
2480 4958 2758 5017 valiturae
2802 4957 2939 5035 plus
2969 4960 3176 5015 essent
3203 4971 3341 5031 pro·

1811 5060 1949 5135 pter
1976 5054 2323 5132 periculum
2356 5051 2507 5111 illud
2530 5051 2629 5110 cui
2650 5056 2710 5111 te
2742 5049 3021 5127 exponiS,
3048 5065 3082 5104 a
3104 5044 3342 5106 fortiori

1811 5148 2021 5208 licebit
2049 5165 2279 5225 augere
2309 5145 2578 5223 pretium
2608 5144 2828 5218 mutui,
2864 5140 3112 5220 quando
3134 5144 3193 5198 te
3214 5156 3294 5195 m·
3300 5157 3342 5196 ι-

207 5243 348 5303 ultra
365 5250 593 5306 sortem
614 5261 729 5323 pro
758 5243 1105 5322 periculo,
1088 5262 1213 5304 imo
1244 5244 1296 5302 si
1324 5243 1561 5322 aliquid
1592 5243 1715 5303 sol-
1804 5240 1930 5320 jori
1959 5239 2235 5319 periculo
2266 5237 2542 5315 exponiS.

209 5342 381 5412 reret,
427 5355 676 5415 semper
719 5336 907 5396 vellet
953 5336 1118 5415 quod
1166 5336 1366 5415 primo
1411 5336 1549 5395 loco
1601 5353 1714 5415 pro

210 5437 355 5490 sorte
389 5433 876 5510 computaretur.

281 5523 367 5583 Ad
394 5525 731 5584 sec-undam
776 5523 962 5583 etiam
1002 5523 1541 5584 confirmationem
1572 5540 1714 5583 con-

1893 5337 2181 5413 Arguunt
2210 5332 2481 5391 secundo
2512 5349 2583 5389 ex
2616 5329 2678 5389 d.
2713 5347 2850 5407 cap.
2884 5324 3246 5404 Ναυίᾈραητι
3277 5322 3347 5383 de

1813 5428 2023 5488 usuris.
2059 5424 2231 5487 Sed
2208 5443 2339 5500 Jam
2372 5423 2639 5482 xidimus
2670 5440 2835 5499 supi
2823 5440 2896 5495 ·,ι
2939 5437 3152 5478 casum
3183 5417 3345 5476 illius

1814 5526 2022 5583 textus
2078 5538 2211 5579 csse
2265 5517 2447 5577 valde
2502 5516 2838 5591 diversum,
2897 5531 3039 5573 cum
3090 5511 3172 5570 ibi
3224 5529 3343 5571 non

3397 540 3536 582 Aliaer
3538 540 3696 585 atione·

3450 595 3643 638 ιάίεάιιι

3415 650 3569 703 prob
3518 649 3684 694 dm
