4263 6376
531 2747 612 2808 73

436 2874 496 2970 a?

460 2906 605 3131 ἷξε..

524 2878 645 3142 ῇμῇξ

619 2872 686 3130 ἿΞ;Ξ-.

673 3118 684 3130 ⁹
677 2885 713 3076 Οκβο

524 4595 601 4652 74

428 4717 727 4761 Enumerantur

427 4773 497 4815 alii
512 4773 724 4827 incapaces

781 247 860 311 τε
1920 213 2023 298 nn
2066 233 2419 298 JUSTITIA
2464 233 2565 294 nr
2608 233 2807 296 man

779 425 878 488 vel
906 423 1132 506 quibus
1182 420 1343 502 ignis
1372 423 1433 481 et
1461 436 1625 499 aqua
1670 414 2181 490 interdicebatur,
2235 430 2310 472 ex

779 520 902 597 leg.
937 517 1094 599 Ejus
1139 516 1259 597 qui,
1309 516 1366 594 ἓ.
1401 512 1525 574 Sed
1548 511 1661 588 cui,
1712 512 1776 570 ff.
1826 509 1894 570 de
1934 505 2304 581 testamentis,

777 612 899 692 leg.
940 610 1055 687 Qui
1076 609 1299 679 ultimo,
1353 608 1417 668 ff.
1462 605 1532 667 de
1565 602 1772 687 poeniS,
1821 606 1884 664 et
1925 600 2093 661 alibi.
2159 599 2308 671 Quae

777 710 987 768 tamen
1018 703 1202 764 hodie
1234 700 1544 780 plerisque
1575 699 1636 757 in
1666 696 1818 758 locis
1847 694 2106 755 sublatae
2140 695 2304 766 sunt,

780 804 841 861 et
868 796 1080 860 testari
1114 797 1374 875 possunt
1413 811 1629 855 omnes
1677 806 1944 869 quorum
1988 787 2157 847 bona
2187 803 2308 845 non

780 891 1218 964 confiscantur,
1269 895 1340 948 ut
1368 904 1509 947 cum
1539 887 1572 946 J
1580 883 1703 944 ulio
1734 882 1911 944 Claro
1956 883 2134 940 notat
2161 877 2309 938 Mal-

780 987 966 1047 derus
995 985 1056 1044 in
1085 980 1400 1063 praesenti,
1452 983 1632 1040 tract.
1669 979 1713 1038 1.
1751 995 1804 1036 c.
1841 992 1923 1036 xx.
1962 973 2112 1034 dub.
2150 975 2208 1032 3.
2244 972 2300 1050 ἓ.

779 1078 1015 1158 penult,
1049 1083 1112 1139 et
1138 1074 1242 1137 alii
1284 1072 1485 1149 multi,
1521 1088 1676 1151 quos
1714 1069 1897 1129 affert
1922 1067 2121 1127 Diana
2147 1068 2302 1126 tom.

778 1172 881 1235 1v.
931 1174 1011 1232 tr.
1056 1186 1149 1230 111.
1207 1167 1277 1229 de
1318 1165 1541 1227 casibus
1587 1160 2014 1224 occurrentibus
2056 1167 2310 1238 tempore

778 1264 1002 1337 mortis,
1036 1260 1219 1324 resol.
1255 1262 1389 1321 120.
1438 1263 1501 1319 et
1525 1257 1696 1337 leges
1726 1255 2016 1333 Hispanae
2047 1251 2110 1312 id
2141 1251 2306 1311 clare

779 1357 1146 1432 decernunt,
1181 1354 1258 1414 de
1291 1368 1559 1432 quarum
1588 1367 1771 1409 sensu
1804 1350 1866 1407 et
1884 1344 2305 1406 declaratione

777 1449 1076 1511 latissime
1106 1447 1243 1526 agit
1262 1448 1497 1524 Vasqu.
1533 1460 1586 1503 c.
1622 1442 1726 1502 IX.
1778 1441 1833 1518 ἓ.
1869 1457 1912 1500 1.
1961 1437 2112 1498 dub.
2153 1440 2208 1497 1.
2246 1439 2308 1496 et

776 1542 1202 1623 sequentibuS,
1250 1538 1356 1618 qui
1385 1535 1581 1597 videri
1613 1534 1863 1613 poterit,
1901 1536 1964 1593 et
1990 1530 2222 1593 Molina
2253 1530 2299 1589 1.

777 1640 863 1697 tc.
896 1640 974 1695 tr.
1010 1649 1079 1693 11.
1113 1632 1273 1711 disp.
1307 1634 1366 1692 9.
1419 1631 1648 1691 Parum
1693 1625 1858 1688 enim
1904 1624 2184 1684 referunt
2225 1620 2305 1681 ad

776 1727 980 1789 forum
1010 1724 1423 1787 conscientiae.

1264 2145 1671 2233 steilo
1744 2144 1821 2227 V.

980 2457 1095 2534 Qui
1116 2474 1191 2516 ex
1217 2458 1550 2515 testamento
1576 2449 1835 2532 accipere
1852 2446 2098 2530 possint.

857 2726 1065 2788 Pfimo
1097 2721 1476 2803 quicumque
1524 2717 1603 2778 ο1)
1633 2716 1868 2776 crimen
1915 2712 2133 2775 testari
2179 2730 2303 2772 non

779 2823 1005 2902 potest,
1037 2835 1152 2876 nec
1179 2819 1385 2894 potest
1411 2811 1600 2872 etiam
1629 2827 1702 2869 ex
1733 2810 2106 2869 testamento
2139 2805 2304 2866 acci-

779 2931 951 2993 pere,
984 2916 1054 2972 ut
1081 2909 1265 2969 docet
1283 2907 1488 2985 glossa
1516 2903 1640 2964 inl.
1673 2901 1733 2963 Is
1753 2901 1865 2972 cui,
1900 2902 1962 2960 ff.
1997 2899 2103 2980 qui
2127 2907 2307 2959 testa-

777 3013 969 3067 menta
994 3004 1188 3084 facere
1205 3006 1468 3081 possunt,
1521 3001 1584 3057 et
1627 2995 1913 3056 doctores
1956 2991 2305 3053 communi-

776 3103 874 3161 ter
899 3102 1057 3160 teste
1084 3094 1248 3157 Julio
1278 3091 1479 3167 Clam,
1532 3091 1753 3168 quaest.
1787 3103 1998 3148 xxxlv.
2032 3084 2101 3145 de
2129 3092 2306 3145 testa·

775 3191 1003 3254 mentis.

856 3279 1144 3346 Secundo
1198 3275 1494 3351 haeretici,
1537 3278 1599 3336 et
1644 3277 1944 3352 apostatae
1988 3273 2030 3333 1.
2074 3274 2183 3332 fin.
2231 3272 2299 3333 C.

773 3376 843 3438 de
869 3372 1175 3449 haeretic-22³,
1206 3372 1249 3431 1.
1281 3369 1377 3432 Ibi
1404 3367 1509 3449 qui
1528 3375 1810 3443 sanctam,
1842 3368 1907 3428 C.
1940 3365 2010 3427 de
2048 3367 2101 3427 A
2108 3378 2303 3447 posta-

773 3470 868 3531 τῖε.
902 3470 1058 3530 Item
1087 3463 1524 3526 haereticorum
1554 3458 1902 3535 eredentes,
1921 3464 2297 3541 receptores,

772 3562 1151 3634 defensoreS‚
1175 3558 1472 3630 fautorm,
1492 3553 1544 3614 si
1571 3553 1736 3614 intra
1763 3570 1993 3611 annum
2027 3570 2149 3613 non
2172 3573 2304 3634 poe-

772 3653 1070 3716 nituerint
1097 3656 1159 3712 et
1185 3645 1617 3721 satisfecerint,
1643 3663 1719 3704 ex
1745 3644 2122 3705 Anthentica
2151 3649 2306 3707 Fre-

769 3747 964 3808 derici
1006 3746 1295 3823 imperat.
1343 3742 1408 3802 C.
1461 3737 1530 3798 de
1569 3737 1875 3806 lzoereticis,
1939 3740 2001 3797 et
2043 3757 2117 3799 ex
2159 3758 2301 3819 cap.

770 3839 1163 3900 Excommun.
1198 3838 1254 3896 l.
1288 3833 1345 3912 ἓ.
1383 3829 1717 3906 Credentes,
1750 3828 1821 3890 de
1846 3829 2154 3893 hoereticis.

849 3931 1058 3993 Tertio
1089 3929 1196 4009 qui
1242 3927 1706 4005 persequuntur
1733 3922 2117 4001 CardinaleS,
2172 3944 2304 3987 eos-

771 4043 893 4105 que
935 4021 1312 4103 percutiunt,
1359 4036 1413 4079 c.
1446 4016 1675 4098 soelict‘s,
1709 4015 1779 4075 de
1816 4016 2022 4097 poents,
2066 4017 2175 4078 lib.
2210 4035 2297 4079 v1.

772 4135 895 4198 quo
926 4133 1073 4177 casu
1102 4116 1166 4175 et
1212 4112 1371 4188 aliia,
1428 4110 1654 4190 quibus
1684 4108 1746 4167 in
1787 4127 2042 4187 poenam
2092 4110 2304 4172 delicti

769 4211 907 4272 haec
932 4205 1314 4287 incapacitas
1357 4203 1666 4277 statuitur,
1717 4219 1842 4261 non
1889 4203 2089 4262 teneri
2135 4203 2302 4282 ipsos

771 4321 807 4364 a
853 4300 1247 4363 successione
1301 4296 1612 4358 abstinere
1646 4299 1790 4354 ante
1819 4296 2195 4356 sententiam
2239 4297 2304 4356 in

770 4397 905 4457 foro
948 4392 1367 4465 conscientiae,
1412 4388 1640 4449 docent
1666 4388 1899 4450 Molina
1941 4387 2100 4467 disp.
2137 4405 2296 4452 cuv.

772 4494 835 4551 et
859 4488 1107 4550 Lessius
1136 4484 1285 4545 dub.
1322 4500 1380 4545 v.
1417 4500 1589 4541 num.
1624 4484 1722 4542 52.

852 4583 1084 4655 Quarto
1114 4577 1384 4639 hostium
1413 4575 1695 4636 civitates
1722 4592 1847 4633 non
1878 4579 2138 4652 possunt
2173 4576 2303 4636 hae—

772 4675 955 4737 redes
984 4671 1247 4746 institui,
1279 4669 1320 4729 l.
1368 4666 1663 4744 Omnibus,
1710 4668 1773 4726 ff.
1825 4666 1906 4727 ad
1947 4667 2295 4729 Trebellian.

773 4785 888 4828 nec
917 4763 1334 4827 communitas
1360 4763 1392 4823 J
1403 4761 1746 4821 udaeorum.
1781 4759 1950 4838 apud
1980 4779 2090 4821 nos
2109 4761 2301 4822 etiam

770 4856 1317 4932 commorantium,
1351 4855 1472 4932 leg.
1507 4868 1552 4913 1.
1588 4854 1654 4914 C.
1688 4849 1758 4911 de
1802 4850 2046 4913 Judoez‘s.
2084 4855 2299 4933 Neque

770 4952 1106 5030 collegium
1134 4946 1443 5023 illicitum,
1475 4945 1725 5023 l.·111.§.
1760 4942 1831 5004 In
1854 4963 2099 5022 summa,
2137 4948 2198 5007 ff.
2232 4945 2302 5006 de

768 5043 1026 5123 colleqit's
1084 5039 1326 5101 illimis.
1387 5038 1607 5100 Clerici
1648 5038 1844 5097 *etiam
1891 5037 2301 5115 prohibentur

768 5135 1085 5213 haeredem
1112 5132 1435 5194 instituere
1458 5129 1847 5205 haereticum,
1860 5129 1965 5189 'vel
1982 5148 2301 5209 paganum

769 5229 959 5290 etiam
1014 5224 1587 5305 consanguineum,
1661 5226 1724 5283 et
1785 5222 2297 5284 anathematizari

767 5318 1216 5402 praecipiuntur
1257 5319 1400 5396 post
1453 5317 1760 5389 mortem,
1811 5309 1864 5374 si
1906 5313 2202 5393 fecerint,
2235 5334 2293 5378 c.

769 5413 848 5476 Si
870 5413 998 5495 quis
1026 5411 1342 5492 episcopus,
1395 5412 1458 5469 et
1485 5425 1540 5468 c.
1587 5406 1660 5467 ln
1700 5425 1813 5481 808,
1862 5405 1931 5466 de
1980 5406 2288 5473 Izaereticae's.

2409 411 2641 471 Servus
2670 409 2819 470 item
2850 428 2974 470 non
3004 411 3209 488 potest
3255 408 3455 468 haeres
3485 406 3722 468 institui
3753 425 3792 467 a
3824 405 3943 465 do-

2408 502 2578 562 mina
2626 503 2937 581 pendente
2989 502 3388 564 accusatione
3435 499 3727 562 adulterii
3755 500 3836 559 ab
3867 516 3942 560 eo

2409 613 2549 655 cum
2593 595 2729 673 ipsa
2773 596 3110 672 commissi,
3160 597 3216 675 ἓ.
3256 594 3371 655 E'st
3398 602 3599 653 autem
3626 612 3810 669 casus,
3844 593 3945 652 in-

2406 687 2532 748 stit.
2571 686 2640 747 de
2672 687 2947 749 hoeredib.
2982 688 3116 750 inst.

2489 780 2714 852 Quinto
2764 799 2979 840 servus
3028 780 3227 841 hoeres
3274 779 3510 841 institui
3558 798 3679 840 non
3712 781 3939 856 potest,

2408 873 2583 949 cujus
2613 872 2903 932 dominus
2924 873 3161 934 institui
3191 892 3312 933 non
3346 877 3573 952 posset,
3606 873 3647 933 l.
3670 873 3804 933 Non
3831 870 3946 930 mi-

2405 983 2532 1040 nus,
2561 966 2621 1026 ff.
2644 964 2713 1025 de
2737 964 3010 1026 koeredib.
3044 966 3179 1027 inst.
3205 966 3384 1026 Valet
3411 971 3620 1026 tamen
3638 963 3944 1026 institutio

2405 1057 2594 1133 facta,
2629 1057 2682 1118 si
2714 1077 2932 1118 servus
2961 1059 3385 1120 manumissus
3416 1059 3517 1135 sit,
3552 1059 3648 1119 vel
3679 1057 3758 1118 ad
3789 1058 3946 1118 alte-

2407 1150 2535 1209 rius
2577 1149 2814 1210 domini
2861 1152 3109 1230 capacis
3159 1156 3534 1230 potestatem
3578 1151 3847 1225 venerit,
3893 1149 3936 1210 1.

2406 1242 2723 1320 Siservus,
2760 1242 2826 1303 ff.
2877 1242 2946 1304 de
2985 1245 3212 1325 acquir.
3264 1243 3618 1305 haereditate.
3678 1241 3941 1318 Quando

2406 1334 2696 1396 dominus
2735 1336 3059 1414 proprium
3106 1356 3356 1397 servum
3406 1336 3723 1397 haeredem
3766 1335 3937 1412 facit,

2405 1434 2694 1489 censetur
2721 1428 2988 1489 liberum
3018 1429 3389 1509 relinquere,
3416 1430 3457 1490 l.
3482 1448 3627 1508 pen.
3661 1429 3721 1488 in
3735 1429 3935 1508 princ.

2405 1521 2472 1581 C.
2524 1518 2592 1579 de
2635 1521 2969 1581 necessariis
3008 1522 3189 1582 servis
3228 1521 3442 1582 lzoered.
3499 1522 3632 1583 inst.
3684 1522 3844 1582 sicut
3887 1520 3939 1580 si

2407 1632 2551 1674 eum
2579 1617 2852 1675 tutorem
2882 1615 2988 1676 filii
3019 1614 3450 1693 suirelinquit,
3469 1615 3733 1675 liberum
3751 1614 3942 1675 etiam

2405 1707 2574 1783 facit,
2618 1706 2738 1767 nisi
2783 1726 2896 1786 per
2941 1726 3220 1768 errorem
3262 1708 3325 1767 id
3370 1707 3587 1768 fecerit
3625 1705 3942 1767 credendo

2407 1817 2552 1859 eum
2582 1817 2716 1859 esse
2763 1799 3051 1876 liberum,
3100 1818 3223 1879 quo
3255 1819 3404 1861 casu
3452 1818 3565 1861 nec
3593 1800 3771 1876 liber,
3824 1816 3943 1859 nec

2403 1895 2573 1954 tutor
2611 1893 2745 1965 erit,
2808 1892 2951 1953 inst.
2996 1911 3094 1974 qut
3150 1901 3486 1953 testamento
3547 1901 3763 1953 tutores
3807 1892 3950 1953 dari

2394 1984 2625 2065 possint
2653 1984 2717 2044 in
2745 1984 3074 2064 principio.
3125 1988 3375 2047 Fratres
3421 1986 3609 2046 etiam
3638 1987 3935 2062 minoreS,

2405 2081 2514 2137 aut
2541 2077 2804 2155 professi
2834 2083 3061 2138 nostrae
3092 2078 3428 2155 societatiS,
3474 2080 3571 2139 vel
3617 2079 3939 2159 coadjuto-

2405 2188 2505 2231 res
2550 2170 2801 2230 formati
2845 2170 3128 2231 haeredes
3175 2171 3413 2233 institui
3453 2191 3574 2232 non
3623 2175 3937 2251 possunt:

2407 2261 2630 2323 domus
2659 2265 2869 2322 tamen
2901 2264 3198 2341 professa:
3239 2267 3467 2325 nostrae
3498 2283 3760 2345 capaces
3794 2269 3941 2327 sunt

2407 2353 2809 2416 haereditatiS.

2486 2447 2594 2507 His
2624 2447 2772 2507 addi
2800 2452 3061 2525 possunt
3090 2448 3196 2509 alii
3226 2466 3429 2523 casus,
3478 2450 3542 2508 in
3572 2450 3798 2529 quibus
3827 2450 3936 2510 ali-

2406 2540 2510 2620 qui
2557 2539 2972 2601 excluduntur
3016 2560 3055 2600 a
3106 2540 3285 2601 bonis
3332 2541 3627 2603 defuncti.
3691 2543 3936 2603 Primus

2405 2638 2517 2709 est,
2569 2633 2820 2712 quando
2865 2636 3227 2694 testatorem
3280 2635 3505 2696 occidit
3549 2635 3793 2715 aliquis,
3828 2635 3935 2715 qui

2405 2745 2478 2787 eo
2507 2726 2639 2804 ipso
2657 2724 2736 2785 ab
2755 2726 2938 2786 occisi
2961 2726 3325 2790 haereditate
3348 2728 3716 2805 excluditur,
3755 2729 3795 2790 1.
3819 2731 3930 2790 ult.

2404 2820 2460 2897 ἓ.
2483 2819 2596 2880 ult.
2628 2819 2694 2879 ff.
2728 2817 2798 2878 de
2826 2816 2985 2879 bonis
3013 2818 3439 2882 damnatorum.
3476 2821 3805 2883 Dubitatur
3833 2841 3942 2883 au·

2404 2918 2532 2974 tem
2561 2929 2640 2971 an
2671 2911 3005 2973 haereditas
3036 2913 3380 2992 applicetur
3406 2914 3577 2990 fisco,
3604 2933 3681 2974 an
3707 2916 3783 2974 ad
3807 2915 3940 2975 hae-

2405 3004 2587 3066 redes
2617 3003 2770 3064 alios
2799 3004 2879 3064 ab
2927 3004 3238 3066 intestatO.
3287 3007 3502 3068 Plures
3547 3006 3763 3069 dicunt
3810 3027 3939 3069 non

2407 3097 2706 3178 applicari
2733 3097 2907 3172 fisc0,
2944 3098 3052 3158 sed
3084 3098 3301 3159 haberi
3332 3099 3649 3160 haeredem
3677 3120 3787 3179 pro
3809 3119 3936 3162 non

2405 3192 2657 3271 script0,
2710 3190 2961 3270 quando
3024 3191 3225 3252 haeres
3270 3194 3653 3255 voluntarius
3704 3199 3840 3256 est:
3881 3195 3940 3255 si

2405 3301 2552 3344 vero
2582 3283 2662 3344 sit
2687 3283 3093 3360 necessariuS,
3125 3285 3391 3345 transire
3423 3285 3503 3345 ad
3530 3288 3771 3347 fiscum.
3804 3289 3940 3350 Un-

2406 3376 2481 3436 de
2509 3375 2825 3459 sequitur,
2846 3376 3095 3455 quando
3144 3378 3516 3456 applicanda
3545 3398 3667 3440 non
3698 3383 3790 3440 est
3828 3380 3943 3440 fis·-

2404 3485 2499 3544 00,
2533 3486 2657 3527 non
2705 3469 2940 3547 requiri
2986 3470 3381 3547 sententiam,
3431 3472 3536 3532 sed
3588 3472 3721 3551 ipso
3770 3472 3936 3534 facto

2404 3560 2719 3621 haeredem
2748 3579 2882 3621 esse
2916 3561 3283 3640 incapacem
3327 3564 3699 3643 accipiendi,
3735 3570 3796 3625 et
3823 3564 3939 3625 de-

2402 3653 2549 3713 bere
2580 3653 2643 3712 in
2673 3653 3054 3713 conscientia
3084 3655 3457 3735 relinquere.
3509 3659 3684 3718 Hanc
3720 3661 3940 3717 tenent

2403 3745 2631 3823 plures,
2667 3763 2824 3824 quos
2852 3745 2975 3805 late
3005 3745 3195 3806 refert
3232 3747 3460 3808 Sanch.
3495 3748 3557 3808 d.
3592 3748 3699 3809 lib.
3734 3751 3835 3811 IV.
3870 3767 3929 3810 c.

2404 3856 2444 3901 1.
2480 3850 2550 3898 ae
2591 3838 2963 3914 testamentiS,
3013 3837 3164 3899 dub.
3217 3855 3475 3901 xxxvm.
3533 3860 3706 3902 num.
3756 3845 3815 3901 4.
3870 3845 3942 3902 et

2401 3931 2704 4010 probatur
2730 3949 2804 3989 ex
2832 3931 2873 3991 l.
2911 3931 2989 3991 Si
3011 3929 3083 3990 ab
3113 3930 3368 3992 hostibus
3396 3933 3452 4014 ξ.
3489 3934 3568 3993 Si
3598 3933 3710 3994 vir.
3746 3936 3807 3994 ff.
3838 3954 3940 3994 so—

2402 4023 2523 4084 luto
2584 4023 2842 4083 matrim.
2897 4023 3004 4083 ubi
3054 4022 3331 4086 dicitur:
3379 4026 3498 4087 «Si
3532 4026 3627 4087 vir
3673 4046 3937 4087 uxorem

2401 4135 2579 4176 suam
2625 4115 2943 4190 occiderit,
2998 4115 3163 4176 dotis
3212 4118 3523 4178 actionem
3579 4119 3939 4180 haeredihus

2351 4261 2358 4269 .
2401 4209 2612 4269 uxoris
2642 4208 2918 4269 dandam
2947 4227 3101 4282 esse,
3124 4211 3422 4271 Proculus
3450 4212 3557 4287 ait,
3586 4217 3647 4272 et
3675 4217 3862 4273 recte.
3892 4236 3926 4271 ι)

2401 4301 2574 4362 ldem
2607 4320 2756 4380 ergo
2788 4301 3125 4361 dicendum
3155 4307 3249 4364 est
3276 4303 3353 4363 de
3384 4304 3770 4379 haeredItate.

2483 4394 2774 4456 Secunda
2818 4395 3128 4456 sententia
3157 4396 3329 4473 dicit,
3380 4396 3692 4476 pertinere
3723 4397 3801 4458 ad
3829 4398 3942 4459 fis-

2403 4504 2567 4562 cum,
2602 4488 2703 4547 cui
2731 4491 2988 4566 propter
3013 4487 3311 4548 delictum
3342 4489 3609 4551 haeredis
3658 4491 3941 4569 applica-

2400 4584 2523 4641 tur.
2558 4582 2733 4640 Hanc
2760 4584 2975 4641 tenent
3001 4580 3276 4658 plurimi,
3312 4599 3467 4661 quos
3495 4585 3778 4662 congerit
3803 4584 3933 4645 late

2403 4675 2465 4732 et
2503 4671 2970 4749 sequituridem
3000 4673 3230 4735 Sanch.
3265 4678 3326 4735 et
3347 4676 3633 4735 eamdem
3651 4677 3938 4754 sequitur

2401 4764 2547 4824 Mol.
2583 4768 2652 4824 ut
2676 4769 2873 4824 certm
2903 4763 2964 4825 d.
2995 4780 3285 4827 ctxxvm.
3309 4767 3365 4825 in
3390 4768 3587 4846 princ.
3612 4772 3938 4830 etconstat

2403 4875 2475 4916 ex
2506 4856 2569 4919 d.
2601 4856 2763 4916 Lult.
2800 4857 2862 4916 ff.
2897 4855 2968 4916 de
2993 4855 3151 4918 bonis
3171 4857 3598 4922 damnatorum.
3632 4861 3809 4923 Unde
3839 4861 3933 4921 in-

2399 4948 2607 5009 ferunt
2634 4967 2758 5009 non
2789 4967 2923 5008 esse
2970 4949 3286 5011 haeredem
3331 4952 3793 5015 interfectorem
3841 4952 3937 5013 in·-

2400 5048 2719 5118 capacem,
2770 5040 2880 5101 sed
2923 5059 3105 5119 posse
3154 5042 3586 5106 haereditatem
3632 5047 3926 5121 retinere,

2400 5133 2570 5212 quod
2602 5132 2770 5192 enim
2796 5132 2945 5195 fisco
2996 5135 3347 5213 applicatur
3375 5137 3656 5198 aufertur
3697 5137 3937 5199 haeredi

2397 5231 2468 5287 ut
2493 5225 2776 5303 indignO,
2811 5229 2997 5305 atque
3027 5226 3169 5288 ideo
3200 5227 3262 5288 in
3292 5248 3571 5308 poenam,
3611 5249 3750 5311 quae
3784 5236 3934 5294 ante

2395 5321 2767 5380 sententiam
2798 5336 2924 5378 non
2952 5319 3237 5397 debetur,
3271 5326 3342 5383 ut
3368 5321 3524 5384 dixit
3537 5324 3769 5386 Molina
3793 5326 3934 5387 loco

2393 5411 2605 5473 citato.
2636 5411 2692 5490 ἓ.
2728 5410 3058 5473 Secundum
3086 5425 3189 5487 est,
3215 5419 3279 5476 et
3297 5415 3521 5494 probat
3545 5417 3671 5478 late
3693 5418 3929 5482 Sanch.

4110 2458 4194 2518 75

4058 2583 4183 2635 Qum
4215 2596 4227 2625 ι

4047 2638 4227 2680 occider

4014 2692 4074 2731 tn.
4082 2697 4227 2733 stator·
