4263 6376
1227 345 1696 406 DISPUTATIO
1741 345 1956 422 XXIV,
2008 346 2283 406 SEC'PIO
2335 347 2485 408 Vlll.

266 538 423 596 men,
454 538 599 582 meo
624 521 891 600 judicic,
922 541 1046 583 non
1072 523 1375 602 procedit,
1412 524 1662 603 quando
1692 541 1799 602 pa-

265 620 354 674 ter
379 614 555 676 dedit
578 614 716 676 filio
748 616 1106 694 pecuniam,
1138 636 1262 697 qua
1293 617 1428 678 haec
1457 617 1575 677 sibi
1602 617 1791 693 licite,

263 706 355 766 vel
382 707 573 768 etiam
601 707 818 770 illicite
848 715 1210 787 procuraret
1242 731 1255 771 :
1306 713 1454 770 tunc
1493 710 1659 770 enim
1688 729 1800 789 pe-

262 799 439 861 cunia
468 800 605 879 ipsa
628 846 645 878 ,
700 806 771 864 ut
797 802 1101 880 diximus,
1154 804 1387 864 donata
1416 808 1511 865 est
1539 804 1618 864 ob
1648 822 1798 864 cau-

261 910 410 967 sam,
448 898 510 954 et
537 894 916 956 donationes
944 896 1023 957 ob
1052 914 1305 956 causam
1337 896 1542 956 afferri
1565 896 1799 957 debent

260 986 320 1046 in
347 985 772 1064 collationem,
798 989 912 1048 nisi
942 993 1183 1051 constet
1210 990 1287 1050 de
1315 990 1656 1052 intentione
1685 1009 1798 1070 pa·-

263 1079 364 1139 tris
417 1081 760 1143 contraria.
841 1082 1104 1155 Quando
1161 1088 1372 1144 autem
1426 1087 1610 1164 pater
1663 1084 1795 1161 ipse

259 1177 537 1251 sumptus
573 1173 718 1235 illos
764 1175 1043 1252 fecisset,
1096 1176 1249 1238 nihil
1297 1177 1485 1240 debet
1529 1177 1797 1238 conferri

261 1271 361 1326 aut
388 1269 787 1345 computari,
838 1270 984 1349 quia
1013 1269 1077 1329 in
1106 1270 1436 1332 collatione
1483 1270 1546 1330 id
1593 1271 1795 1331 solum

259 1357 439 1421 debet
464 1361 677 1420 afferri
704 1408 719 1439 ,
753 1362 922 1442 quod
949 1363 1113 1424 filius
1139 1382 1177 1425 a
1205 1369 1382 1443 patre
1410 1366 1508 1426 vel
1539 1364 1673 1445 ejus
1702 1365 1798 1425 in-

246 1451 408 1512 tuitu
439 1454 691 1531 accepit
723 1474 737 1515 ε
769 1455 934 1516 filius
963 1459 1173 1517 autem
1203 1476 1326 1519 non
1357 1457 1599 1537 aceepit
1627 1475 1795 1518 sum-

258 1549 392 1624 ptus
417 1545 578 1622 illos,
602 1548 720 1608 sed
747 1549 886 1610 aliae
915 1569 1198 1629 persona)
1228 1551 1453 1630 quibus
1480 1555 1660 1631 pater
1687 1551 1797 1611 de-

259 1638 345 1700 dit
376 1660 389 1700 :
422 1639 806 1703 beneficium
836 1648 1079 1721 autem,
1127 1645 1296 1723 quod
1338 1645 1498 1705 filius
1528 1644 1792 1724 accepit,

259 1732 461 1808 etiam,
497 1736 760 1813 quando
804 1737 968 1798 lielte
1016 1742 1079 1798 et
1106 1737 1310 1798 valide
1338 1739 1613 1816 accepit,
1670 1757 1794 1798 non

259 1826 437 1887 debet
480 1828 543 1887 in
594 1828 999 1892 collationem
1046 1835 1109 1892 et
1137 1833 1668 1909 computationem
1701 1833 1791 1892 af-

254 1927 415 2000 ferri;
449 1945 604 2005 ergo
638 1925 799 1986 nihil
827 1930 921 1986 est
951 1924 1118 2004 quod
1150 1923 1417 1985 conferri
1447 1925 1666 2003 possit.
1702 1927 1790 1985 De

262 2020 438 2081 feudo
477 2020 633 2081 item
655 2065 672 2093 ,
726 2018 895 2098 quod
923 2022 1216 2097 parentes
1243 2017 1371 2080 filio
1402 2022 1791 2097 comparant,

257 2113 350 2173 vel
378 2111 816 2192 emphyteusi,
850 2110 1186 2172 dicendum
1216 2115 1346 2188 est,
1390 2112 1657 2173 conferri
1690 2112 1798 2171 de-

260 2207 421 2284 bere,
455 2225 530 2267 us
559 2224 712 2267 cum
740 2205 876 2266 aliis
904 2208 1189 2286 vasquez
1221 2225 1326 2266 nu.
1365 2209 1499 2266 161.

331 2300 605 2360 Infertur
639 2302 865 2360 octavo
885 2345 900 2376 ,
936 2299 1087 2378 quid
1117 2298 1453 2359 dicendum
1482 2299 1563 2359 sit
1590 2298 1667 2358 de
1696 2298 1790 2372 iis,

158 2443 191 2470 Ἠ
259 2410 391 2471 quae
419 2393 587 2452 filius
617 2395 700 2452 de
728 2391 910 2451 bonis
938 2391 1132 2470 patris
1160 2391 1625 2468 viventi3,male
1656 2410 1799 2453 con-

158 2497 199 2579 su
257 2485 550 2565 sumpsit?
603 2487 909 2546 Doctores
956 2484 1373 2545 communiter
1413 2503 1569 2564 quos
1619 2486 1798 2546 affert

258 2580 459 2641 Molin.
486 2578 653 2659 disp.
676 2594 898 2642 ccxml.
929 2578 1144 2639 dicunt
1173 2577 1471 2639 debere'a
1491 2578 1617 2639 filio
1649 2596 1796 2638 con-

157 2657 175 2684 ‘'
260 2672 417 2748 ferri,
470 2675 535 2734 et
581 2671 938 2751 computari
967 2671 1031 2731 in
1057 2675 1301 2750 partem
1328 2670 1646 2750 legitimae,
1679 2670 1798 2731 nisi

261 2771 429 2843 pater
476 2766 539 2825 in
572 2766 708 2827 vita
754 2765 1192 2826 condonasset.
1253 2763 1424 2826 Talia
1468 2767 1613 2825 sunt
1657 2783 1796 2843 quse

260 2858 412 2917 filius
442 2858 692 2919 occulte
723 2858 989 2936 accipit,
1039 2862 1150 2918 aut
1194 2857 1272 2917 de
1304 2857 1589 2936 expensis
1635 2857 1797 2918 datis

261 2951 367 3011 sibi
394 2952 475 3012 ad
505 2952 721 3012 studia
766 2950 1154 3030 consumpsit
1180 2950 1243 3010 in
1273 2950 1420 3010 ludo
1446 2997 1462 3027 ,
1512 2950 1798 3012 meretri-

260 3045 530 3122 cibus‚fet
559 3045 703 3105 aliis
732 3043 1060 3105 similibus·
1093 3043 1323 3104 Molina
1351 3043 1547 3120 addit,
1566 3044 1791 3123 prime,

262 3138 502 3218 quando
532 3157 664 3199 non
691 3136 1027 3216 insumpsit
1050 3136 1216 3198 filius
1244 3136 1406 3198 male
1424 3136 1584 3200 ultra
1605 3156 1797 3217 quan-

260 3233 492 3293 titatem
522 3250 719 3312 quam
748 3236 929 3310 pater
964 3230 1145 3292 daret
1189 3230 1270 3292 ad
1311 3230 1446 3310 ejus
1492 3235 1796 3293 sustenta-

262 3326 484 3387 tionem
523 3330 588 3387 et
618 3325 952 3386 honestam
989 3324 1444 3386 recreationem
1468 3371 1484 3401 ‚
1537 3342 1659 3385 non
1703 3328 1797 3386 te-

262 3420 384 3477 neri
426 3419 507 3479 ad
537 3418 1003 3481 restitutionem
1031 3417 1132 3478 vel
1158 3418 1555 3479 collationem
1580 3464 1595 3494 ,
1650 3419 1797 3497 quia

263 3512 399 3573 licet
426 3517 607 3591 pater
637 3512 826 3573 fuerit
852 3512 1085 3573 invitus
1115 3511 1325 3590 quoad
1352 3512 1636 3584 modum,
1669 3530 1791 3571 non

263 3609 459 3665 tamen
491 3605 707 3685 quoad
732 3605 1168 3665 substantiam.
1205 3604 1517 3681 Secunde,
1551 3604 1795 3665 etiamsi

263 3702 431 3775 pater
456 3699 694 3760 invitus
724 3698 805 3758 sit
835 3696 1044 3776 quoad
1073 3696 1509 3773 substantiam,
1543 3701 1605 3758 et
1631 3697 1795 3757 filius

260 3790 562 3852 lethaliter
608 3794 829 3868 peccet
887 3790 974 3851 ita
1030 3789 1400 3851 insumendo
1444 3791 1573 3867 illa⁸
1601 3791 1789 3868 bona,

262 3901 377 3942 non
423 3902 677 3962 semper
718 3882 948 3943 debere
995 3882 1206 3943 afferri
1235 3882 1315 3942 ad
1343 3883 1738 3944 collationem
1774 3903 1788 3945 ε

262 3978 502 4055 quando
543 3977 716 4037 enim
757 3976 1065 4056 ejusmodi
1112 3980 1397 4054 sumptus
1444 3996 1568 4038 non
1609 3978 1791 4038 valde

262 4070 593 4147 excedunt,
645 4088 785 4130 raro
825 4072 1006 4148 pater
1032 4069 1311 4147 obligare
1340 4070 1474 4131 vult
1502 4070 1581 4129 ad
1608 4070 1793 4130 colla-

260 4162 483 4223 tionem
511 4166 736 4242 postea
763 4162 1137 4222 faciendam.
1172 4161 1376 4234 Quare
1406 4162 1454 4222 si
1473 4162 1634 4223 filius
1663 4182 1792 4224 cer·

261 4258 353 4315 tus
389 4257 468 4317 sit
512 4256 599 4315 de
649 4254 753 4315 tali
801 4258 1185 4334 praesumpta
1223 4255 1542 4316 voluntate
1600 4256 1793 4333 patris

263 4349 457 4410 adhuc
486 4348 759 4411 viventis
785 4394 801 4423 ,
853 4366 976 4409 non
1007 4351 1101 4409 est
1127 4348 1449 4427 cogendus
1478 4349 1556 4408 ad
1588 4350 1792 4409 confe-

262 4442 552 4516 rendum;
587 4441 838 4521 quando
860 4460 1009 4502 vero
1037 4441 1302 4518 dubitat,
1324 4441 1644 4520 cogendus
1674 4446 1787 4519 est,

264 4535 371 4595 nisi
383 4537 612 4598 fratres
642 4535 1031 4597 tantumdem
1060 4534 1411 4595 inordinate
1432 4536 1790 4613 insumpsis-

264 4633 392 4689 sent
422 4650 435 4690 :
482 4630 675 4690 datur
704 4629 870 4689 enim
898 4629 1071 4689 locus
1101 4628 1618 4706 compensationi.
1668 4631 1792 4689 Nec

266 4721 492 4798 obstat,
551 4722 784 4784 donata
814 4741 850 4782 a
881 4727 1058 4800 patre
1100 4720 1329 4781 debere
1376 4720 1679 4797 conferri,
1732 4726 1798 4801 et⁸

265 4816 778 4877 condonationem
826 4815 996 4876 illam
1044 4832 1191 4875 esse
1227 4814 1569 4893 quamdam
1598 4814 1792 4875 dona-

264 4907 486 4969 tionem
526 4928 540 4969 :
575 4908 807 4969 donata
848 4907 1015 4969 enim
1057 4925 1182 4967 non
1220 4906 1456 4968 debent
1498 4908 1786 4983 conferri,

268 5002 508 5079 quando
540 5005 720 5080 pater
748 5019 871 5061 non
902 5001 1034 5061 vult
1074 5000 1376 5072 conferri3
1424 5004 1486 5061 et
1513 4999 1648 5060 haec
1679 5000 1792 5060 do-

268 5095 421 5155 natio
472 5113 601 5155 non
648 5099 744 5154 est
783 5093 1131 5155 inofficiosa
1158 5093 1295 5153 aliis
1323 5093 1464 5153 filiis
1511 5112 1524 5152 :
1586 5111 1790 5154 sermo

265 5187 419 5247 enim
445 5190 545 5249 est
572 5187 649 5247 de
679 5192 858 5267 patre
878 5232 893 5263 ,
945 5187 1053 5266 qui
1082 5186 1247 5247 intra
1273 5186 1501 5246 limites
1529 5186 1791 5245 alimen-

266 5283 459 5341 torum
480 5282 664 5360 juxta
692 5298 876 5340 suam
902 5279 1328 5341 conditionem
1357 5283 1564 5358 potest
1590 5282 1791 5340 totum

268 5370 404 5432 illud
433 5374 583 5433 dare
616 5373 719 5434 uni
749 5371 873 5432 filio
902 5390 1032 5451 prae
1063 5373 1221 5449 aliis,
1255 5391 1399 5433 cum
1428 5391 1551 5433 non
1582 5377 1789 5433 tenea-

268 5468 359 5523 tur
384 5465 647 5546 aequalia
675 5465 974 5526 alimenta
1002 5465 1290 5526 omnibus
1321 5465 1629 5543 praebere.
1668 5464 1791 5525 Ad-

270 5555 343 5617 do
371 5577 512 5637 ego,
564 5558 735 5619 idem
784 5557 1122 5620 dicendum
1169 5558 1219 5619 si
1262 5561 1548 5637 sumptus
1575 5557 1663 5618 illi
1690 5576 1789 5618 se-

3328 353 3430 409 121

1897 524 2172 584 cundum
2203 524 2374 583 illam
2404 523 2816 602 quantitatem
2844 524 3085 604 possint
3111 525 3246 585 fieri
3275 545 3314 586 a
3334 546 3437 606 pa·

1895 620 1988 678 tre
2019 618 2154 677 sine
2181 617 2411 697 injuria
2437 617 2733 695 filiorum,
2777 624 2841 680 et
2869 618 3090 679 donari
3120 620 3436 699 quantitas

1896 711 2000 771 illa
2029 711 2217 770 alicui
2246 715 2543 771 extraneo
2594 731 2607 771 :
2642 715 2791 772 tunc
2819 711 2985 771 enim
3015 715 3221 789 potest
3249 713 3438 774 etiam

1896 804 2185 863 eamdem
2200 804 2609 882 quantitatem
2640 804 2996 864 condonare
3025 805 3151 864 filio
3182 809 3439 884 propter

1897 896 2501 958 administrationem
2557 915 2747 976 quam
2799 897 2991 959 habet
3035 897 3436 976 propriorum

1894 990 2202 1051 bonorum
2234 1008 2377 1051 cum
2404 990 2699 1053 facultate
2748 990 2938 1052 etiam
2965 990 3289 1052 moderate
3320 990 3432 1053 do-

1895 1083 2109 1144 nandL

1978 1178 2260 1239 Praedieti
2290 1183 2501 1240 tamen
2534 1178 2823 1240 doctores
2871 1195 2995 1238 non
3037 1177 3436 1256 distinguunt

1895 1273 1972 1333 de
2002 1273 2387 1351 consumptis
2414 1291 2453 1333 a
2479 1272 2606 1333 filio
2638 1289 2780 1333 cum
2810 1267 3066 1350 peccato
3089 1317 3104 1348 ,
3154 1271 3252 1331 vel
3300 1271 3433 1330 sine

1893 1370 2152 1445 peccato
2182 1369 2439 1444 propter
2464 1364 3015 1427 inadvertentiam:
3037 1364 3239 1442 potuit
3267 1364 3434 1424 enim

1895 1457 2057 1518 tilius
2084 1459 2231 1517 ludo
2257 1505 2272 1535 ,
2309 1459 2403 1520 vel
2433 1459 2612 1519 aliter
2635 1476 2709 1518 ea
2736 1458 3050 1517 insumere
3081 1461 3296 1518 contra
3327 1475 3436 1516 vo-

1894 1553 2198 1613 luntatem
2228 1552 2455 1632 patriS,
2507 1553 2659 1614 etin
2691 1550 3126 1630 praejudicium
3168 1550 3435 1611 aliorum

1894 1645 2200 1722 filiorum,
2250 1645 2547 1723 ignorans
2576 1645 3018 1706 invincibiliter
3044 1644 3144 1704 vel
3176 1663 3299 1704 non
3329 1643 3436 1703 ad-

1895 1741 2143 1799 vertens
2172 1757 2238 1798 se
2267 1738 2331 1798 id
2360 1737 2647 1798 faciendo
2686 1754 2984 1817 peccare,
3030 1737 3226 1797 autin
3258 1755 3436 1796 suam

1893 1831 2238 1911 legitimam
2281 1831 2727 1911 computando.
2787 1830 2921 1903 Quo
2952 1848 3103 1890 casu
3146 1831 3335 1891 credo
3365 1831 3439 1890 fi-

1894 1925 2046 1985 lium
2075 1926 2157 1986 ad
2187 1925 2340 1985 nihil
2366 1924 2815 1985 conferendum
2834 1925 3056 2002 teneri,
3092 1923 3210 1983 nisi
3239 1924 3438 1984 factus

1895 2018 1973 2079 sit
1997 2018 2386 2098 locupletior,
2404 2022 2465 2080 et
2492 2017 2612 2079 hoc
2640 2018 2785 2082 licet
2812 2021 2991 2096 pater
3020 2035 3309 2096 expresse
3332 2022 3440 2077 aut

1896 2111 2080 2172 tacite
2107 2157 2121 2188 ‚
2175 2111 2272 2171 vel
2303 2110 2748 2190 praesumptive
2780 2129 2906 2170 non
2936 2109 3387 2171 condonaverit
3419 2129 3432 2170 :

1897 2222 2022 2264 non
2070 2205 2237 2264 enim
2285 2210 2379 2265 est
2426 2204 2673 2266 debitor
2713 2203 2908 2284 patris
2953 2221 3025 2262 ex
3051 2221 3120 2262 re
3152 2206 3432 2280 accepta,

1896 2315 2039 2357 cum
2065 2297 2201 2358 haec
2230 2315 2354 2357 non
2385 2301 2573 2374 extet,
2639 2315 2842 2376 neque
2872 2315 2948 2356 ex
2978 2296 3209 2374 injusta
3237 2295 3440 2357 laesio-

1898 2409 2006 2468 ne,
2056 2409 2200 2451 cum
2238 2409 2663 2470 supponamus
2712 2409 2834 2452 non
2879 2407 3173 2469 peccasse
3220 2391 3440 2450 contra

1889 2482 2220 2564 justitiam,
2244 2502 2392 2562 ergo
2425 2503 2499 2544 ex
2529 2485 2699 2544 nullo
2732 2483 2957 2563 capite.
2992 2483 3434 2560 Confirmatur,

1896 2577 2043 2658 qnia
2070 2577 2120 2636 si
2158 2577 2322 2636 filius
2370 2581 2596 2655 praeter
2639 2576 3049 2638 intentionem
3098 2582 3160 2638 et
3201 2576 3437 2655 absque

1895 2674 2155 2750 peccato
2184 2669 2906 2750 combussissetssdomum
2927 2669 3143 2747 patriS,
3170 2687 3295 2728 non
3329 2670 3440 2728 de-

1896 2765 2069 2826 beret
2095 2763 2376 2824 valorem
2403 2763 2567 2824 illius
2596 2763 2821 2823 domus
2843 2810 2858 2840 ,
2892 2781 3008 2822 nec
3039 2762 3340 2821 damnum
3372 2762 3441 2822 il·

1894 2857 2000 2918 lud
2023 2857 2307 2936 accipere
2336 2856 2400 2916 in
2427 2855 2793 2934 legitimam,
2820 2859 2890 2916 ut
2916 2855 3065 2916 illud
3100 2854 3432 2928 conferret,

1895 2968 2038 3012 cum
2060 2950 2284 3011 domus
2305 2968 2454 3010 casu
2482 2949 2735 3010 fortuito
2766 2953 2828 3010 et
2848 2949 3083 3028 absque
3105 2948 3238 3028 ejus
3256 2949 3437 3028 culpa

1895 3043 2200 3122 periisset.
2261 3042 2554 3123 Alioquin
2604 3043 2657 3103 si
2712 3043 2776 3102 in
2814 3043 3075 3103 infantia
3131 3042 3440 3104 intulisset

1895 3137 2198 3198 damnum
2213 3136 2388 3215 illud,
2409 3139 2878 3217 computaretur
2894 3136 2948 3197 ei
2984 3135 3044 3196 in
3062 3135 3429 3216 legitimam,

1895 3216 2063 3310 quod
2095 3231 2431 3291 ridiculum
2459 3234 2572 3291 est.
2611 3230 2878 3291 Perinde
2906 3235 3117 3293 autem
3147 3234 3242 3291 est
3271 3248 3432 3308 prae-

1895 3327 1988 3384 ter
2014 3323 2425 3384 intentionem
2454 3342 2821 3385 consumere
2847 3370 2862 3401 ,
2915 3328 2977 3385 et
3016 3324 3251 3404 absque
3293 3341 3434 3403 pec-

1895 3422 2034 3479 eato
2081 3435 2451 3478 consumere
2494 3421 2754 3496 propter
2782 3418 3204 3496 ignorantiam
3232 3418 3436 3477 invin-

1893 3511 2176 3585 cibilem;
2211 3527 2360 3588 ergo
2390 3527 2507 3570 nec
2536 3509 2598 3569 in
2627 3510 2901 3573 secundo
2931 3529 3078 3571 casu
3096 3511 3428 3572 tenebitur.

1972 3604 2243 3664 Infertur
2271 3620 2474 3679 none,
2528 3603 2679 3682 quid
2727 3603 3064 3664 dicendum
3111 3603 3190 3663 sit
3235 3602 3312 3662 de
3358 3602 3434 3663 iis

1895 3715 2033 3777 quae
2063 3697 2227 3756 filius
2246 3696 2522 3756 lucratus
2552 3698 2647 3757 est
2674 3715 2749 3756 ex
2777 3695 2978 3772 bonis,
3000 3696 3174 3755 verbi
3204 3695 3428 3773 gratia,
3481 3715 3505 3797 ‘1¹

1894 3788 2146 3869 quando
2176 3788 2340 3848 filius
2370 3789 2564 3866 patris
2593 3790 2923 3867 pecuniam
2955 3788 3240 3866 exposuit
3267 3805 3427 3848 cam·

1893 3883 2019 3959 bie,
2058 3883 2158 3942 vel
2187 3881 2641 3960 negotiationi?
2680 3882 2986 3943 Antonius
3008 3884 3234 3941 Gomez
3264 3879 3432 3960 apud

1892 3979 2179 4054 vasquez
2224 3973 2373 4035 dub.
2407 3990 2490 4035 Χῖ.
2535 3994 2640 4035 nu.
2677 3976 2813 4035 164.
2853 3973 3037 4051 dicit,
3087 3974 3139 4033 si
3180 3991 3257 4033 ex
3299 3973 3434 4033 sola

1890 4068 2160 4148 pecunia
2186 4067 2430 4127 lucrum
2461 4067 2729 4143 oriatur,
2782 4066 2932 4127 illud
2974 4086 3107 4127 esse
3137 4065 3433 4144 profecti-

1889 4162 2047 4223 tium
2077 4165 2140 4222 et
2165 4160 2305 4219 idco
2328 4160 2774 4220 conferendum
2795 4178 2928 4220 esse
2963 4179 2976 4219 ε
3009 4160 3060 4219 si
3092 4177 3239 4220 vero
3273 4158 3430 4220 oria-

1893 4259 1994 4317 tur
2021 4255 2251 4334 partim
2282 4272 2355 4314 ex
2383 4254 2653 4332 pecunia
2679 4253 2897 4333 patriS,
2930 4253 3160 4333 partim
3182 4271 3257 4312 ex
3285 4252 3429 4312 dili-

1890 4348 2103 4427 gentia
2160 4347 2269 4407 filii
2303 4394 2317 4422 ,
2379 4347 2787 4407 dividendum
2844 4365 2979 4407 esse
3042 4365 3155 4426 per
3221 4351 3432 4425 partes

1892 4441 2167 4520 aequales
2196 4440 2359 4500 inter
2386 4443 2630 4519 patrem
2660 4443 2720 4500 et
2748 4439 2975 4515 filium,
3011 4440 3176 4518 quod
3206 4439 3433 4500 limitat

1890 4535 2198 4613 Vasquez,
2234 4538 2302 4594 ut
2328 4551 2548 4592 verum
2568 4534 2668 4609 sit,
2703 4532 2953 4612 quando
2983 4550 3175 4610 opera
3203 4531 3309 4591 filii
3341 4536 3429 4594 ta·

1891 4626 1965 4686 lis
1993 4630 2149 4701 erat,
2184 4629 2253 4687 ut
2296 4626 2358 4685 in
2388 4626 2686 4687 societate
2732 4629 2941 4704 posset
2987 4626 3043 4685 ei
3082 4624 3250 4705 juste
3298 4644 3432 4686 cor·

1891 4720 2271 4799 respondere
2319 4718 2648 4779 dimidium
2702 4720 2857 4779 lucri
2906 4738 2919 4779 ε
2980 4719 3231 4798 quando
3279 4738 3428 4779 vero

1890 4832 2014 4875 non
2041 4812 2201 4873 tanti
2231 4812 2649 4873 {estimaretur
2674 4812 2782 4872 filii
2812 4812 3154 4888 industria,
3207 4812 3429 4871 divisio

1883 4906 2061 4987 juxta
2091 4905 2560 4983 proportionem
2583 4905 2790 4981 aliam,
2825 4910 2887 4967 et
2920 4906 3191 4965 valorem
3221 4905 3430 4964 indus⁴

1889 5000 2023 5060 triae
2074 4998 2364 5058 facienda
2406 5003 2588 5061 essct.
2648 4998 2845 5059 Aliter
2887 5017 2999 5058 nos
3047 4998 3429 5076 respondere

1889 5092 2194 5153 debemus
2233 5091 2412 5170 juxta
2461 5091 2562 5167 id,
2625 5091 2792 5170 quod
2837 5091 3109 5151 diximus
3157 5091 3316 5168 disp.
3365 5108 3423 5153 v.

1889 5189 2040 5246 sect.
2076 5189 2134 5245 2.
2170 5190 2429 5262 agentes
2478 5185 2555 5243 de
2602 5184 2846 5263 peculio
2877 5183 3227 5262 profectitio
3253 5229 3268 5258 ,
3323 5184 3426 5243 ubi

1890 5278 2180 5353 diximuS,
2231 5278 2283 5336 si
2311 5276 2474 5337 filius
2503 5276 2859 5355 negotiatur
2904 5296 2977 5334 ex
3027 5277 3293 5353 pecunia
3324 5295 3427 5354 pa-

1888 5371 1999 5433 tris
2028 5369 2395 5447 formaliter,
2429 5370 2549 5429 hoc
2579 5374 2693 5445 est,
2715 5373 3021 5449 quatenus
3049 5368 3189 5429 talis
3220 5374 3333 5445 est,
3368 5374 3431 5430 ct

1890 5464 2024 5543 ejus
2054 5463 2306 5524 nomine
2331 5510 2346 5540 ,
2394 5463 2639 5523 lucrum
2687 5463 3002 5542 pertinere
3031 5461 3113 5521 ad
3142 5465 3382 5541 patrem
3407 5482 3423 5536 ;

1889 5560 2100 5636 posset
2134 5559 2346 5618 tamen
2384 5556 2548 5619 filius
2579 5556 2892 5617 deducere
2921 5554 3301 5633 stipendium
3330 5556 3425 5615 sui

3581 3522 3698 3579 ΞΜ

3497 3647 3604 3700 Quid
3624 3648 3676 3689 de
3695 3660 3746 3689 eo

3509 3703 3587 3743 uod
3598 3680 3773 3743 lucram's

3500 3756 3558 3798 uit
3578 3768 3627 3797 ex
3652 3754 3768 3817 'boni

3560 3814 3703 3864 patris.
