4263 6376
645 3761 757 3820 123

543 3885 604 3930 De
619 3885 717 3930 vitio
731 3885 840 3931 circa

553 3940 836 3985 substantiam.

911 306 1028 367 304

1335 824 1754 912 SEGTlo
1824 826 2003 910 vlll.

2065 302 2172 365 DE
2212 298 2565 365 JUSTITIA
2609 301 2710 363 ΕΤ
2751 300 2952 364 JURE
3075 300 3078 303 ’

2616 480 2796 540 Circa
2825 479 2944 539 hoe
2974 477 3242 540 dubitari
3271 479 3428 541 solet
3450 479 3674 560 primo,
3706 498 3778 541 an
3803 483 3889 560 qui
3913 502 3995 562 pro
4084 497 4129 557 ω

2539 590 2666 633 una
2690 591 2757 632 re
2786 572 2895 632 dat
2923 572 3111 632 aliam
3140 591 3317 652 aeque
3355 573 3457 633 vel
3484 573 3615 633 fere
3644 590 3806 652 aeque
3831 576 3996 636 utilem
4056 619 4120 671 (θ’

2539 666 2618 726 ad
2642 665 2933 725 eumdem
2953 665 3163 741 finem,
3177 665 3370 727 'faciat
3385 670 3764 727 contractum
3780 668 3996 728 validum
4037 673 4128 721 θέαι

2543 763 2604 818 et
2627 758 2866 838 justum
2891 804 2906 833 ,
2939 762 3126 835 prout
3154 758 3355 820 solent
3382 759 3863 837 pharmacopola!
3886 760 3995 822 dare
4053 739 4129 825 ’ξιξ

2541 868 2736 909 unum
2764 850 3296 912 medicamentum
3326 870 3438 930 pro
3462 851 3582 912 alio
3612 851 3770 932 quod
3795 870 3900 913 non
3923 853 3998 914 ha·

2445 926 2464 937 ⁸
2540 941 2733 1003 bent?
2763 945 2966 1021 Negat
2991 943 3242 1005 Medina
3269 945 3317 1005 Ι.
3351 944 3580 1009 Summ.
3631 962 3684 1006 c.
3715 961 3830 1006 xlv.
3855 947 3901 1024 ἓ.
3923 951 3995 1007 25.

945 1129 1035 1191 De
1060 1129 1409 1211 obliqatione
1433 1130 1849 1212 „nanifestandz'
1862 1131 2005 1192 vitia
2032 1130 2093 1192 in
2119 1130 2403 1212 emptione

1461 1246 1515 1299 et
1535 1237 1877 1300 venditione.

986 1502 1294 1583 obligatio
1324 1503 1459 1565 haec
1489 1522 1614 1566 non
1645 1509 1739 1567 est
1765 1504 1966 1565 solum
1981 1522 2054 1564 ex
2082 1506 2259 1584 parte
2289 1520 2440 1563 ven-

905 1594 1121 1657 ditoris
1168 1597 1247 1657 ad
1293 1597 1750 1659 manifestanda
1808 1598 1959 1659 vitia
2005 1597 2097 1657 rei
2142 1595 2432 1672 venditae,

904 1689 1014 1749 sed
1045 1690 1231 1750 etiam
1259 1694 1464 1769 potest
1505 1690 1847 1769 excogitari
1893 1708 1968 1750 ex
1995 1692 2172 1768 parte
2202 1692 2437 1768 empto-

900 1780 987 1841 ris
1016 1782 1096 1841 ad
1132 1783 1661 1844 manifestandum
1702 1783 1959 1859 vitium,
2011 1781 2183 1862 quod
2230 1785 2438 1860 potest

903 1893 1036 1936 esse
1065 1875 1128 1934 in
1156 1875 1378 1955 preti0‚
1413 1880 1482 1937 ut
1507 1875 1860 1937 videbimus
1892 1894 1906 1935 ε
1955 1875 2235 1936 dicemus
2265 1873 2436 1954 prius

902 1968 980 2028 de
1009 1968 1387 2047 obligatione
1433 1968 1873 2030 manifestandi
1899 1968 2120 2029 vitium
2165 1968 2258 2027 rei
2285 1985 2437 2027 ven—

901 2060 1069 2136 ditae,
1102 2079 1240 2140 quae
1270 2061 1471 2139 magis
1514 2061 1863 2122 communis
1892 2064 2004 2122 est.
2056 2063 2135 2122 Et
2180 2060 2436 2140 quidem

899 2153 1191 2235 plurima,
1213 2172 1351 2232 quae
1383 2154 1483 2214 hic
1514 2154 1636 2215 dici
1664 2159 1939 2234 possent,
1966 2157 2028 2214 et
2054 2154 2135 2215 ab
2166 2153 2301 2213 aliis
2331 2152 2435 2212 hic

898 2249 1246 2307 tractantur
1272 2291 1289 2323 ,
1340 2245 1507 2307 dicta
1536 2250 1680 2307 sunt
1707 2264 1744 2306 a
1773 2245 1951 2307 nobis
1978 2264 2172 2325 supra
2199 2245 2429 2325 disput.

899 2340 1088 2400 XXII.
1138 2339 1209 2400 de
1251 2339 1638 2399 contractibus
1681 2339 1742 2399 in
1768 2358 1975 2419 qenere
2017 2342 2170 2401 sect.
2205 2354 2291 2400 vl.
2327 2338 2436 2399 uhi

897 2431 1022 2493 late
1052 2431 1292 2510 egimus
1321 2431 1399 2491 de
1430 2450 1640 2493 errore
1660 2432 1758 2491 vel
1787 2432 1955 2508 dolo,
1981 2436 2089 2495 aut
2117 2430 2436 2509 deceptio-

897 2543 976 2585 ne
1005 2524 1459 2586 interveniente
1501 2525 1563 2584 in
1601 2528 1927 2586 contractu
1951 2571 1966 2601 ,
2026 2529 2089 2586 et
2117 2524 2432 2604 quomodo

897 2621 1045 2679 tunc
1076 2617 1276 2678 solum
1322 2617 1498 2678 illum
1544 2618 1773 2679 reddat
1801 2618 1933 2696 ipso
1964 2618 2128 2678 facto
2159 2616 2428 2693 irritum,

897 2710 1150 2790 quando
1181 2714 1276 2771 est
1295 2729 1471 2771 error
1497 2710 1664 2771 circa
1694 2710 2108 2771 substantiam
2131 2754 2148 2786 ,
2202 2710 2264 2769 in
2293 2710 2433 2771 reli-

896 2805 1035 2883 quis
1062 2823 1211 2865 vero
1242 2804 1444 2865 solum
1477 2803 1585 2865 det
1602 2803 1706 2884 jus
1736 2803 1998 2882 decepto
2021 2803 2102 2864 ad
2128 2803 2305 2863 illum
2334 2821 2434 2863 re-

894 2897 1307 2959 scindendum
1330 2942 1346 2974 ‚
1382 2897 1633 2977 quando
1665 2897 1821 2959 alter
1847 2897 2225 2958 contrahens
2254 2896 2433 2957 dece·

893 2991 1008 3068 pit,
1040 2989 1139 3049 vel
1169 2989 1326 3049 alius
1373 2989 1482 3068 qui
1527 3007 1723 3050 unum
1770 3007 1914 3049 cum
1962 2989 2097 3068 ipso
2134 2989 2426 3066 faciebat,

895 3085 959 3143 et
985 3081 1110 3142 alia
1154 3080 1353 3141 multa
1402 3099 1544 3161 quae
1574 3081 1656 3142 ad
1680 3081 1847 3142 hunc
1881 3082 2090 3143 locum
2114 3082 2430 3161 pertinere

892 3177 1204 3256 poterant,
1229 3177 1293 3235 et
1316 3173 1457 3235 ideo
1487 3193 1612 3236 non
1642 3178 1788 3237 sunt
1814 3174 2178 3255 repetenda.
2215 3174 2430 3237 Solum

892 3272 1087 3330 restat
1113 3286 1277 3328 nunc
1306 3267 1520 3328 videre
1567 3286 1706 3348 quae
1736 3269 1886 3329 vitia
1934 3268 2178 3347 aperire
2203 3269 2432 3331 debeat

892 3360 1183 3421 venditor
1209 3360 1272 3420 in
1301 3378 1369 3420 re
1397 3361 1656 3423 vendita
1697 3379 1772 3421 ex
1819 3380 1885 3422 se
1915 3361 2049 3440 ipso
2081 3362 2271 3423 etiam
2301 3381 2427 3423 non

892 3453 1333 3532 interrogatuS,
1368 3456 1430 3515 et
1460 3471 1622 3533 quae,
1657 3454 1908 3534 quando
1940 3454 2017 3514 de
2044 3454 2213 3515 vitiis
2239 3455 2429 3516 inter-

890 3551 1169 3626 rogatur.
1203 3549 1272 3608 In
1301 3565 1424 3625 quo
1455 3547 1663 3626 aliqua
1690 3551 1835 3609 sunt
1864 3548 2064 3627 magis
2094 3551 2287 3626 certa,
2321 3548 2428 3608 ali-

893 3658 1017 3720 qua
1046 3639 1247 3718 magis
1275 3643 1698 3702 controversa.

972 3732 1178 3794 Primo
1206 3732 1418 3812 itaque
1443 3778 1458 3809 ‚
1511 3732 1560 3792 si
1588 3732 1811 3793 vitium
1838 3732 2110 3812 attingat
2138 3733 2427 3795 substan-

890 3824 1042 3887 tiam
1069 3825 1197 3902 rei,
1231 3842 1356 3886 non
1384 3824 1588 3885 solum
1616 3824 1806 3887 debet
1830 3826 2255 3900 manifestari;
2314 3827 2426 3887 sed

889 3919 940 3978 si
971 3938 1094 3980 non
1124 3917 1560 3980 manifestetur
1582 3962 1598 3994 ‚
1656 3918 1807 3979 facit
1850 3923 2244 3981 contractum
2287 3919 2428 3980 irri-

888 4015 1021 4074 tum
1051 4014 1114 4072 et
1152 4010 1535 4085 invalidum;
1588 4015 1657 4073 ut
1707 4011 1759 4071 si
1806 4012 2036 4074 vitrum
2078 4013 2265 4074 detur
2309 4031 2423 4093 pro

887 4122 1161 4183 gemma,
1209 4109 1455 4164 acetum
1487 4122 1602 4183 pro
1632 4103 1801 4180 vino,
1853 4106 2280 4168 aurichalcum
2309 4125 2423 4185 pro

889 4215 1065 4272 autc,
1100 4195 1246 4275 quia
1275 4201 1521 4275 emptor
1556 4214 1683 4256 non
1724 4197 2041 4259 consensit
2066 4198 2131 4258 in
2161 4200 2425 4277 emptio-

888 4306 1034 4348 nem
1063 4288 1224 4347 illius
1254 4288 1383 4365 rei,
1442 4287 1555 4349 sed
1598 4289 1854 4351 alterius
1902 4309 2093 4370 quam
2138 4293 2414 4371 petebat.

889 4381 1049 4454 Quid
1078 4385 1287 4441 autem
1319 4382 1657 4442 dicendum
1687 4382 1800 4460 sit,
1834 4384 2085 4463 quando
2114 4385 2186 4446 fit
2210 4386 2422 4465 aliqua

884 4474 1091 4534 mistio
1137 4472 1417 4535 materiae
1463 4476 1810 4554 peregrinae
1834 4523 1851 4553 ,
1923 4477 2193 4538 diximus
2233 4498 2421 4557 supra

886 4567 1132 4646 agendo
1163 4567 1241 4628 de
1272 4567 1468 4645 pretio
1499 4568 1726 4645 tritici,
1777 4569 2028 4648 quando
2076 4571 2281 4632 tritico
2309 4572 2421 4631 mi-

884 4665 1138 4721 scentur
1178 4660 1421 4736 secala‚
1480 4660 1580 4720 vel
1626 4661 1772 4721 vino
1832 4662 2133 4724 miscetur
2178 4663 2419 4744 aliquid

881 4769 1083 4832 aquoe.
1116 4751 1215 4813 Ad
1243 4751 1407 4812 hanc
1428 4752 1862 4832 deceptionem
1891 4755 2201 4819 reducunt
2231 4758 2421 4837 aliqui

877 4845 1050 4906 illam
1080 4844 1272 4906 etiam
1292 4863 1433 4924 quae
1462 4845 1533 4907 fit
1551 4846 1717 4908 circa
1735 4866 2118 4926 mensuram,
2152 4850 2251 4910 vel
2268 4869 2419 4929 pon-

879 4937 996 4999 dus
1023 4938 1111 4998 rei
1140 4937 1432 5015 venditae,
1460 4939 1667 5001 dando
1693 4960 2051 5002 mensuram
2081 4944 2413 5021 minorem,

880 5030 1026 5109 quia
1056 5036 1205 5091 tunc
1234 5031 1421 5091 etiam
1454 5031 1763 5111 decipitur
1803 5040 2047 5113 emptor
2073 5037 2239 5097 circa
2267 5038 2420 5098 sub-

878 5124 1172 5184 stantiam
1226 5124 1338 5185 rei.
1423 5125 1546 5186 Sed
1599 5130 1811 5187 tamen
1857 5134 2005 5189 tunc
2060 5135 2417 5192 contractus

880 5235 1004 5276 non
1056 5220 1150 5277 est
1194 5216 1504 5278 invalidus
1552 5220 1759 5298 quoad
1808 5221 1871 5280 id
1910 5223 2076 5300 quod
2103 5225 2409 5301 traditur,

879 5309 1068 5369 debet
1094 5313 1304 5370 tamen
1346 5311 1619 5389 suppleri
1651 5312 1941 5373 addendo
1973 5316 2142 5394 quod
2172 5316 2408 5394 deerat,

878 5401 979 5461 vel
1007 5401 1391 5466 restituendo
1420 5406 1666 5482 partem
1711 5405 1896 5484 pretii
1923 5409 2417 5488 corresponden-

879 5495 1029 5556 tem.

2540 1053 2673 1113 reg.
2707 1038 2767 1096 2.
2803 1035 2949 1114 quia
2978 1041 3072 1097 est
3117 1055 3292 1098 error
3335 1037 3400 1097 in
3430 1037 3784 1099 substantia.
3814 1038 3913 1098 Alii
3933 1043 4000 1100 ta-

2538 1146 2685 1187 men
2733 1128 3081 1202 affirmant,
3141 1129 3484 1192 dummodo
3549 1130 3927 1193 descendatur
3953 1133 3997 1191 in

2537 1221 2737 1300 pretio
2766 1224 3071 1300 quantum
3099 1241 3198 1283 res
3226 1225 3434 1284 minus
3461 1223 3649 1300 valet,
3678 1224 3914 1302 alioquin
3937 1244 4000 1284 re·

2536 1314 2710 1375 stitui
2738 1314 2927 1377 debet
2944 1333 3233 1376 excessus
3249 1317 3454 1394 pretii.
3488 1318 3578 1380 lta
3598 1316 3786 1378 Tolet.
3807 1318 3994 1377 Valent.

2535 1409 2756 1469 LedeS.
2789 1410 3015 1487 Lopez,
3048 1408 3307 1488 Henriq.
3344 1409 3557 1471 Salon.
3591 1410 3856 1485 Baiones,
3892 1411 3999 1470 Em-

2533 1519 2682 1561 man
2711 1504 2908 1579 Vega,
2943 1503 3074 1565 Sot.
3127 1505 3189 1562 et
3218 1501 3321 1561 alii
3365 1520 3521 1582 quos
3568 1505 3744 1563 affert
3765 1506 3822 1563 et
3843 1503 3998 1581 sequi·

2531 1596 2636 1656 tur
2664 1594 2840 1655 Salas
2870 1593 3019 1654 dub.
3054 1610 3237 1655 XXXV.
3273 1613 3445 1655 num.
3485 1598 3540 1655 1.
3576 1599 3640 1655 et
3656 1594 3880 1655 videtur
3897 1612 3997 1673 pro-

2533 1686 2780 1764 babile,
2820 1687 2965 1766 quia
3011 1687 3158 1748 licet
3185 1688 3540 1748 substantia
3576 1686 3822 1766 physica
3845 1686 3995 1747 sitdi-

2532 1799 2737 1857 versa,
2772 1784 3129 1841 nontamen
3145 1780 3393 1842 videtur
3421 1798 3556 1840 esse
3578 1779 3880 1840 diversitas
3894 1779 3996 1840 suh-

2534 1873 2837 1935 stantialis
2884 1873 3138 1934 moralis
3192 1873 3253 1932 in
3284 1872 3502 1933 ordine
3549 1873 3630 1933 ad
3657 1872 3995 1933 intentionem

2532 1965 2850 2045 emptoris,
2885 1966 2992 2046 qui
3022 1965 3223 2026 solum
3242 1965 3536 2045 primario
3566 1965 3821 2026 intendit
3842 1982 3995 2025 emere

2529 2078 2666 2120 rem
2696 2060 2913 2121 utilem
2941 2059 3021 2120 ad
3052 2059 3237 2119 talem
3266 2059 3456 2119 finem
3478 2105 3495 2135 ,
3531 2062 3593 2120 et
3620 2057 3873 2136 alioquin
3896 2076 3997 2135 pre-

2529 2152 2616 2214 tio
2639 2152 2808 2232 justo
2851 2152 3040 2225 emit3
3094 2151 3209 2212 nisi
3240 2152 3400 2213 forte
3449 2170 3584 2211 rem
3624 2150 3787 2210 illam
3826 2149 3995 2209 minori

2529 2246 2730 2324 pretio
2761 2245 2908 2306 alibi
2937 2248 3261 2323 empturus
3290 2244 3541 2315 fuisset;
3585 2248 3732 2305 tunc
3759 2244 3900 2302 enim
3922 2260 3996 2302 ex-

2530 2357 2740 2400 cessus
2769 2339 2870 2399 ille
2901 2338 3104 2416 pretii,
3138 2337 3236 2397 cui
3267 2336 3447 2399 dolus
3476 2354 3728 2397 causam
3743 2335 3996 2406 deditae-

2529 2431 2880 2494 stituendus
2910 2430 3046 2492 erit.
3081 2432 3209 2491 Nec
3230 2433 3324 2490 est
3342 2429 3545 2489 simile
3575 2430 3637 2488 in
3663 2426 3994 2490 matrimonio

2526 2526 2590 2586 in
2622 2543 2745 2605 quo
2776 2523 3004 2604 conjux
3032 2523 3410 2583 determinat
3447 2521 3841 2582 intentionem
3864 2538 3994 2582 suam

2529 2620 2610 2679 ad
2640 2618 2828 2679 talem
2859 2619 3194 2696 conjugem
3222 2616 3287 2676 in
3317 2615 3664 2691 individu0‚
3691 2634 3868 2695 quare
3888 2615 3994 2675 lieet

2529 2712 2650 2773 alia
2678 2712 2911 2772 femina
2954 2728 3131 2789 aeque
3172 2709 3338 2770 bona
3392 2727 3505 2787 pro
3547 2708 3652 2769 illa
3691 2709 3882 2769 dolose
3917 2707 3994 2766 de-

2527 2808 2650 2882 tur,
2685 2807 3042 2866 contractus
3091 2802 3210 2866 erit
3248 2801 3480 2863 irritus·
3510 2802 3804 2865 Videatur
3824 2801 3994 2863 Thom.

2529 2898 2812 2961 Sanchez
2842 2897 2950 2958 lib.
2986 2898 3090 2957 111.
3142 2896 3222 2956 de
3250 2895 3652 2957 matrimonio
3681 2895 3990 2976 disp.¹xvm.

2527 3011 2590 3053 1¹·
2605 2994 2889 3144 13131bitari
2909 3082 3066 3143 solet
3084 3080 3383 3159 secundo,
3408 3100 3489 3142 an
3511 3080 3991 3144 venditordet'rau·
4072 3088 4088 3145 l

2527 3177 2683 3239 dans
2710 3176 2775 3238 in
2803 3176 3082 3255 pondere
3110 3176 3211 3238 vel
3237 3194 3538 3240 mensura
3566 3179 3840 3238 teneatur
3859 3172 3991 3236 resti-
4125 3199 4126 3204 ¹

4020 3205 4127 3489 Ξ

4091 3084 4129 3145 ιι
4113 2774 4128 2925 ..-.....
4125 2622 4128 2715 μ.-

2524 3274 2735 3346 tuere,
2788 3270 3039 3349 quando
3086 3270 3360 3349 pretium
3400 3270 3542 3348 lege
3591 3273 3858 3331 taxatum
3892 3271 4054 3363 erati}¹

2523 3364 2852 3424 manifeste
2881 3362 3183 3442 injustum
3208 3408 3223 3439 ‚
3276 3366 3338 3423 et
3367 3363 3507 3423 ideo
3536 3363 3638 3423 lex
3666 3382 3785 3424 non
3813 3361 3991 3438 ohliga-

2522 3457 2632 3519 bat
2660 3456 2741 3517 ad
2771 3455 2924 3516 illud
2951 3455 3367 3529 servandum3
3422 3459 3484 3517 et
3512 3455 3682 3516 idem
3724 3460 3811 3516 est
3832 3453 3874 3513 si
3897 3469 3992 3531 pre·

2521 3550 2680 3612 tium
2709 3567 2834 3610 non
2868 3552 3003 3609 erat
3029 3549 3169 3628 lege
3197 3552 3499 3624 taxatum,
3529 3548 3640 3608 sed
3671 3547 3883 3607 malitia
3905 3561 3993 3604 em·

2520 3647 2792 3723 ptorum‚
2819 3641 2924 3720 qui
2947 3646 3371 3702 convenerant
3397 3646 3467 3702 ut
3484 3659 3611 3701 non
3641 3644 3891 3702 emerent
3911 3637 3992 3697 nisi

2519 3736 2626 3798 tali
2660 3733 2881 3814 preti0,
2917 3733 3084 3813 quod
3114 3734 3399 3814 iniquum
3445 3735 3620 3794 erat?
3677 3735 3839 3794 Ratio
3862 3729 3994 3791 dubi·

2518 3829 2694 3890 tandi
2727 3830 2859 3904 est,
2894 3827 3041 3906 quia
3070 3830 3219 3888 tunc
3241 3827 3432 3888 etiam
3461 3831 3706 3906 emptor
3731 3845 3840 3887 non
3864 3822 3990 3883 vide·

2518 3925 2622 3984 tur
2648 3920 3021 3996 consentire,
3057 3920 3175 3980 nisi
3203 3920 3267 3979 in
3296 3924 3541 3981 tantum
3570 3920 3805 3999 pondus
3832 3916 3907 3976 vel
3929 3922 3991 3974 ta·

2518 4015 2642 4075 lem
2673 4013 3086 4095 quantitatem
3118 4031 3308 4092 quam
3340 4032 3465 4074 non
3497 4013 3741 4092 accipit.
3780 4011 3885 4074 Sed
3907 4012 3990 4069 Do-

2519 4112 2723 4169 ctores
2764 4106 3182 4167 communiter
3213 4109 3516 4166 excusant
3543 4107 3901 4166 venditorem
3939 4116 3990 4158 eo

2519 4220 2667 4263 casu
2699 4199 2778 4260 ab
2823 4199 3204 4277 obligatione
3251 4198 3663 4275 restituendi,
3711 4198 3882 4259 Tolet.
3908 4196 3991 4253 Va·

2517 4293 2714 4355 lentia
2738 4338 2754 4370 ‚
2811 4293 3019 4369 SotuS,
3053 4294 3229 4370 Vega
3252 4339 3268 4368 ,
3329 4292 3566 4352 Rebell.
3601 4295 3666 4352 et
3693 4292 3786 4351 alii
3811 4289 3988 4368 plures.

2519 4405 2679 4467 quos
2708 4385 2993 4464 congerit
3020 4388 3084 4444 et
3111 4385 3398 4462 sequitur
3428 4384 3607 4445 Salas
3639 4384 3741 4445 ubi
3767 4399 3923 4459 supra
3943 4397 3986 4436 n.

2517 4485 2578 4541 4.
2633 4482 2710 4541 Et
2750 4478 2906 4537 mihi
2937 4478 3126 4539 etiam
3155 4478 3399 4556 placet,
3462 4481 3524 4538 et
3572 4477 3736 4539 ultra
3775 4474 3988 4535 rationes

2519 4572 2748 4653 quibus
2780 4591 2816 4631 a
2845 4570 3162 4650 praedictis
3204 4569 3565 4630 auctoribus
3591 4568 3831 4648 probari
3853 4564 3985 4632 solet,

2518 4668 2724 4745 potest
2751 4662 3003 4744 probari
3028 4663 3175 4742 quia
3200 4662 3434 4741 emptio
3456 4662 3562 4723 illa
3584 4662 3786 4723 valida
3810 4665 3886 4720 est
3906 4655 3988 4717 sal·
4113 4703 4114 4714 ,

2515 4761 2644 4819 tem
2688 4757 2896 4838 quoad
2953 4756 3123 4816 illam
3179 4754 3594 4835 quantitatem
3654 4773 3783 4836 quae
3830 4753 3985 4822 datur,

2516 4868 2660 4913 cum
2691 4852 2936 4929 emptor
2954 4849 3107 4911 velit
3125 4850 3250 4927 maj
3258 4867 3432 4909 orem
3454 4851 3848 4928 quantitatem
3865 4859 3989 4905 eme·

2513 4963 2604 5019 re,
2637 4944 2701 5003 in
2732 4960 2856 5021 qua
2886 4941 3022 5002 haec
3053 4942 3242 5002 etiam
3273 4943 3651 5018 continetur,
3685 4947 3742 5003 et
3767 4941 3890 5000 licet
3912 4951 3985 4994 no-

2514 5037 2585 5097 lit
2612 5039 2854 5097 tantum
2886 5034 3156 5112 pretium
3186 5052 3297 5112 pro
3347 5035 3467 5094 hac
3511 5036 3646 5096 sola
3693 5035 3859 5106 dare,
3907 5024 3982 5086 5011

2514 5130 2722 5190 minus
2746 5176 2761 5205 ,
2814 5130 2932 5188 hoc
2960 5131 3172 5188 tamen
3219 5127 3451 5188 sufficit
3495 5131 3566 5189 ut
3604 5127 3767 5189 illam
3794 5127 3979 5202 partem
4042 5119 4046 5128 '

2515 5224 2697 5302 pretii
2724 5222 2930 5282 valide
2958 5223 3021 5281 et
3066 5220 3417 5282 voluntarie
3458 5221 3678 5282 solvat.
3735 5222 3982 5279 Ponamus

2514 5335 2686 5395 ergo,
2724 5315 2894 5395 quod
2921 5313 3175 5374 volebat
3200 5331 3410 5374 emere
3431 5319 3682 5374 centum
3707 5312 3872 5373 libras
3894 5302 3977 5366 olei

2513 5412 2763 5471 centum
2795 5407 3109 5485 argenteis
3127 5426 3143 5479 ;
3164 5406 3633 5494 accepitautem
3660 5426 3695 5466 a
3722 5402 3978 5465 venditore

2515 5502 2828 5580 octoginta
2849 5499 3062 5577 libras,
3096 5499 3341 5563 dicente
3365 5545 3382 5576 ,
3417 5519 3554 5563 esse
3583 5503 3835 5564 centum.
3876 5494 3976 5554 Bn-
