4263 6376
173 2019 192 2047 Φ

1201 291 1675 353 DISPUTATIO
1720 293 1909 369 XXX,
1961 294 2237 356 SECTlO
2281 296 2383 393 Ill.
3251 302 3364 359 477

300 480 622 559 Loquendo
652 499 797 542 vero
827 480 905 541 de
931 479 1122 556 socio,
1160 480 1269 559 qui
1299 499 1374 540 ex
1402 485 1729 543 contractu

233 573 301 633 ad
336 592 583 652 operam
623 572 1070 634 conferendam
1128 573 1481 648 tenebatur,
1518 574 1726 635 verior

230 666 452 727 videtur
477 666 782 726 sententia
843 664 1117 744 Maioris,
1153 665 1355 743 Baldi,
1411 667 1723 743 silvestri,

233 764 286 819 et
308 758 513 836 Angeli
542 756 709 836 apud
742 758 1038 818 eumdem
1068 758 1389 834 Molinam,
1427 759 1596 838 quod
1630 778 1729 819 so-

231 853 342 911 lum
363 851 580 911 debeat
608 851 840 911 habere
901 869 1227 911 excessum
1272 852 1516 912 ratione
1549 852 1734 912 itine-

230 943 321 1019 τίς,
351 942 619 1004 detracta
649 947 825 1021 parte
869 961 1061 1022 quam
1089 942 1261 1003 domi
1309 962 1572 1004 manens
1633 963 1733 1003 ex-

230 1035 475 1114 pendere
532 1034 801 1096 debebat
832 1055 847 1107 ;
884 1035 1032 1115 quia
1063 1035 1126 1095 id
1158 1035 1360 1096 solum
1406 1037 1571 1097 ultra
1631 1037 1733 1097 de-

230 1127 406 1188 bitum
433 1126 777 1206 expendere
837 1127 1118 1205 cogitur:
1156 1128 1434 1207 alioquin
1490 1128 1736 1189 lucrum

231 1224 456 1297 caperet
482 1238 557 1278 ex
583 1220 901 1293 societate,
938 1224 1002 1281 et
1053 1220 1243 1282 ditior
1300 1224 1480 1282 tieret
1526 1222 1590 1281 in
1656 1241 1730 1282 eo

231 1311 378 1389 quod
405 1310 569 1371 domi
604 1310 954 1390 expendere
988 1310 1325 1389 debuisset,
1364 1317 1553 1392 atque
1593 1313 1733 1375 ideo

232 1403 473 1481 pretium
500 1403 814 1480 acciperet
842 1402 919 1462 de
950 1421 1112 1463 novo
1163 1422 1274 1481 pro
1334 1423 1528 1483 opera
1560 1410 1622 1467 et
1649 1406 1736 1466 la-

230 1495 361 1556 bore
412 1514 544 1569 suo,
604 1514 795 1575 quem
851 1500 1062 1557 tamen
1117 1515 1194 1555 ex
1260 1497 1322 1556 vi
1380 1502 1736 1560 contractus

231 1587 483 1647 conferre
513 1587 805 1663 debebat,
841 1592 904 1649 et
932 1588 1031 1648 cui
1055 1588 1178 1648 alia
1208 1607 1355 1668 pars
1384 1589 1539 1650 lucri
1570 1609 1734 1651 com-

230 1680 412 1740 munis
440 1684 656 1759 postea
682 1681 1106 1758 respondebit.

298 1773 610 1833 Dubitatur
634 1772 911 1834 secundo
941 1774 1110 1834 circa
1138 1773 1252 1835 has
1283 1794 1612 1854 expensaS,
1650 1795 1728 1837 an

228 1866 273 1924 si
296 1865 643 1924 necessariae
673 1866 797 1925 sint
825 1866 886 1924 in
920 1866 1131 1944 aliquo
1163 1885 1314 1928 casu
1347 1868 1429 1928 ad
1488 1887 1731 1929 merces

230 1976 562 2019 communes
591 1958 1056 2018 conservandas
1085 1978 1164 2019 ne
1209 1964 1489 2040 pereant,
1531 1967 1594 2023 et
1638 1982 1733 2023 so-

228 2051 341 2110 cius
367 2050 464 2128 qui
494 2069 595 2110 res
624 2068 992 2112 communes
1019 2051 1439 2129 administrat,
1468 2072 1592 2115 non
1627 2054 1733 2114 ha-

229 2144 355 2204 beat
376 2161 447 2202 ex
474 2144 793 2203 communi
837 2145 915 2203 ad
947 2163 1054 2205 eos
1103 2150 1409 2223 sumptuS,
1445 2151 1734 2207 teneatur

230 2235 547 2313 expendere
578 2254 655 2296 ex
685 2255 822 2313 suo,
856 2241 921 2298 et
958 2238 1135 2315 quasi
1195 2243 1485 2299 mutuare
1540 2240 1734 2300 socie-

228 2328 342 2403 tati,
372 2333 436 2389 ut
462 2333 679 2407 postea
710 2329 775 2389 id
803 2334 1005 2390 totum
1033 2334 1297 2407 repetat.
1334 2332 1579 2409 Negant
1632 2336 1727 2391 te-

230 2420 342 2479 neri
368 2438 437 2479 ex
459 2420 722 2499 justitia,
754 2420 865 2481 sed
895 2421 1097 2481 solum
1131 2440 1207 2481 ex
1249 2422 1573 2498 charitate,
1612 2423 1727 2483 ali·

227 2513 335 2591 qui,
367 2532 515 2592 quos
544 2514 735 2575 tacito
765 2514 1016 2573 nomine
1049 2514 1241 2575 refert
1269 2514 1503 2575 Molina
1559 2515 1732 2577 dicta

228 2605 365 2683 disp.
394 2609 529 2668 418.
564 2625 738 2666 num.
773 2609 831 2666 8.
868 2606 1000 2684 ipse
1029 2609 1242 2667 tamen
1270 2606 1358 2667 ibi
1388 2612 1452 2669 et
1478 2608 1731 2669 Lessius

229 2718 319 2759 nu.
368 2702 461 2760 36.
523 2703 587 2761 et
637 2698 742 2759 alii
804 2698 1023 2760 dicunt
1076 2699 1274 2759 teneri
1334 2716 1408 2760 ex
1461 2700 1730 2779 justitia,

228 2792 373 2868 quod
399 2793 602 2853 verius
657 2791 928 2852 videtur.
962 2791 1119 2864 Quia
1178 2792 1384 2853 socius
1430 2793 1531 2854 ille
1564 2813 1639 2854 ex
1670 2795 1735 2856 vi

227 2888 552 2945 contractus
607 2888 861 2945 tenetur
889 2884 970 2944 ad
1000 2884 1252 2960 damna,
1316 2904 1729 2966 quaecumque

226 2994 289 3034 ex
311 2975 422 3036 levi
449 2977 582 3054 ejus
629 2976 818 3055 culpa
877 2981 1267 3054 sequantur:
1305 2977 1458 3037 levis
1515 2984 1732 3039 autem

226 3068 386 3145 culpa
409 3068 760 3143 intervenit,
797 3069 1041 3146 quoties
1073 3068 1154 3128 ad
1210 3070 1520 3129 mercium
1583 3089 1728 3131 con-

225 3162 608 3223 servationem
622 3179 750 3222 non
780 3160 1040 3222 adhibet
1065 3178 1139 3220 ea
1169 3161 1378 3222 media
1407 3181 1548 3242 quae
1578 3183 1729 3244 pru-

227 3253 358 3313 dens
385 3255 639 3335 quilibet
667 3253 998 3315 adhiberet
1024 3254 1106 3314 ad
1137 3257 1599 3317 ⁴„onservandas
1631 3276 1731 3320 res

226 3365 369 3407 suaS.
397 3350 552 3408 Cum
582 3364 737 3425 ergo
771 3346 1033 3427 quilibet
1060 3347 1337 3425 prudens
1367 3367 1440 3409 eo
1470 3367 1618 3410 casu
1650 3351 1730 3411 ad

229 3440 664 3502 conservandas
693 3458 793 3500 res
851 3458 996 3500 suas
1052 3445 1340 3501 mutuum
1394 3448 1725 3521 quaereret,

227 3531 455 3595 deberet
491 3534 684 3595 etiam
715 3551 752 3592 a
779 3551 845 3593 se
876 3533 1010 3613 ipso
1027 3538 1315 3594 mutuum
1337 3535 1587 3614 exigere
1617 3556 1732 3598 no-

226 3624 369 3684 mine
397 3626 731 3701 sociorum,
767 3633 838 3686 ut
870 3624 1061 3685 rebus
1090 3626 1531 3687 communibus
1590 3647 1731 3707 pro-

226 3716 479 3790 videret3
524 3736 718 3797 quam
750 3717 1139 3796 diligentiam
1189 3718 1241 3777 si
1298 3718 1547 3797 omittit,
1601 3739 1724 3781 non

226 3808 444 3870 videtur
467 3811 625 3872 liber
655 3829 694 3870 a
725 3812 911 3889 culpa
938 3816 1159 3871 contra
1189 3809 1470 3871 debitam
1528 3812 1725 3872 admi-

227 3902 649 3964 nistrationem.
686 3903 870 3979 vide,
906 3921 1047 3981 quae
1078 3902 1348 3962 diximus
1377 3904 1500 3964 late
1562 3904 1723 3982 disp.

230 4010 350 4056 xm.
379 3996 445 4056 de
470 3996 729 4077 injum'tb,
767 3997 1043 4056 sectione
1102 3994 1344 4071 ultima,
1379 3995 1459 4056 de
1494 3996 1734 4075 obliga-

226 4086 390 4165 tione,
423 4108 607 4169 quam
643 4089 837 4149 habet
864 4092 1095 4164 custos3,
1127 4088 1223 4148 vel
1255 4088 1728 4151 administrator

226 4179 303 4238 rei
326 4180 530 4243 alienae
559 4199 705 4243 eam
735 4180 1172 4257 conservandi,
1206 4181 1396 4241 etiam
1439 4200 1583 4242 cum
1611 4183 1726 4242 ali-

226 4290 331 4350 quo
358 4277 601 4354 proprio
638 4274 1009 4352 dispendio:
1045 4292 1120 4333 ex
1154 4275 1388 4352 regulis
1442 4275 1607 4335 enim
1640 4275 1727 4336 ibi

222 4367 437 4428 traditis
465 4367 676 4446 colligi
705 4371 931 4446 potest,
967 4367 1219 4446 quando
1281 4367 1484 4428 socius
1540 4386 1723 4428 excu-

226 4461 331 4519 sari
358 4465 559 4538 posset
585 4461 815 4522 timens
870 4460 1215 4538 prudenter
1272 4465 1557 4540 sumptus
1598 4480 1723 4522 non

224 4551 473 4614 modicos
500 4572 574 4614 ex
631 4571 747 4613 suo
803 4551 1145 4627 faciendoS,
1208 4541 1334 4612 non'
1391 4554 1723 4615 solvendos

225 4648 414 4719 postea
438 4666 475 4706 a
505 4646 713 4723 sociiS‚
754 4663 868 4706 nec
922 4645 1056 4705 fore
1112 4647 1205 4705 ut.
1235 4645 1436 4725 repeti
1492 4645 1574 4706 ab
1634 4646 1725 4707 eis

226 4742 468 4811 possent.

288 4831 446 4891 Nunc
467 4830 599 4911 jam
651 4830 955 4908 quaeritur
1011 4829 1089 4889 de
1147 4829 1417 4907 damniS,
1467 4831 1720 4910 quando

179 4975 186 4985 .
224 4918 467 4984 debeant
491 4923 677 4984 sociis
718 4921 1010 4982 omnibus
1039 4940 1174 4982 esse
1232 4923 1627 4984 communia:
1662 4927 1725 4985 et

179 5029 188 5103 ζ
226 5029 329 5073 non
358 5020 443 5076 est
472 5034 676 5076 sermo
707 5013 785 5074 de
797 5013 1043 5074 damnis
1069 5014 1235 5076 circa
1262 5034 1396 5076 rem
1425 5016 1628 5094 ipsam
1660 5017 1723 5076 in

225 5123 331 5182 qua
358 5115 446 5170 est
482 5109 786 5170 societas:
823 5106 960 5167 haec
989 5108 1155 5167 enim
1185 5109 1439 5186 damna,
1474 5108 1636 5169 sicut
1662 5111 1726 5170 et

222 5195 393 5277 lucra,
423 5200 780 5261 communia
826 5199 1058 5261 debent
1088 5219 1258 5262 esse:
1292 5201 1403 5261 sed
1434 5200 1512 5260 de
1545 5200 1726 5260 dam-

226 5290 325 5350 nisi
350 5312 479 5372 quae
508 5296 617 5355 uni
657 5293 829 5354 socio
888 5292 1187 5357 eveniunt
1215 5294 1529 5356 societatis
1580 5312 1723 5355 cau-

226 5399 302 5458 sa,
353 5403 426 5446 an
476 5387 749 5451 debeant
800 5385 957 5448 socii
1022 5385 1127 5447 alii
1214 5405 1586 5449 concurrere
1642 5385 1723 5447 ad

1830 470 2131 532 damnum
2203 473 2354 533 illud
2431 473 2923 535 resarciendum.
2983 477 3071 535 De
3140 474 3368 554 quibus

1830 563 2079 624 damnis

1907 656 2118 716 Prima
2150 658 2367 736 regula
2395 659 2495 735 sit,
2532 659 2581 720 si
2613 660 2800 738 culpa
2828 660 3053 722 saltem
3083 660 3139 720 le
3152 661 3205 721 vi
3263 679 3367 722 so-

1830 750 1907 809 cii
1936 756 2298 823 evenerunt,
2351 751 2469 830 ipsi
2509 752 2622 813 soli
2655 753 2974 831 imputari,
3040 772 3154 813 nec
3205 754 3365 815 alios

1832 842 2061 903 debere
2091 861 2485 920 concurrere,
2518 845 2643 905 imo
2684 845 2733 905 si
2766 845 2917 925 quid
2964 865 3038 906 ea
3068 847 3146 907 de
3176 864 3367 907 causa

1832 935 1937 995 alii
1969 941 2352 1013 paterentur,
2406 938 2485 996 ab
2544 956 2616 998 eo
2672 939 3146 999 resarciendum
3197 945 3364 1001 esset

1834 1027 2011 1107 cujus
2042 1047 2232 1089 causa
2264 1029 2564 1089 damnum
2586 1030 2742 1090 illud
2764 1029 3039 1092 advenit.

1915 1121 2204 1182 Secunda
2232 1122 2451 1199 regula
2480 1126 2592 1195 est,
2629 1123 2683 1182 si
2707 1123 3008 1184 damnum
3030 1125 3182 1185 illud
3216 1144 3366 1185 eve-

1834 1213 1925 1275 nit
1950 1214 2116 1274 socio
2148 1214 2473 1275 occasione
2503 1216 2705 1275 solum
2734 1215 3074 1293 societatiS,
3115 1236 3239 1277 non
3273 1222 3369 1279 ta-

1833 1324 1975 1366 men
2007 1307 2371 1382 formaliter,
2408 1307 2554 1385 quia
2607 1326 2705 1367 res
2763 1308 3077 1370 societatis
3110 1310 3359 1387 agebat,

1832 1418 1954 1460 non
1985 1398 2213 1459 debere
2242 1399 2444 1460 socios
2477 1400 2631 1461 alios
2659 1418 3067 1479 concurrere,
3102 1422 3164 1463 v,
3201 1423 3273 1481 g.
3313 1404 3365 1463 si

1833 1490 1983 1550 dum
2012 1490 2130 1551 iter
2157 1491 2392 1552 faceret
2420 1492 2500 1551 ad
2556 1493 2883 1571 negotium
2912 1495 3252 1572 societatiS,
3283 1495 3363 1556 ri-

1831 1588 2012 1645 xatus
2042 1586 2138 1644 est
2165 1602 2307 1643 cum
2336 1584 2544 1663 aliquo
2591 1584 2653 1643 in
2710 1586 2833 1661 via,
2883 1592 2945 1647 et
2998 1587 3365 1650 vulneratus

1834 1682 1946 1752 est,
1971 1677 2071 1737 vel
2099 1694 2251 1736 casu
2281 1676 2571 1738 inventus
2598 1682 2693 1738 est
2720 1677 2802 1738 ab
2833 1680 2968 1758 ejus
2994 1680 3269 1759 inimico,
3304 1687 3367 1744 et

1834 1773 2089 1848 propter
2114 1770 2441 1848 antiquum
2502 1771 2718 1831 odium
2767 1790 2912 1831 eum
2969 1773 3359 1837 vulneravit:

1834 1880 1957 1922 non
1991 1862 2159 1921 enim
2187 1868 2281 1923 est
2308 1880 2497 1922 causa
2528 1864 2793 1924 societas
2850 1864 3015 1926 illius
3066 1867 3216 1926 rixae
3263 1869 3362 1929 vel

1832 1955 2128 2031 vulneris,
2165 1955 2273 2013 sed
2306 1955 2508 2016 solum
2538 1956 2804 2032 occasio;
2842 1976 3035 2036 quare
3072 1978 3197 2020 non
3258 1960 3363 2020 de-

1832 2047 1983 2107 bent
2008 2046 2116 2106 alii
2164 2046 2313 2107 socii
2344 2046 2424 2107 ad
2470 2046 2773 2108 damnum
2824 2052 3365 2128 compensandum

1832 2157 2246 2200 concurrere:
2307 2139 2469 2201 sicut
2516 2159 2720 2218 neque
2751 2158 2783 2200 e
2816 2148 3036 2203 contra
3077 2144 3227 2204 socii
3262 2145 3364 2206 alii

1834 2232 2190 2293 fruerentur
2217 2232 2392 2293 lucro
2423 2237 2534 2294 aut
2562 2233 2894 2295 commodo
2954 2235 3133 2315 cujus
3174 2238 3366 2298 socie·

1832 2329 1927 2386 tas
1958 2329 2121 2386 esset
2150 2325 2418 2398 occasi0‚
2466 2331 2536 2386 ut
2565 2326 2616 2384 si
2647 2344 2721 2385 ea
2751 2327 3081 2388 occasione
3138 2329 3364 2408 aliquis

1834 2435 1985 2494 erga
2005 2435 2152 2477 eum
2185 2417 2563 2492 afficeretur,
2597 2421 2659 2478 ct
2691 2417 2899 2496 ipsum
2934 2420 3252 2482 haeredem
3275 2423 3362 2482 fa-

1833 2512 2026 2585 ceret,
2061 2514 2131 2571 ut
2158 2510 2208 2569 si
2263 2510 2325 2570 in
2381 2527 2454 2569 eo
2489 2509 2709 2570 itinere
2768 2510 3132 2573 thesaurum
3191 2516 3366 2577 inve-

1833 2602 2045 2663 nisset.

1911 2695 2119 2756 Tertia
2162 2695 2380 2773 regula
2431 2696 2532 2769 sit,
2581 2697 2783 2758 socios
2840 2698 3074 2759 debere
3132 2701 3366 2761 contri-

1829 2788 2046 2863 buere,
2081 2787 2334 2866 quando
2382 2788 2684 2848 damnum
2741 2790 2950 2851 socius
3005 2810 3228 2870 passus
3271 2799 3366 2855 est

1832 2899 2023 2941 causa
2081 2880 2322 2959 negotii
2383 2882 2755 2957 communie,
2807 2883 2968 2944 sicut
3023 2886 3077 2944 si
3148 2887 3214 2945 in
3269 2886 3365 2947 iti-

1832 2993 1981 3033 nere
2024 2992 2100 3033 ea
2127 2973 2205 3033 de
2228 2991 2417 3034 causa
2457 2979 2747 3053 suscepto
2778 2994 2817 3036 a
2844 2976 3190 3038 latronibus
3220 2997 3365 3058 spo-

1830 3066 2110 3128 lieturiis
2149 3085 2289 3146 quae
2325 3067 2404 3126 ad
2434 3066 2553 3128 iter
2581 3072 2645 3127 et
2679 3069 3002 3146 negotium
3032 3088 3364 3132 commune

1832 3179 2045 3222 secum
2075 3160 2316 3222 serebat
2348 3179 2362 3220 ε
2401 3160 2450 3222 si
2497 3160 2648 3221 dum
2690 3160 2966 3223 rationes
2995 3181 3364 3227 communes

1832 3254 2131 3329 defendit,
2168 3254 2247 3313 ab
2271 3254 2699 3331 agressoribus
2721 3255 3120 3328 vulneretu1·;
3148 3258 3196 3317 si
3213 3259 3367 3319 dum

1830 3345 2158 3425 mancipiis
2187 3346 2622 3406 communibus
2643 3350 2860 3425 lugere
2890 3349 3243 3411 volentibus
3272 3370 3367 3411 re-

1831 3441 2015 3517 sistit,
2051 3439 2415 3499 vulneretur
2456 3439 2535 3499 ab
2574 3439 2758 3517 ipsis:
2794 3441 2847 3500 si
2875 3459 3065 3502 causa
3121 3443 3364 3505 itineris

1829 3533 1893 3593 in
1923 3532 2215 3593 morbum
2244 3529 2499 3607 incidat,
2534 3537 2652 3593 etc.
2686 3536 2837 3594 tunc
2869 3533 3040 3593 enim
3070 3553 3362 3614 expensae

1829 3624 2197 3699 curationis,
2229 3628 2291 3684 et
2319 3624 2442 3684 alia
2471 3625 2763 3702 expensis
2797 3627 3237 3688 communibus
3265 3648 3366 3689 re-

1828 3718 2158 3780 sarcienda
2187 3721 2350 3777 sunt.
2397 3719 2585 3778 Notat
2641 3721 2852 3778 autem
2907 3719 3120 3780 Molin.
3179 3739 3240 3782 n.
3299 3725 3358 3783 3.

1812 3805 1948 3872 'hoc
1978 3829 2113 3870 esse
2171 3808 2648 3887 intelligendum
2707 3809 2784 3871 de
2841 3812 3131 3889 expensis
3184 3813 3365 3875 factis

1828 3908 2003 3963 extra
2031 3901 2356 3980 proprium
2404 3900 2812 3980 domicilium,
2865 3922 2991 3964 non
3050 3904 3129 3965 de
3184 3905 3364 3968 factis

1826 4000 2156 4075 postquam
2185 3993 2443 4055 domum
2498 3994 2704 4055 rediit.
2742 3994 2862 4057 Sed
2912 4015 3028 4075 ego
3060 3998 3139 4058 de
3173 3999 3364 4060 utris-

1827 4106 1947 4169 que
1983 4086 2046 4148 id
2101 4086 2406 4164 intelligO,
2447 4087 2498 4147 si
2527 4105 2673 4147 vere
2704 4088 2964 4149 morbus
3023 4109 3217 4151 causa
3271 4111 3368 4154 so-

1823 4181 2067 4242 cietatis
2097 4184 2161 4241 et
2184 4179 2421 4240 itineris
2451 4184 2810 4243 contractus
2859 4184 2982 4259 est,
3019 4188 3083 4245 et
3110 4185 3362 4247 univer-

1823 4274 2036 4334 saliter
2061 4272 2235 4352 loqui
2258 4272 2509 4334 videtur
2537 4272 2706 4333 dicta
2733 4273 2854 4350 lex,
2887 4274 3219 4337 Secundum
3252 4278 3366 4339 Ju-

1820 4366 2062 4443 lianum,
2097 4367 2161 4427 ff.
2188 4384 2301 4445 pro
2355 4365 2532 4426 socio.
2598 4366 2721 4426 Sed
2781 4371 2992 4428 tamen
3050 4369 3230 4448 juxta
3258 4391 3365 4432 su-

1822 4459 2111 4538 pradicta
2170 4458 2633 4519 detrabendum
2664 4458 2783 4519 erit
2811 4459 2877 4519 id
2937 4463 3155 4539 totum,
3192 4465 3365 4543 quod

1822 4552 2026 4613 socius
2054 4556 2325 4630 aegrotus
2356 4550 2527 4612 domi
2557 4552 2910 4630 expendere
2924 4552 3270 4634 debuisset,
3309 4558 3361 4617 si

1822 4645 1982 4706 bene
2014 4645 2274 4706 valeret.

1902 4737 2109 4798 Tertio
2140 4737 2570 4816 principaliter
2598 4739 2920 4817 quaeritur,
2960 4759 3036 4800 ex
3067 4759 3194 4820 qua
3224 4743 3361 4803 cul-

1821 4850 1903 4912 pa
1945 4835 2235 4892 teneatur
2292 4832 2496 4892 socius
2553 4832 2690 4893 aliis
2737 4834 2965 4894 sociis?
2994 4835 3359 4913 Responde-

1820 4928 1944 5000 tur,
1981 4924 2288 5002 imprimis
2320 4943 2501 5002 posse
2550 4944 2624 4985 ex
2683 4930 2866 5005 pacto
2899 4927 3237 4988 convenire
3266 4929 3359 4988 in-

1820 5022 1916 5078 ter
1944 5017 2134 5095 ipSOS,
2173 5021 2239 5079 ut
2268 5017 2493 5097 aliquis
2525 5035 2650 5079 non
2672 5023 2963 5080 teneatur
2992 5020 3110 5080 nisi
3139 5037 3214 5081 ex
3247 5021 3355 5081 do-

1819 5109 1901 5186 lo,
1965 5109 2135 5189 quod
2193 5114 2447 5188 pactum
2494 5111 2737 5189 justum
2782 5115 2944 5171 esset
2999 5112 3052 5170 si
3103 5112 3360 5173 aliunde

1823 5208 2338 5281 compensaretur
2395 5203 2516 5264 hoc
2555 5203 2762 5264 minus
2795 5205 3025 5280 oneris,
3064 5206 3236 5284 quod
3265 5225 3361 5268 so·

1824 5295 1954 5356 cius
2010 5295 2113 5355 ille
2144 5296 2400 5357 subiret.
2441 5296 2742 5357 Similiter
2780 5301 2992 5374 posset
3049 5316 3185 5358 esse
3246 5318 3359 5377 pa-

1821 5392 2013 5464 ctum,
2049 5390 2121 5449 ut
2146 5391 2472 5449 teneretur
2510 5387 2701 5450 etiam
2755 5388 3075 5451 levissima
3130 5391 3357 5470 culpa;

3509 4765 3586 4824 32

3409 4889 3472 4934 Ex
3489 4904 3568 4946 qua
3587 4893 3707 4948 culpa

3456 4949 3670 5010 teneantur

3503 5011 3621 5044 somn.
