4263 6376
877 340 993 412 rm

880 516 1154 593 stituere,
1213 520 1284 577 ut
1335 516 1564 577 docent
1617 513 2036 576 communiter
2092 515 2404 592 doctoreS‚

879 628 1037 689 quos
1066 608 1342 688 sequitur
1370 608 1617 669 Lessius
1646 607 1755 668 lib.
1792 609 1864 669 11.
1901 627 1956 669 o.
1990 624 2128 669 xm.
2164 627 2271 669 nu.
2305 611 2404 669 70.

878 721 1028 780 ergo
1058 721 1182 762 non
1211 702 1421 761 minus
1450 701 1768 762 tenebitur
1797 720 1909 780 pro
1942 701 2205 776 dumne,
2240 701 2411 780 quod

877 794 1101 872 privati
1131 794 1448 871 accipiunt
1473 794 1535 853 in
1558 793 1823 854 fortunis
1844 797 2101 872 propter
2128 794 2412 872 iniquam

868 886 1103 964 judicis
1131 886 1559 947 sententiam:
1620 903 1799 965 aeque
1846 885 2015 945 enim
2062 886 2412 948 conductus

873 979 995 1039 fuit
1038 997 1076 1038 a
1122 979 1446 1058 republica
1485 979 1566 1039 ad
1617 983 1978 1057 utrumque,
2037 979 2168 1040 imo
2209 979 2412 1057 magis

877 1071 1113 1132 directe
1142 1072 1220 1132 ad
1250 1071 1624 1134 sententiam
1656 1089 1769 1150 pro
1798 1071 2063 1134 veritate
2092 1072 2412 1150 proferen-

878 1164 1047 1224 dam.

955 1257 1169 1330 Dices;
1222 1275 1373 1336 ergo
1405 1274 1529 1317 non
1559 1255 1760 1334 magis
1791 1257 1990 1318 oritur
2017 1275 2093 1316 ex
2122 1257 2411 1318 intrinse-

876 1368 948 1411 co
996 1349 1138 1429 jure
1192 1350 1583 1429 privatorum
1650 1350 1948 1428 obligatio
2014 1349 2405 1426 restituendi,

876 1443 1127 1522 quando
1149 1442 1348 1522 judex
1375 1446 1590 1522 aperte
1621 1442 1860 1520 profert
1887 1443 2265 1504 sententiam
2294 1461 2408 1522 pro

876 1540 1051 1616 parte
1080 1535 1500 1613 improbabili,
1518 1553 1592 1595 ac
1621 1535 1878 1613 quando
1906 1553 2018 1613 pro
2049 1539 2230 1612 parte
2256 1554 2407 1614 pro-

873 1628 1064 1691 babili
1095 1633 1311 1690 contra
1342 1627 1850 1706 probabiliorem,
1896 1631 1956 1688 et
1983 1645 2403 1707 consequens,

875 1722 1036 1783 sicut
1062 1739 1384 1800 nunquam
1429 1720 1576 1781 licet
1601 1719 1890 1797 judicare
1939 1738 2052 1798 pro
2084 1725 2263 1798 parte
2289 1720 2407 1781 im-

875 1814 1206 1895 probabili,
1252 1814 1339 1876 ita
1376 1831 1492 1874 nec
1519 1812 1731 1874 licebit
1772 1831 1886 1890 pro
1921 1812 2232 1891 probabili
2260 1831 2411 1873 con-

874 1911 973 1970 tra
1000 1905 1508 1985 probabiliorem.
1566 1904 1938 1983 Respondeo
1989 1904 2283 1983 negando
2312 1921 2411 1964 se-

877 1999 1127 2080 quelam
1162 2019 1175 2059 :
1221 2016 1368 2059 nam
1399 1998 1600 2077 prima
1633 1997 1930 2074 obligatio
1962 1997 2163 2059 oritur
2191 1997 2409 2056 imme-

877 2094 1043 2154 diate
1072 2111 1146 2151 ex
1167 2095 1482 2170 praecepto
1513 2089 1779 2151 naturali
1812 2106 1934 2150 non
1956 2089 2231 2166 furandi,
2266 2105 2408 2149 con·

876 2190 974 2247 tra
1003 2183 1173 2264 quod
1200 2183 1350 2244 facit
1369 2183 1472 2262 qui
1496 2182 1701 2244 aufert
1728 2200 1764 2241 a
1793 2185 1964 2243 certo
1988 2181 2243 2243 domino
2275 2199 2409 2241 rem

875 2282 947 2339 ut
971 2278 1156 2339 detur
1183 2294 1307 2337 non
1337 2275 1593 2336 domino
1627 2295 1640 2336 ε
1675 2275 1953 2335 secunda
1983 2293 2135 2334 vero
2169 2275 2408 2353 obliga-

876 2371 962 2432 tio
993 2370 1190 2431 oritur
1234 2388 1309 2430 ex
1352 2373 1677 2430 contractu
1705 2367 2007 2446 implicito
2054 2368 2220 2428 inter
2247 2386 2409 2427 rem-

878 2464 1191 2544 publicam
1222 2467 1285 2523 et
1303 2461 1584 2541 judic-em
1617 2481 1630 2521 :
1679 2460 1781 2520 hic
1811 2465 2021 2521 autem
2050 2464 2410 2521 contractus

876 2556 1159 2636 accipere
1189 2557 1391 2634 potest
1419 2553 1914 2616 modificationes
1935 2551 2114 2631 juxta
2135 2557 2409 2613 mentem

876 2648 1380 2712 contrahentium
1403 2693 1418 2724 ‚
1480 2652 1547 2710 ut
1601 2646 1839 2707 scilicet
1869 2645 2065 2724 judex
2096 2645 2410 2723 obligetur

876 2744 957 2804 ad
986 2747 1226 2804 tantam
1254 2741 1354 2802 vel
1399 2745 1640 2801 tantam
1680 2738 2069 2817 diligentiam
2108 2737 2408 2798 adhiben-

876 2837 1047 2912 dam,
1081 2840 1144 2897 et
1171 2833 1252 2894 ad
1274 2831 1690 2912 judicandum
1736 2850 1850 2909 pro
1897 2833 2072 2908 parte
2120 2830 2409 2909 probabi·

874 2928 1036 3004 liori,
1093 2926 1347 3006 quando
1377 2943 1503 2987 non
1550 2924 1714 2986 adsit
1756 2922 2036 3002 legitima
2064 2923 2404 2998 excusatim

876 3026 995 3083 etc.
1031 3039 1171 3099 quae
1199 3017 1699 3079 modificationes
1745 3033 1869 3077 non
1919 3015 2300 3077 adhibentur
2343 3015 2407 3074 in

876 3118 1191 3194 praecepto
1246 3129 1372 3171 non
1427 3109 1680 3171 furandi
1712 3155 1728 3185 ,
1803 3108 1972 3188 quod
2030 3127 2154 3170 non
2211 3109 2410 3170 oritur

878 3227 951 3268 ex
982 3209 1307 3268 contractu
1337 3205 1535 3265 libero
1565 3203 1676 3263 sed
1705 3222 1780 3263 ex
1811 3203 1948 3282 ipsa
1979 3203 2068 3263 rei
2099 3206 2343 3265 natura.

957 3302 1106 3361 Haec
1135 3298 1304 3360 dicta
1358 3302 1505 3358 sunt
1560 3296 1637 3356 de
1666 3295 1795 3372 lite,
1854 3296 1920 3355 in
1961 3315 2084 3374 qua
2113 3295 2406 3374 utrinque

877 3398 1022 3455 sunt
1051 3390 1376 3470 opiniones
1404 3388 1794 3469 probabiles;
1853 3388 1916 3448 in
1964 3406 2157 3449 causa
2195 3394 2407 3449 autem

815 3496 827 3538 i
877 3504 1018 3567 quae
1049 3485 1340 3563 utrinque
1368 3486 1463 3544 est
1489 3482 1683 3543 dubia
1708 3482 1901 3543 dubio
1932 3483 2245 3560 negativo,
2272 3481 2406 3561 jam

770 3580 782 3592 ⁰
877 3579 1148 3640 diximus
1192 3576 1534 3638 favendum
1580 3594 1717 3636 esse
1773 3574 2118 3654 possessori
2165 3578 2228 3635 et
2272 3593 2402 3651 reo,

875 3674 1024 3752 quia
1050 3671 1112 3731 in
1144 3669 1333 3731 dubio
1355 3668 1577 3728 melior
1604 3672 1699 3729 est
1718 3686 1935 3728 eorum
1956 3686 2168 3728 causa.
2204 3668 2405 3739 Quan-

875 3766 955 3826 do
988 3768 1196 3827 autem
1227 3765 1449 3822 neuter
1474 3761 1774 3840 possidet,
1809 3763 2034 3822 Petrus
2062 3760 2141 3820 de
2168 3759 2404 3820 Ledes-

874 3875 978 3916 ma
1005 3854 1076 3916 de
1101 3855 1359 3915 matrim.
1406 3858 1627 3933 quaest.
1662 3855 1842 3915 XLV.
1896 3857 2013 3914 art.
2047 3870 2092 3913 1.
2144 3852 2294 3913 dub.
2331 3869 2399 3914 11.

873 3950 1030 4012 ads.
1063 3949 1282 4028 primae
1303 3947 1628 4008 sententiae
1650 3945 1820 4023 dicit,
1853 3964 1988 4006 rem
2015 3945 2406 4006 individuam

874 4061 1056 4122 posse
1075 4041 1357 4121 judicem
1371 4039 1688 4118 applicare
1705 4038 1805 4101 cui
1826 4038 2113 4099 voluerit.
2152 4040 2405 4099 Contra-

872 4136 1036 4196 rium
1065 4138 1301 4209 tamen,
1353 4136 1416 4195 et
1442 4133 1690 4208 merito,
1736 4132 1921 4193 docet
1951 4131 2126 4193 Salas
2155 4131 2217 4190 in
2250 4135 2305 4192 1.
2339 4135 2399 4192 2.

872 4232 1055 4290 tract.
1091 4242 1228 4288 vm.
1263 4225 1561 4303 disputat.
1595 4223 1803 4300 unica,
1845 4227 1997 4285 sect.
2030 4227 2129 4285 23.
2165 4243 2227 4285 n.
2261 4227 2399 4286 240.

874 4337 1018 4382 cum
1045 4318 1288 4380 Thoma
1316 4317 1597 4379 Sanchez
1644 4335 1832 4397 quem
1876 4318 2059 4378 affert
2090 4338 2103 4379 ε
2155 4318 2209 4378 si
2238 4317 2403 4377 enim

873 4431 974 4474 res
1002 4415 1097 4472 est
1124 4410 1469 4487 divisibilis,
1502 4409 1841 4470 dividenda
1870 4412 1964 4471 est
1998 4430 2010 4470 :
2053 4411 2106 4470 si
2135 4428 2282 4470 vero
2312 4414 2407 4472 est

874 4503 1221 4579 individua,
1272 4506 1452 4563 sorte.
1495 4506 1701 4581 potest
1742 4503 1924 4564 alteri
1970 4502 2293 4582 applicari,
2350 4502 2403 4563 si

873 4597 991 4677 ipsi
1042 4594 1453 4657 consentiant.
1507 4594 1802 4675 Alioquin
1849 4595 2036 4656 debet
2074 4596 2403 4657 aestimatio

873 4690 1092 4767 dividi,
1143 4694 1206 4750 et
1233 4693 1400 4749 sorte
1429 4687 1648 4763 dividi,
1699 4691 1767 4748 ut
1793 4687 1972 4748 alteri
2000 4706 2100 4748 res
2129 4688 2405 4766 applice-

873 4789 996 4859 tur,
1030 4781 1212 4842 altcri
1240 4780 1570 4841 dimidium
1600 4779 2029 4840 {estimationis
2059 4780 2139 4840 ab
2171 4779 2401 4840 adver-

872 4877 1037 4939 sario
1067 4873 1459 4936 solvendum.
1502 4874 1594 4934 lta
1624 4872 1800 4934 Salas
1832 4891 1847 4931 ε
1900 4890 2016 4951 ego
2049 4877 2261 4934 autem
2289 4892 2403 4951 pu-

872 4974 1073 5032 tarem
1099 4971 1266 5028 sorte
1297 4965 1635 5027 videndum
1664 4983 1821 5042 esse,
1853 4965 1954 5025 cui
1984 4966 2152 5044 optio
2182 4984 2405 5026 conce-

875 5062 1082 5124 denda
1123 5061 1203 5122 sit
1231 5060 1393 5120 inter
1422 5058 1753 5119 dimidium
1782 5056 2212 5120 aestimationis
2241 5058 2406 5119 acci-

873 5154 1197 5236 piendum,
1245 5157 1307 5214 et
1341 5152 1504 5212 inter
1531 5170 1665 5211 rem
1693 5150 2050 5211 habendam
2078 5151 2281 5214 soluto
2311 5152 2405 5212 di-

874 5247 1067 5309 midio
1098 5244 1547 5306 aestimationis
1583 5245 1762 5306 Ratio
1787 5249 1996 5304 autem
2021 5249 2135 5320 est,
2167 5244 2313 5322 quia
2339 5244 2402 5303 in

874 5340 1066 5403 dubio
1122 5356 1247 5400 non
1293 5342 1388 5399 est
1431 5337 1910 5398 fundamentum
1960 5354 2164 5415 neque
2216 5338 2404 5398 etiam

874 5432 1197 5514 probabile
1244 5431 1323 5491 ad
1373 5429 1831 5491 excludendum
1860 5430 2148 5505 alterum,
2216 5436 2402 5508 atque

874 5527 1016 5588 ideo
1063 5526 1196 5586 sinc
1240 5524 1503 5601 ratione,
1555 5528 1619 5584 et
1660 5523 1888 5603 injusto
1937 5523 2395 5584 excluderetur.

2029 337 2133 397 DE
2175 336 2528 398 JUSTl'rlA
2576 338 2674 397 ΕΤ
2716 338 2913 399 JURE

2510 518 2558 575 N
2567 535 2638 577 cc
2667 516 2874 579 obstat
2901 517 3262 595 exemplum
3312 515 3485 596 qnod
3533 512 3729 574 affert
3758 509 4005 572 Ledam

2511 609 2589 670 de
2618 611 2912 689 episcopo
2943 615 3199 691 potente
3237 630 3313 670 ex
3355 609 3615 670 duobus
3645 624 3829 684 aeque
3855 605 4007 681 dignis

2510 703 2740 780 eligere
2789 722 2975 782 quem
3023 702 3319 776 voluerit,
3367 702 3572 762 altero
3616 699 3880 776 rejecto.
3928 699 4009 756 Re-

2510 797 2856 874 spondetur
2883 797 3070 871 enim,
3125 795 3501 873 dignitatem
3550 791 3869 870 aequalem
3904 790 4011 848 dare

2503 888 2608 969 jus
2636 889 2974 968 positivum
3019 889 3102 949 ad
3132 888 3549 958 beneficium3
3606 903 3809 964 quare
3835 883 4016 960 singuli

2511 983 2748 1043 habent
2768 982 3023 1042 titulum
3074 980 3438 1059 positivum,
3486 983 3557 1038 ut
3600 977 3848 1054 possint
3888 975 4015 1052 eligi,

2512 1074 2777 1135 exclusis
2803 1073 2942 1136 aliis
2971 1092 3149 1154 aeque
3180 1072 3388 1151 dignis
3422 1093 3439 1132 :
3476 1070 3651 1131 unde
3682 1069 4019 1145 cuicumque

2510 1169 2714 1244 detur,
2739 1168 2884 1247 jure
2914 1168 3120 1228 datur.
3154 1167 3330 1227 Idem
3357 1169 3577 1225 autem
3598 1167 3793 1234 esset,
3826 1161 3878 1219 si
3896 1169 4017 1221 uter-

2511 1281 2630 1340 que
2658 1262 2911 1339 litigans
2941 1261 3206 1321 haberet
3236 1259 3343 1339 jus
3372 1276 3556 1336 aeque
3588 1254 3915 1335 probabile
3936 1274 4021 1333 po

2507 1354 2709 1428 sitive,
2744 1372 2869 1433 quo
2897 1371 3043 1414 casu
3072 1370 3259 1431 posse
3282 1350 3569 1429 judicem
3604 1346 3891 1426 proferre
3915 1365 4023 1405 sen-

2507 1447 2789 1522 tentiam,
2823 1464 2935 1524 pro
2963 1445 3245 1523 quolibet
3271 1441 3736 1505 concessimus.

2958 1871 3382 1954 SBGTIO
3477 1869 3608 1952 xt

2512 2174 2805 2251 Quomodo
2829 2181 3069 2256 peccent
3096 2173 3128 2253 j
3130 2172 3324 2234 udices
3362 2170 3714 2252 acm‘piendo
3754 2189 3972 2230 munem
3992 2189 4015 2225 a

3079 2278 3468 2358 litiqantibus.

2587 2555 2946 2618 Notandum
2975 2554 3198 2634 primo,
3246 2553 3683 2631 quaestionem
3716 2568 4011 2630 posseesse

2506 2650 2605 2709 vel
2634 2648 2857 2709 stando
2886 2647 2947 2707 in
2973 2647 3114 2724 jure
3148 2651 3414 2722 naturae,
3452 2652 3571 2705 aut
3599 2645 3838 2718 divino,
3866 2647 3945 2702 rel
3966 2643 4009 2700 in
4078 2699 4109 2732 ,⁴

2500 2743 2642 2822 jure
2691 2742 2967 2802 humano
2996 2738 3343 2813 communi,
3394 2738 3499 2797 vel
3532 2737 4011 2816 peculiarialien-
4062 2761 4079 2778 r

2499 2835 2604 2915 jus
2634 2833 2833 2913 regni,
2881 2834 2980 2894 vel
3007 2831 3373 2912 provinciae.
3433 2831 4011 2891 Notandumsecun·
4074 2867 4083 2876 ‹

2494 2928 2609 3004 do,
2643 2925 2952 3006 ejusmodi
2979 2942 3244 2985 munera
3291 2923 3432 2982 dari
3485 2941 3684 3001 posse
3721 2922 4007 3002 judicibus,

2506 3021 2605 3081 vel
2636 3025 2939 3096 tanquam
2969 3016 3240 3094 pretium
3282 3018 3348 3075 et
3374 3014 3783 3093 stipendium
3804 3029 4011 3074 suarm

2506 3113 2826 3175 actionum
2845 3154 2861 3187 ,
2896 3114 3005 3170 aut
3031 3109 3214 3170 aliter
3239 3108 3443 3186 gratis
3483 3114 3553 3169 et
3578 3108 3909 3169 liberaliter
3928 3124 4015 3185 per

2505 3206 2765 3268 modum
2793 3201 3142 3282 largitionis
3173 3208 3237 3263 et
3264 3202 3667 3263 donationis,

2586 3299 2695 3360 His
2724 3294 3083 3375 suppositis»,
3118 3298 3363 3355 certum
3385 3300 3510 3369 est,
3538 3294 3796 3373 Judieae
3818 3293 3913 3371 qui
3932 3291 4013 3350 ln·

2505 3395 2658 3455 bent
2701 3390 3108 3451 constitutum
3135 3387 3411 3466 pretium
3457 3394 3528 3448 et
3554 3388 3923 3466 stipendium
3938 3385 4012 3461 ju-

2506 3490 2670 3546 stum
2700 3501 2957 3544 suarum
2986 3480 3331 3554 actionum,
3366 3479 3509 3540 sive
3541 3500 3625 3540 ex
3656 3481 3791 3559 lege
3817 3480 3935 3539 sive
3957 3494 4015 3535 ex

2506 3577 2939 3651 conventione,
2991 3592 3116 3633 non
3162 3591 3347 3652 posse
3373 3573 3627 3652 aliquid
3662 3573 3915 3652 amplius
3935 3587 4014 3628 at·

2506 3673 2712 3749 cipere
2744 3670 2807 3729 in
2835 3668 3108 3747 pretium
3137 3684 3249 3744 pro
3278 3684 3356 3727 eo
3378 3685 3659 3727 munere
3680 3662 4013 3727 exercendo.

2505 3768 2654 3828 Haec
2699 3766 2792 3822 est
2834 3760 3118 3823 doctrina
3149 3760 3537 3835 communis,
3588 3760 3676 3820 de
3706 3778 3831 3839 qua
3856 3754 4017 3817 videti

2505 3859 2714 3936 potest
2748 3855 2869 3915 late
2898 3852 3153 3927 Molina,
3214 3852 3320 3930 qui
3376 3852 3541 3913 alios
3586 3854 3826 3913 multos
3866 3849 4020 3909 refert

2504 3955 2657 4011 tom.
2701 3951 2749 4010 Ι.
2809 3945 2880 4006 de
2891 3944 3093 4025 justit.
3153 3944 3317 4023 disp.
3365 3961 3635 4006 Lxxxm.
3700 3944 3877 4005 Ratio
3902 3957 4019 4000 vero

2504 4045 2598 4103 est
2625 4041 2814 4115 clara,
2867 4038 3015 4117 quia
3063 4037 3128 4097 in
3178 4037 3349 4097 omni
3381 4038 3718 4116 emptione
3750 4044 3815 4098 et
3840 4033 4021 4094 rendi·

2502 4136 2670 4197 tione
2692 4132 2964 4212 pretium
2978 4130 3289 4191 excedens
3304 4148 3377 4190 su
3384 4149 3505 4209 pra
3516 4132 3805 4210 pretium
3815 4130 4021 4208 justum

2503 4233 2566 4290 et
2593 4227 2942 4306 legitimum
2995 4229 3091 4285 est
3119 4223 3446 4302 injustum,
3507 4230 3573 4285 et
3621 4241 3915 4285 excessus
3936 4220 4023 4279 de-

2500 4322 2609 4383 bet
2634 4317 2914 4390 restitui;
2971 4317 3025 4378 si
3077 4334 3229 4395 ergo
3279 4316 3484 4395 judex
3540 4316 3749 4378 habet
3788 4316 4021 4394 pretim

2502 4414 2640 4492 lege
2675 4415 2982 4486 taxatum,
3032 4409 3342 4488 quidquid
3393 4408 3557 4471 ultra
3590 4409 3760 4469 illud
3806 4406 4017 4485 accipit,

2501 4506 2729 4586 injuste
2760 4503 2991 4581 accipit
3042 4505 3106 4562 et
3156 4501 3349 4562 debet
3385 4501 3664 4578 restitui,
3730 4502 3861 4560 sive
3900 4498 4019 4558 illud

2502 4599 2772 4679 pretium
2801 4599 3103 4658 statutum
3158 4595 3238 4655 sit
3294 4613 3371 4655 ex
3426 4595 3859 4656 conventione
3905 4609 4021 4652 eum

2500 4692 2805 4772 partibus,
2856 4690 2987 4750 sive
3028 4708 3103 4749 ex
3144 4687 3464 4749 taxatione
3493 4688 3871 4766 reipublicae
3896 4686 4025 4745 ‹lan-

2501 4787 2579 4848 tis
2601 4783 2801 4865 judici
2838 4786 3080 4843 certum
3134 4785 3198 4842 et
3252 4780 3765 4842 determinatum
3820 4780 4025 4859 stipa·

2501 4878 2676 4940 dium
2705 4893 2818 4954 pro
2865 4874 2994 4935 suis
3032 4873 3420 4945 actionibus;
3464 4872 3602 4951 jam
3656 4875 3836 4934 enim
3857 4872 4021 4952 judex

2501 4970 2691 5031 debet
2716 4968 2851 5028 illas
2880 4986 2953 5027 ex
2968 4965 3233 5045 justitia,
3270 4971 3333 5028 et
3354 4985 3466 5045 per
3486 4984 3895 5047 consequens
3922 4982 4019 5025 eo·

2500 5067 2707 5143 potest
2732 5060 2901 5121 aliud
2931 5059 3201 5139 pretium
3231 5078 3346 5137 pro
3376 5059 3496 5119 illis
3526 5061 3852 5139 accipere.

2581 5154 2861 5216 Diximus
2888 5157 3122 5225 autem,
3184 5171 3310 5213 non
3365 5171 3549 5232 posse
3588 5153 3889 5231 judicem
3931 5170 4017 5231 pm

2503 5268 2578 5310 ca
2606 5247 2849 5309 actione
2871 5246 3011 5325 plus
3034 5246 3217 5324 pretii
3237 5246 3522 5325 accipere
3547 5266 3561 5305 :
3598 5266 3726 5325 per
3740 5248 3861 5308 hoc
3878 5248 4009 5308 enim

2502 5360 2627 5402 non
2655 5339 2887 5402 tollitur
2916 5339 3085 5418 quod
3107 5338 3304 5418 possit
3323 5338 3613 5417 accipere
3635 5343 3911 5419 pretium
3928 5358 4011 5419 pr·
4077 5324 4091 5337 ⁰

2501 5433 2710 5512 aliquo
2740 5432 2860 5493 alio
2890 5431 2972 5492 ad
3000 5431 3172 5509 quod
3202 5451 3328 5493 non
3357 5431 3733 5493 tenebatur:
3770 5443 3841 5495 nt
3863 5436 3907 5495 si
3932 5453 4009 5512 pe—

2500 5530 2669 5588 tatur
2693 5544 2733 5587 a
2744 5523 2980 5605 judice,
3014 5523 3183 5602 qnod
3204 5525 3392 5585 domo
3416 5524 3817 5603 egrediatur,
3850 5534 3905 5586 et
3922 5528 4009 5585 iter
