4263 6376
1185 266 1656 327 DISPUTATIO
1703 266 1921 342 XXIX,
1971 266 2247 326 SECTIO
2291 267 2392 326 xl.

244 450 311 510 de
334 449 611 508 testatore
640 462 783 506 cum
814 442 1185 505 contritione
1216 442 1560 503 decedente
1583 489 1597 516 ,
1649 443 1748 502 vel

243 541 359 600 sine
385 540 483 600 illa
504 585 519 614 ,
570 543 632 599 et
658 538 737 598 de
766 537 1173 598 distributore
1204 535 1301 596 cui
1335 536 1484 595 data
1515 539 1609 595 est
1635 553 1748 615 po-

240 639 411 695 testas
437 632 647 706 libera,
681 630 779 690 vel
810 630 1011 691 solum
1042 648 1154 706 per
1182 628 1377 687 verba
1408 628 1747 706 importan-

238 727 317 787 tia
341 724 682 800 arbitrium,
729 741 886 802 quos
928 725 1214 787 auctores
1256 722 1437 781 affert
1467 719 1748 782 Sanchez

242 837 393 881 num.
430 821 518 878 16.
565 817 679 890 Qui
712 822 921 876 tamen
955 833 1098 875 cum
1126 814 1363 875 Melina
1384 812 1746 893 jurisperito

241 912 439 972 melius
465 909 754 970 concedit
783 908 1096 983 absolute,
1150 907 1297 985 quia
1334 906 1397 966 in
1438 904 1749 984 ejusmodi

242 1004 439 1082 legatis
466 1004 596 1063 sola
626 1002 826 1080 pietas
856 999 1241 1060 attendenda
1273 1003 1398 1073 est,
1442 1003 1505 1058 et
1545 996 1751 1076 major

243 1098 425 1176 pietas
453 1095 786 1175 appar-etin
800 1093 1183 1154 sublevando
1197 1110 1476 1171 paupere
1498 1090 1750 1149 inimico

242 1208 412 1269 quam
441 1189 663 1249 amice.
1222 1207 1229 1214 ¹

3261 266 3373 326 147

1847 443 2123 519 alterius,
2163 443 2260 502 hic
2287 443 2515 522 poterit
2541 442 2850 522 quoslibet
2877 441 3378 521 consanguineos

1848 555 2153 615 pauperes
2184 537 2452 614 eligere,
2498 536 2743 596 omissis
2790 535 3271 613 proximioribus
3317 539 3382 596 et

1846 629 2345 708 pauperioribuS,
2364 628 2545 708 juxta
2568 629 2951 707 supradicta,
2990 633 3059 690 ut
3077 647 3218 688 cum
3244 628 3379 687 aliis

1847 721 2030 781 docet
2059 722 2340 783 Sanchez
2370 722 2534 783 dicto
2567 741 2704 801 cap.
2740 724 2785 783 1.
2822 722 2970 782 dub.
3005 739 3148 782 an.
3186 742 3290 781 nu.
3318 725 3374 781 1.

1846 817 1905 875 3.
1940 819 2003 875 et
2031 817 2091 874 5.
2126 814 2188 873 in
2223 832 2346 893 quo
2379 834 2502 874 non
2533 815 2783 875 videtur
2807 814 2960 873 mihi
2992 814 3143 874 satis
3174 831 3383 873 conse·

1850 913 2112 987 quenter
2138 907 2407 983 locutuS,
2443 908 2549 986 qui
2580 908 2729 968 dub.
2766 924 2860 967 Lx.
2908 924 3081 967 num.
3116 910 3174 968 5.
3210 906 3384 966 dixe-

1850 1005 1979 1077 rat,
2033 1001 2093 1059 in
2142 1002 2349 1079 legato
2400 1001 2831 1061 distribuendo
2881 1001 3041 1060 inter
3076 1017 3383 1078 pauperes

1851 1093 2147 1153 domicilii
2215 1093 2446 1153 debere
2515 1094 2796 1172 praeferri
2862 1093 3379 1171 consanguineoS,

1853 1187 2096 1247 etiamsi
2145 1187 2222 1246 de
2271 1187 2389 1247 illis
2436 1191 2699 1248 testator
2728 1186 2880 1245 nihil
2925 1185 3185 1261 dixerit,
3238 1185 3388 1264 quia

85 1289 134 1346 39
310 1283 628 1344 Dubitatur
656 1281 958 1359 septime,
1002 1279 1080 1339 de
1112 1279 1342 1358 quibus
1372 1275 1754 1353 consangui-
1852 1279 1988 1340 haec
2014 1279 2265 1340 videtur
2311 1279 2498 1339 fuisse
2551 1279 2684 1354 ejus
2713 1279 3001 1339 voluntas
3035 1294 3049 1339 ε
3105 1278 3390 1340 similiter

85 1414 185 1456 mm,
241 1376 357 1436 neis
385 1374 912 1452 intelligidebeat,
958 1371 1211 1451 quando
1244 1370 1479 1449 aliquid
1509 1369 1757 1447 legatur
1855 1390 2003 1450 ergo
2029 1419 2044 1448 ,
2080 1371 2331 1452 quando
2381 1372 2616 1449 legavit
2660 1390 2771 1449 pro
2823 1371 3203 1450 pauperibus
3242 1388 3387 1430 con-

85 1479 198 1560 nis-2¹5¹·
241 1487 340 1547 pro
361 1467 835 1545 consanguineis
855 1465 1214 1527 testatoris?
1242 1463 1519 1524 Diximus
1538 1479 1750 1540 supra,
1855 1464 2236 1544 sanguineiS,
2268 1463 2641 1543 praeferendi
2675 1468 2881 1524 essent
2906 1464 3109 1542 magis
3139 1462 3387 1542 propin-

85 1574 178 1668 ξιξ.
242 1559 428 1642 quoad
457 1559 886 1620 successiones
933 1557 1011 1616 ab
1050 1557 1339 1618 intestato
1370 1554 1580 1616 vocari
1611 1572 1756 1614 con·
1855 1557 1984 1638 qui,
2017 1557 2238 1620 saltem
2271 1556 2321 1616 si
2351 1556 2710 1618 notabiliter
2740 1561 2901 1618 esset
2917 1556 3121 1637 major
3140 1555 3389 1635 propin-

240 1653 594 1730 sanguineos
637 1670 841 1731 usque
885 1651 963 1711 ad
1004 1650 1320 1716 decimum
1362 1648 1629 1725 gradum
1660 1647 1757 1706 in-

239 1745 481 1819 clusive,
517 1743 898 1823 computatis
926 1743 1224 1821 gradibus
1253 1759 1327 1802 eo
1356 1740 1544 1801 modo
1565 1786 1581 1816 ,
1634 1756 1756 1819 quo

231 1841 359 1918 jure
387 1838 547 1897 civili
578 1840 1026 1915 computantur
1065 1856 1078 1896 :
1112 1835 1177 1894 in
1211 1833 1623 1912 majoratibus
1654 1851 1760 1891 au-

240 1937 350 1992 tem
378 1976 393 2005 ,
452 1935 515 1990 et
556 1930 633 1989 iis
665 1949 807 2009 quae
855 1929 933 1987 ad
966 1928 1505 1988 conservationem
1537 1943 1763 2004 perpe-

240 2029 397 2084 tuam
442 2023 698 2082 familia?
744 2021 1191 2096 instituuntur,
1240 2019 1450 2080 vocari
1495 2036 1762 2078 consan-

237 2115 483 2193 guineos
537 2115 675 2174 sine
738 2114 1000 2175 termino
1037 2131 1050 2171 ε
1113 2113 1176 2172 in
1236 2110 1761 2172 descendentibus

238 2209 409 2268 etiam
434 2213 496 2269 et
534 2206 1025 2267 ascendentibus
1065 2223 1191 2264 non
1236 2208 1330 2264 est
1360 2204 1520 2263 ullus
1550 2202 1764 2264 termi-

240 2319 363 2360 nuS.
396 2303 525 2371 Quo
549 2299 900 2377 supposito,
937 2297 1274 2358 dicendum
1294 2296 1562 2371 videtur,
1597 2295 1649 2354 si
1675 2295 1764 2354 le-

236 2400 435 2471 gatum
465 2411 589 2452 non
621 2392 705 2452 sit
724 2396 1097 2471 perpetuum
1116 2409 1228 2469 pro
1252 2388 1758 2466 consanguineiS,

239 2486 337 2545 sed
378 2486 761 2564 temporale,
809 2503 915 2544 eos
958 2483 1217 2560 intelligi
1264 2481 1765 2560 consanguineos

239 2578 334 2658 qui
375 2584 519 2639 sunt
565 2579 736 2638 intra
782 2576 1097 2637 decimu-m
1145 2575 1450 2654 gradum,
1513 2581 1581 2634 ut
1622 2591 1765 2633 cum

240 2671 365 2732 aliis
391 2671 575 2732 (locet
606 2669 892 2732 Sanchez
922 2669 1089 2730 dicto
1120 2686 1258 2746 cap.
1296 2670 1372 2730 V.
1404 2667 1555 2727 dub.
1589 2682 1760 2726 xxlv.

238 2782 399 2823 num.
434 2767 534 2824 13.
571 2763 623 2822 si
659 2780 808 2822 vero
838 2767 1063 2838 agatur
1092 2761 1170 2821 de
1199 2760 1336 2840 jure
1368 2763 1759 2839 patronatuS‚

239 2855 650 2917 admittuntur
680 2852 1132 2933 consanguinei
1160 2854 1223 2912 in
1255 2852 1537 2932 quolibet
1564 2851 1767 2930 gradu

239 2952 467 3009 remoto
498 2949 561 3008 in
596 2947 915 3008 defectum
944 2945 1364 3025 proximioriS,
1401 2945 1545 3024 quia
1579 2943 1769 3023 aequi-

240 3048 485 3120 paratur
513 3039 857 3119 maj0ratui
888 3043 1218 3117 perpetuo.
1263 3036 1526 3110 Quando
1557 3040 1769 3097 autem

238 3135 506 3214 legatum
556 3136 729 3194 esset
756 3136 1164 3212 perpetuum,
1214 3150 1275 3192 v.
1310 3148 1406 3209 gr.
1456 3147 1569 3210 pro
1614 3129 1772 3190 duo-

239 3229 347 3288 bus
376 3226 776 3288 scholasticis
807 3225 1047 3285 alendis
1072 3271 1086 3300 ,
1141 3224 1220 3284 ad
1264 3223 1434 3303 quod
1464 3228 1772 3284 vocantur

240 3320 710 3399 consanguinei,
745 3319 935 3397 aliqui
968 3319 1204 3393 dicunt,
1239 3317 1488 3378 extendi
1521 3317 1601 3376 ad
1631 3335 1775 3376 con-

240 3414 616 3492 sanguineos
660 3412 823 3472 ultra
864 3411 1178 3471 decimum
1209 3410 1500 3488 gradum.
1537 3409 1768 3471 Sanch.

241 3506 397 3567 dicto
426 3524 605 3566 num.
643 3507 743 3565 15.
778 3509 839 3565 et
870 3507 965 3564 16.
1014 3521 1157 3564 cum
1196 3502 1333 3562 aliis
1362 3502 1522 3562 bene
1553 3501 1772 3563 distin-

241 3600 368 3675 guit
392 3599 559 3659 inter
587 3597 1080 3675 perpetuitatem
1110 3595 1318 3675 quoad
1362 3596 1564 3656 solum
1604 3595 1778 3673 lega-

240 3697 386 3766 tum,
420 3691 521 3751 vel
552 3690 750 3751 etiam
781 3690 987 3768 quoad
1006 3688 1526 3766 consanguineos
1554 3689 1623 3749 In
1651 3688 1779 3767 pri-

242 3803 337 3844 rno
367 3803 513 3844 casu
547 3783 724 3857 dicit,
759 3782 1007 3842 admitti
1037 3782 1239 3842 solum
1268 3800 1466 3859 usque
1500 3781 1574 3839 ad
1609 3780 1779 3840 deci-

243 3896 406 3936 mum
436 3875 737 3955 gradum,
773 3894 834 3934 v.
869 3894 931 3952 g.
968 3874 1020 3933 si
1048 3874 1326 3951 legatum
1356 3873 1438 3934 sit
1465 3891 1574 3951 pro
1608 3873 1781 3932 alen-

245 3969 332 4029 dis
373 3969 627 4028 duobus
686 3965 1074 4027 scholasticis
1120 3966 1537 4044 pauperibuS,
1587 3966 1672 4027 ita
1714 3969 1783 4026 ut

245 4081 488 4140 semper
558 4059 979 4139 praeferantur
1050 4058 1499 4137 consanguinei
1561 4079 1573 4119 :
1632 4063 1782 4119 tunc

248 4155 437 4229 enim,
472 4152 727 4214 etiamsi
756 4152 963 4212 desint
991 4151 1471 4229 consanguinei,
1506 4151 1783 4228 legatum

249 4264 362 4306 non
393 4247 503 4307 fiet
532 4245 869 4321 caducum,
903 4244 1015 4305 sed
1036 4243 1289 4303 dabitur
1303 4243 1441 4303 aliis
1464 4262 1537 4304 ex
1571 4243 1785 4303 volun-

248 4344 369 4400 tate
397 4337 746 4400 testatoris.
781 4339 846 4397 ln
878 4337 1154 4398 seeundo
1186 4340 1398 4397 autem
1428 4355 1578 4397 casu
1608 4354 1788 4398 voca-

249 4432 478 4492 buntur
497 4429 954 4509 consanguinei
979 4429 1113 4490 sine
1134 4430 1423 4504 termino,
1459 4435 1528 4491 ut
1546 4430 1597 4489 si
1619 4429 1786 4507 lega-

248 4532 375 4585 tum
413 4525 527 4584 fiat
556 4527 934 4602 perpetuum
980 4540 1093 4601 pro
1124 4522 1364 4582 alendis
1401 4521 1788 4583 scholasticis

251 4616 738 4694 consanguineis
760 4663 774 4692 ,
826 4618 923 4676 vel
968 4633 1083 4695 pro
1114 4615 1411 4677 dotandis
1440 4616 1788 4693 virginibus

1858 1652 2101 1731 quitaS,
2153 1650 2298 1729 quia
2347 1649 2483 1709 haec
2527 1649 2716 1710 etiam
2755 1649 3077 1710 videretur
3103 1667 3238 1710 esse
3265 1653 3392 1710 tes·

1856 1743 2074 1805 tatoris
2126 1743 2433 1803 voluntas
2478 1741 2822 1820 Utrobique
2861 1760 3010 1820 ergo
3054 1741 3392 1802 dicendum

1858 1841 1953 1896 est
1977 1884 1991 1912 ,
2027 1854 2194 1911 eum,
2230 1834 2330 1895 cui
2357 1834 2554 1893 libera
2588 1834 2851 1894 {acuitas
2882 1835 3155 1913 eligendi
3184 1834 3386 1909 datur,

1858 1930 2216 1989 satisfacere
2249 1945 2372 1986 non
2405 1925 2692 2003 eligendo
2723 1927 2923 2004 magis
2944 1928 3386 2006 propinquum,

1860 2021 2111 2101 quando
2142 2023 2404 2080 testator
2444 2019 2508 2078 id
2539 2037 2662 2078 non
2695 2019 2868 2094 dixit,
2904 2019 3002 2079 vel
3033 2020 3220 2080 etiam
3250 2035 3396 2096 pro-

1861 2115 2166 2192 pinquum
2192 2160 2207 2188 ,
2242 2110 2493 2192 quando
2524 2115 2785 2188 testator
2831 2130 2956 2171 non
2985 2111 3287 2190 obligavit
3314 2109 3394 2170 ad

1861 2205 2384 2285 consanguineos.

1943 2300 2008 2361 Si
2037 2317 2185 2359 vero
2214 2299 2491 2376 legatum
2514 2315 2637 2357 non
2661 2298 3089 2358 committatur
3109 2295 3397 2358 electioni

1863 2393 2117 2452 alterius
2143 2438 2158 2466 ,
2192 2391 2303 2451 sed
2331 2391 2440 2451 fiat
2467 2389 2830 2451 immediate
2872 2408 2984 2468 pro
3028 2389 3398 2467 consangui-

1863 2484 1997 2545 neis
2023 2483 2406 2563 pauperibus
2452 2482 2694 2543 alendis
2736 2483 2835 2544 vel
2884 2483 3214 2558 dotandiS,
3274 2487 3393 2558 etc,

1866 2575 2145 2657 praeferri
2176 2574 2409 2635 debent
2447 2575 2647 2653 magis
2694 2574 3067 2654 propinqui,
3125 2575 3273 2654 quia
3323 2593 3397 2636 co

1867 2669 2085 2731 ordine
2115 2667 2318 2728 vocati
2349 2667 2643 2728 videntur
2682 2686 2718 2728 a
2744 2673 3084 2745 testatore,
3136 2687 3258 2748 quo
3289 2686 3400 2729 vo-

1865 2766 2090 2823 cantur
2118 2780 2156 2819 a
2177 2759 2318 2838 jure
2350 2760 2512 2819 civili
2559 2760 2636 2820 ad
2666 2761 3126 2821 successionem
3179 2762 3259 2821 ab
3305 2761 3402 2820 in·-

1866 2857 2127 2929 testat0‚
2180 2859 2249 2913 ut
2294 2872 2436 2913 cum
2495 2853 2632 2913 aliis
2679 2854 2863 2914 docet
2914 2854 3198 2915 Sanchez
3247 2854 3395 2916 dict.

1868 2948 2018 3009 dub.
2052 2963 2196 3007 mm.
2224 2965 2395 3008 num.
2420 2949 2479 3006 2.
2507 2948 2662 3007 Item
2689 2947 3063 3024 praeferendi
3084 2952 3230 3009 sunt
3249 2966 3404 3025 pau-

1867 3041 2166 3120 periores,
2200 3043 2271 3098 ut
2296 3055 2439 3098 cum
2469 3038 2788 3097 communi
2820 3038 3005 3100 docet
3042 3040 3208 3099 idem
3242 3058 3304 3101 n.
3339 3041 3398 3102 3.

1872 3134 2047 3195 Ratio
2077 3136 2287 3193 autem
2320 3134 2443 3207 est,
2497 3132 2643 3211 quia
2674 3131 2736 3190 in
2764 3131 2883 3193 hoc
2911 3150 3059 3194 casu
3105 3151 3227 3194 non
3260 3150 3409 3213 pro-

1871 3227 2035 3288 cedit
2063 3226 2219 3286 ratio
2259 3243 2448 3303 supra
2477 3224 2750 3285 adducta
2781 3226 2950 3304 quod
2982 3235 3275 3288 executor
3302 3245 3404 3286 sa-

1869 3318 2142 3382 tisfaciat
2169 3317 2460 3396 eligendo
2478 3335 2826 3396 pauperem
2848 3320 3405 3397 consanguineum,

1873 3411 2040 3491 quod
2080 3410 2284 3470 solum
2330 3428 2365 3468 a
2395 3413 2690 3470 testatore
2738 3410 2795 3470 ei
2849 3411 3212 3489 impositum
3240 3412 3406 3475 fuit:

1874 3505 1934 3565 in
1966 3503 2086 3564 hoc
2127 3502 2295 3563 enim
2337 3519 2486 3562 casu
2518 3502 2672 3562 nihil
2703 3503 3066 3581 impositum
3097 3508 3192 3565 est
3221 3524 3257 3563 a
3285 3509 3411 3565 tes·

1872 3602 2098 3671 tatere,
2148 3614 2263 3655 nec
2294 3595 2513 3656 electio
2544 3595 2731 3655 alicui
2760 3597 3097 3657 commissa
3126 3603 3250 3673 est,
3298 3594 3411 3657 sed

1876 3692 2007 3770 ipse
2036 3693 2299 3751 testator
2339 3687 2701 3749 immediate
2733 3689 2902 3766 legat
2931 3689 3412 3767 consanguineis

1878 3782 2298 3862 pauperibus;
2385 3799 2579 3858 quare
2634 3780 2978 3841 videndum
3034 3783 3234 3842 solum
3293 3786 3408 3857 est,

1879 3894 2065 3954 quem
2091 3874 2375 3934 ordinem
2408 3877 2669 3933 testator
2699 3873 2830 3950 ipse
2860 3874 3128 3935 voluerit
3147 3921 3162 3951 ,
3195 3879 3257 3935 et
3286 3894 3416 3935 cer-

1879 3973 2012 4030 tum
2043 3967 2291 4027 videtur
2317 3965 2486 4044 quod
2515 3966 2783 4026 voluerit
2810 3966 3022 4045 legare
3044 3966 3246 4047 primo
3275 3968 3413 4030 loco

1880 4059 2081 4138 magis
2112 4058 2510 4138 propinquiS,
2546 4062 2609 4118 et
2636 4059 3135 4137 pauperioribus
3172 4060 3235 4121 Si
3266 4078 3414 4121 vero

1882 4172 2043 4215 unus
2072 4153 2152 4214 sit
2178 4152 2382 4230 magis
2410 4151 2800 4231 propinquus
2822 4199 2836 4227 ,
2890 4157 2953 4213 et
2996 4154 3154 4214 alter
3182 4172 3417 4232 paupe-

1884 4247 2044 4323 rior,
2077 4244 2505 4325 praeferendus
2535 4248 2629 4305 est
2656 4246 2859 4325 magis
2888 4247 3303 4325 propinquus,
3351 4250 3422 4308 ut

1886 4358 2027 4401 cum
2070 4339 2208 4399 aliis
2239 4339 2425 4399 docet
2451 4337 2618 4397 idem
2651 4339 2879 4399 Sanch.
2933 4356 3103 4400 num.
3142 4343 3237 4399 10.
3274 4340 3419 4418 quia

1886 4449 2077 4493 causa
2124 4430 2426 4491 naturalis
2468 4430 2801 4510 praefertur
2842 4432 3251 4509 accidentali,
3303 4432 3419 4492 nisi

1886 4524 2271 4586 contrarium
2326 4528 2570 4584 constet
2632 4523 2710 4583 de
2767 4524 3089 4585 voluntate
3161 4529 3422 4585 testato-

1886 4638 1992 4679 ris.

250 4709 780 4787 consanguineis:
814 4709 1065 4769 videtur
1094 4709 1261 4768 enim
1298 4714 1561 4769 testator
1588 4710 1792 4768 inten-
1970 4710 2292 4771 Dubitatm
2355 4714 2613 4784 octaVO,
2674 4727 2754 4769 an
2806 4708 3084 4787 legatum
3140 4710 3424 4770 relictum
3579 4732 3684 4790 291

252 4803 410 4863 disse
440 4802 934 4881 perpetuitatem
977 4802 1170 4878 legati
1215 4802 1380 4861 inter
1417 4801 1793 4879 consangui-
1889 4822 2002 4884 pro
2034 4803 2327 4863 dotandis
2357 4802 2875 4880 consanguineiS,
2911 4803 2960 4862 si
2997 4803 3092 4862 ha}
3124 4821 3243 4863 non
3280 4805 3422 4881 sint,
3536 4855 3641 4907 Quid
3693 4854 3730 4898 εἰ

254 4915 399 4955 neos
424 4942 439 4971 ,
495 4913 645 4973 quae
689 4899 899 4954 tamen
948 4894 1127 4954 facile
1160 4898 1596 4970 evanesceret,
1649 4911 1793 4953 cum
1893 4897 2076 4958 cedat
2123 4896 2406 4956 haeredi?
2454 4896 2549 4955 Ad
2584 4896 2701 4955 hoc
2723 4896 3068 4973 respondet
3096 4896 3255 4955 bene
3280 4898 3431 4956 San·
3561 4888 3727 4973 daim,

256 4988 535 5048 decimus
567 4987 808 5065 gradus
838 4986 1429 5066 computatusjuxta
1448 4988 1618 5066 leges
1649 4988 1794 5047 civi·
1894 4990 2044 5049 cliez
2077 4988 2242 5048 dicto
2271 4988 2357 5049 lib
2389 4990 2492 5049 IV.
2545 5006 2683 5066 cap.
2722 5004 2788 5047 11.
2838 4988 2988 5047 dub.
3024 5004 3152 5047 xxi.
3197 4989 3247 5047 si
3278 4988 3433 5049 defi·
3486 4975 3788 5060 ξέἔῖῗὲζᾶξγ

253 5082 341 5142 les
370 5082 556 5141 facile
588 5080 788 5158 possit
814 5080 1041 5158 perire.

1895 5086 2111 5142 cerent
2140 5099 2263 5141 non
2294 5082 2497 5141 solum
2528 5099 2692 5141 nunc
2721 5080 2830 5141 sed
2862 5080 2923 5138 in
2958 5085 3300 5157 posterum,
3337 5100 3433 5143 ce-

85 5178 143 5236 90
335 5177 432 5235 An
464 5192 624 5234 vero
672 5174 735 5232 in
774 5172 1081 5253 ejusmodi
1111 5172 1333 5250 legatis
1379 5192 1492 5252 pro
1537 5192 1796 5234 consan—

85 5303 197 5345 naun
260 5267 505 5345 guineis
561 5266 950 5346 pauperibus
999 5265 1371 5344 praeferendi
1419 5266 1540 5327 sint
1594 5267 1797 5345 magis

116 5358 121 5363 ’
265 5359 648 5438 propinqui,
696 5362 758 5418 et
799 5358 1242 5437 pauperioreS,
1292 5358 1803 5437 distinguendum

264 5458 392 5527 est,
455 5469 614 5511 nam
672 5451 720 5509 si
766 5451 1040 5529 legatum
1072 5451 1482 5512 committitur
1516 5451 1804 5512 electioni

1898 5174 2047 5234 dere
2078 5173 2313 5233 haeredi
2342 5193 2355 5246 ;
2391 5173 2536 5253 quia
2565 5173 2711 5233 licet
2737 5173 3017 5251 legatum
3050 5174 3219 5250 pium
3251 5174 3436 5236 debe-

1904 5271 2002 5328 ret
2028 5267 2088 5325 in
2125 5267 2279 5327 alios
2310 5286 2458 5326 usus
2488 5267 2623 5345 pios
2653 5265 2930 5325 converti
2959 5286 2974 5337 ς
3029 5266 3180 5325 illud
3231 5278 3441 5329 tamen

1906 5361 2216 5438 legatum,
2273 5359 2514 5419 etiamsi
2578 5363 2741 5418 esset
2797 5378 2908 5435 pro
2963 5361 3445 5437 consanguineis

1909 5452 2317 5531 pauperibus,
2355 5468 2475 5510 uon
2509 5456 2799 5511 censetur
2821 5451 3015 5529 pium,
3051 5456 3119 5513 ut
3146 5472 3335 5531 supra
3356 5453 3444 5514 di-

85 5366 142 5405 ‘l’
152 5410 159 5419 .

86 5419 198 5462 nque.
