4263 6376
103 489 150 548 53

81 613 205 665 &satri

68 675 138 710 &a
168 665 245 708 wo.

68 719 225 829 25⁸3,

68 830 151 870 mm
176 829 218 870 ad

99 889 167 923 m

77 939 205 979 Qun.

1311 307 1778 368 DISPUTATIO
1822 305 2011 381 XXV,
2059 305 2335 368 SECTIO
2378 310 2453 370 V.

360 483 517 541 Hinc
546 482 830 543 inferunt
856 484 1088 544 Melina
1110 530 1126 560 ,
1165 487 1229 544 et
1257 484 1431 544 Salas
1460 482 1610 543 loeis
1640 482 1810 543 citat.

284 574 465 634 licere
496 583 791 635 mutuare
824 577 994 636 mille
1026 576 1145 636 hoc
1173 576 1382 651 modo,
1415 581 1487 635 ut
1514 575 1817 636 terminus

284 667 605 726 solutionis
635 668 940 729 faciendae
982 669 1061 729 sit
1102 668 1352 746 quando
1393 667 1815 728 mutuatarius

284 758 524 819 daeinat
552 761 770 820 venire
801 761 880 820 ad
914 766 1091 820 tuum
1120 761 1572 832 molendinum,
1608 759 1702 819 vel
1735 758 1814 816 ad

282 854 449 912 tuam
478 852 789 912 scholam.
826 855 920 913 lta
956 853 1187 913 Melina
1217 853 1376 930 disp.
1410 857 1549 913 209.
1592 851 1673 911 ad
1701 851 1810 910 fin.

285 948 346 1004 et
373 944 552 1004 salas
607 945 810 1005 dubit.
847 961 931 1005 lx.
984 964 1156 1004 num.
1190 948 1250 1005 6.
1303 945 1452 1023 quia
1479 943 1816 1021 unicuique

281 1034 518 1096 licitum
558 1042 657 1097 est
684 1055 1005 1116 apponere
1034 1042 1250 1097 mutuo
1297 1055 1408 1096 suo
1451 1035 1813 1108 terminum,

285 1146 468 1206 quem
498 1130 792 1204 voluerit,
828 1135 896 1192 ut
924 1130 1237 1206 colligitur
1264 1149 1334 1189 ex
1367 1130 1408 1188 l.
1461 1129 1635 1199 Vino,
1671 1128 1738 1188 ff.
1769 1126 1824 1185 si

284 1231 499 1279 certum
521 1231 792 1300 petatur.
843 1222 1200 1282 Periculosa
1245 1222 1500 1300 quidem
1543 1225 1638 1282 est
1681 1220 1820 1281 talis

285 1315 616 1374 conventio
642 1362 657 1390 ,
717 1335 795 1374 ne
825 1333 1157 1375 usurarum
1187 1333 1527 1392 gravamen
1572 1313 1689 1373 sub
1745 1330 1820 1371 ea

288 1407 630 1483 pallietur:
683 1408 734 1468 si
783 1413 992 1467 tamen
1034 1426 1255 1467 revera
1300 1425 1421 1467 non
1470 1411 1720 1486 petatur
1754 1409 1825 1464 ut

286 1500 575 1577 pretium,
611 1501 726 1560 sed
755 1500 957 1560 solum
982 1500 1359 1574 utconditio,
1394 1517 1520 1577 qua
1539 1502 1821 1558 cessante

286 1598 579 1652 mutuans
612 1612 740 1653 non
771 1594 905 1653 vult
946 1612 1130 1652 suum
1169 1593 1544 1653 beneficium
1573 1593 1819 1668 ingrato

288 1685 554 1761 amplius
575 1685 1020 1761 conferre,non
1038 1686 1286 1745 videtur
1309 1689 1663 1746 contractus
1681 1702 1821 1761 usu·

285 1777 507 1835 rarius
547 1778 728 1838 Unde
773 1797 990 1837 rursus
1019 1778 1184 1837 idem
1213 1777 1462 1836 videtur
1489 1776 1641 1835 mihi
1673 1793 1822 1834 con-

286 1874 624 1946 sequenter
661 1870 1038 1944 dicendam,
1085 1869 1136 1928 si
1184 1869 1304 1929 non
1336 1873 1622 1928 mutuum
1647 1914 1661 1941 ,
1712 1866 1822 1925 sed

287 1960 584 2039 obligatio
628 1962 712 2021 ad
746 1961 1160 2021 mutuandum
1189 1962 1252 2020 in
1282 1966 1600 2039 posterum
1629 1960 1824 2020 altera

287 2054 420 2112 vice
443 2101 461 2118 .
507 2061 579 2114 ut
608 2055 887 2115 conditio
920 2055 1309 2115 desideretur
1332 2100 1346 2129 ,
1398 2074 1458 2114 V.
1494 2073 1589 2132 gr.
1640 2054 1691 2113 si
1722 2069 1824 2128 pe-

283 2147 441 2205 tenti
487 2152 783 2207 mutuum
834 2147 1029 2207 dicae.
1081 2149 1212 2224 Ego
1260 2148 1403 2207 nolo
1451 2165 1564 2224 pro
1605 2150 1822 2206 mutuo

287 2240 558 2317 pretium
616 2259 654 2300 a
687 2245 787 2314 te,
851 2240 963 2299 sed
994 2240 1281 2299 desidero
1329 2239 1823 2318 experimentum

287 2337 410 2393 tuae.
438 2332 761 2408 amicitiae,
804 2351 883 2391 an
928 2333 1082 2392 velis
1127 2338 1184 2394 te
1232 2333 1381 2391 mihi
1436 2332 1714 2409 obligare
1745 2331 1825 2391 ad

286 2425 710 2484 mutuandum
758 2424 915 2484 mihi
961 2425 1176 2484 vinum
1225 2431 1367 2503 post
1393 2428 1519 2484 tres
1551 2443 1820 2500 menseS,

289 2517 541 2595 quando
573 2517 874 2595 indigebo
909 2537 923 2577 :
957 2517 1121 2577 sicut
1151 2519 1319 2577 enim
1349 2522 1636 2578 mutuum
1667 2535 1827 2594 proe—

288 2629 429 2668 sens
461 2615 673 2687 potest
700 2611 831 2689 peti
879 2614 947 2669 ut
974 2610 1247 2672 conditio
1273 2655 1289 2685 ,
1340 2629 1452 2670 cur
1481 2628 1605 2669 non
1638 2609 1828 2669 etiam

290 2702 590 2780 obligatio
622 2721 902 2781 praesens
929 2703 1010 2762 ad
1031 2707 1319 2763 mutuum
1347 2703 1650 2777 futurum,
1685 2718 1828 2760 curn

290 2797 514 2856 eadem
543 2795 627 2855 sit
652 2795 836 2856 ratio.

369 2889 554 2949 Dices
579 2934 597 2962 ,
657 2906 808 2966 ergo
853 2887 1067 2950 licebit
1110 2888 1300 2948 etiam
1342 2892 1633 2948 mutuare
1659 2886 1830 2946 mille

291 3000 489 3060 usque
519 2981 604 3039 ad
633 2984 883 3059 tempus
902 3027 917 3057 ,
968 2999 1091 3058 quo
1143 2981 1560 3042 mutuatarius
1589 2980 1831 3040 desinet

294 3076 527 3136 donare
588 3073 705 3133 tibi
760 3091 837 3132 ex
888 3073 1163 3135 amicitia
1209 3073 1470 3152 singulis
1511 3073 1831 3133 mensibus

297 3169 412 3228 tria
439 3167 540 3227 vel
572 3170 868 3245 quatuor,
904 3165 992 3226 ita
1022 3170 1092 3226 ut
1118 3165 1253 3227 haec
1286 3185 1409 3227 non
1439 3171 1579 3245 peta
1592 3169 1737 3227 ntur
1764 3170 1834 3227 ut

297 3261 565 3340 pretium
593 3258 838 3335 mutui,
886 3259 1056 3338 quod
1101 3260 1297 3335 gratis
1335 3260 1588 3320 omnino
1621 3259 1826 3332 datur,

301 3354 407 3412 sed
435 3352 608 3432 quod
638 3351 794 3411 velis
848 3351 1022 3411 illum
1070 3370 1206 3412 esse
1237 3353 1574 3412 terminum
1604 3351 1828 3425 mutui,

301 3446 549 3525 quando
576 3444 944 3505 mutuatarii
990 3444 1404 3506 beneficentia
1433 3463 1583 3523 erga
1613 3450 1673 3505 te
1705 3462 1832 3505 ees·

302 3539 529 3600 saverit
562 3556 577 3601 :
626 3539 792 3598 sieut
821 3538 987 3597 enim
1017 3537 1080 3597 in
1111 3539 1315 3616 prImo
1346 3556 1494 3598 casu
1522 3538 1832 3599 adventus

305 3633 379 3692 ad
410 3632 884 3705 molendinum,
935 3631 1035 3691 vel
1080 3632 1158 3690 ad
1207 3631 1487 3692 scholam
1534 3631 1727 3708 gratis
1775 3636 1839 3692 et

304 3726 436 3784 sine
464 3729 644 3801 pacto
675 3723 992 3799 redditur,
1027 3742 1101 3783 eo
1131 3729 1348 3784 tamen
1380 3729 1660 3784 cessante
1681 3769 1695 3797 ,
1730 3723 1835 3783 de-

304 3818 415 3877 bes
441 3817 703 3877 reddere
733 3820 1023 3875 mutuum
1049 3835 1064 3887 ;
1098 3816 1187 3876 sie
1215 3816 1276 3874 in
1308 3816 1427 3876 hoc
1460 3834 1607 3876 casu
1644 3816 1836 3875 bene-

304 3910 549 3969 ficentia
576 3913 900 3968 menstrua
942 3908 1139 3984 gratis
1171 3909 1460 3986 ponitur;
1507 3928 1580 3968 ea
1621 3913 1834 3969 tamen

307 4007 624 4076 cessante,
673 4001 771 4060 vis
813 4001 1016 4060 mutui
1063 4001 1395 4062 terminum
1454 4002 1835 4079 completum

307 4113 465 4154 esse.
510 4094 686 4156 Salas
714 4093 825 4153 ubi
861 4111 1000 4170 sup.
1034 4097 1493 4171 consequenter
1522 4093 1586 4152 id
1616 4112 1835 4154 conee-

307 4187 432 4259 dit3
463 4189 603 4267 quia
621 4187 686 4246 in
717 4205 784 4246 re
807 4186 926 4246 hoc
948 4205 1071 4245 non
1103 4191 1198 4247 est
1218 4186 1386 4245 aliud
1410 4187 1529 4246 nisi
1547 4190 1835 4248 mutuare

308 4299 456 4339 cum
483 4284 683 4359 pacto,
717 4284 788 4340 ut
807 4278 1059 4357 quando
1090 4283 1230 4357 post
1249 4297 1532 4338 mensem
1552 4279 1831 4357 petieris,

308 4372 537 4433 debeat
559 4372 738 4432 reddi
769 4376 1082 4446 mutuum,
1117 4372 1284 4450 quod
1314 4375 1567 4450 pactum
1596 4371 1836 4432 licitum

309 4471 416 4523 est.
443 4485 457 4524 ε
485 4472 546 4526 tu
573 4472 782 4525 autem
813 4465 908 4525 vis
937 4470 1245 4544 repetere,
1281 4464 1532 4542 quando
1564 4465 1838 4524 liberali-

307 4563 415 4617 tas
443 4563 500 4617 et
523 4558 836 4636 gratitudo
866 4558 1231 4619 mutuatarii
1260 4561 1495 4633 cessat,
1530 4557 1634 4636 qui
1664 4558 1834 4619 nullo

305 4648 504 4708 modo
530 4650 633 4711 dat
659 4652 767 4710 illa
795 4651 964 4711 dona
993 4670 1066 4710 ex
1098 4650 1306 4710 debito
1333 4696 1348 4724 ,
1400 4649 1509 4710 sed
1539 4653 1609 4711 ut
1636 4652 1837 4711 conci-

305 4740 434 4799 liet
469 4742 573 4802 sibi
609 4747 782 4803 tuam
813 4742 1201 4802 voluntatem
1244 4760 1321 4802 ne
1350 4745 1637 4802 mutuum
1666 4762 1841 4822 repe-

307 4837 444 4893 tas.

397 4926 596 5003 DiceS,
630 4927 748 4988 hoc
776 4928 968 4989 modo
1000 4928 1282 4988 excusari
1312 4946 1494 5006 posse
1525 4928 1603 4988 ab
1632 4948 1837 4989 usurae

305 5018 551 5078 malitia
592 5039 774 5080 omne
822 5025 1110 5081 mutuum
1163 5039 1305 5081 cum
1346 5022 1559 5092 luero;
1612 5022 1840 5099 poterit

304 5111 494 5169 enim
535 5119 817 5174 mutuans
873 5113 1081 5174 dicere
1138 5134 1151 5173 ε
1210 5115 1341 5191 Ego
1399 5114 1636 5174 nullum
1692 5119 1835 5193 peto

305 5203 579 5281 pretium
623 5226 730 5284 pro
778 5210 998 5266 mutuo
1030 5227 1046 5268 ε
1112 5207 1250 5266 volo
1304 5212 1515 5266 tamen
1569 5208 1838 5286 experiri

304 5301 503 5355 tuam
519 5299 969 5373 gratitudinem,
1007 5318 1130 5378 qua
1157 5303 1459 5375 cessante,
1494 5299 1635 5360 volo
1658 5300 1838 5360 reddi

231 5417 253 5426 -
304 5386 494 5448 mibi
514 5407 699 5450 meum
719 5395 1031 5456 mutuum.
1060 5391 1515 5471 Respondetur,
1551 5392 1837 5454 differen-

305 5481 490 5541 tiam
516 5500 783 5562 magnam
814 5504 986 5562 esse,
1045 5487 1235 5547 etiam
1282 5486 1490 5565 quoad
1517 5488 1830 5547 effectum.

3328 311 3437 370 187

1922 481 2147 556 Primo,
2183 484 2330 563 quia
2359 484 2422 544 in
2450 503 2640 545 usura
2670 484 3104 560 communiter,
3138 483 3299 544 sicut
3325 501 3443 544 nec

1916 592 2049 635 sors
2069 623 2082 650 ,
2129 577 2213 637 ita
2258 595 2371 636 nec
2400 577 2641 636 lucrum
2670 579 2828 638 solet
2859 577 3207 638 successive
3236 575 3439 652 reddi,

1914 667 2024 726 sed
2055 668 2240 728 simul
2268 687 2410 728 cum
2440 673 2627 730 sorte:
2661 670 2725 729 in
2747 670 3044 748 praedicto
3068 673 3277 730 autem
3293 686 3442 728 casu

1914 761 2350 836 mutuatarius,
2373 767 2441 822 ut
2459 767 2518 821 te
2541 761 2772 822 alliciat
2788 763 2866 821 ad
2890 780 3013 821 non
3031 761 3441 839 repetendum

1911 855 2198 912 mutuum
2218 903 2231 929 ,
2293 853 2551 915 deberet
2596 854 2856 931 singulis
2909 854 3230 914 mensibus
3276 851 3443 913 dona

1915 944 2087 1019 dare,
2124 946 2291 1023 quod
2324 945 2574 1024 quidem
2608 964 2764 1005 onus
2786 946 3004 1007 volunt
3026 944 3444 1006 communiter

1915 1038 2124 1097 subire
2156 1039 2262 1116 qui
2291 1039 2369 1098 ad
2402 1056 2653 1098 usuram
2676 1043 2917 1116 petunt,
2952 1044 3016 1099 et
3035 1038 3174 1098 ideo
3191 1035 3442 1117 paucio-

1914 1147 2015 1189 res
2043 1130 2459 1204 invenientur,
2499 1131 2600 1209 qui
2623 1131 2740 1191 hoc
2768 1132 2954 1191 modo
2974 1137 3260 1192 mutuum
3283 1128 3442 1189 acci-

1915 1221 2090 1301 piant
2138 1241 2278 1283 cum
2321 1224 2699 1302 obligatione
2745 1224 3050 1284 reddendi
3096 1223 3175 1282 ad
3222 1225 3442 1282 nutum

1916 1315 2281 1375 mutuantis,
2319 1316 2607 1376 Secundo
2639 1321 2700 1376 et
2724 1334 2762 1376 a
2790 1316 3001 1395 priori,
3036 1316 3182 1395 quia
3209 1315 3271 1374 in
3299 1331 3443 1373 usu-

1917 1427 1990 1467 ra
2016 1413 2310 1469 mutuans
2354 1428 2420 1467 se
2464 1409 2700 1486 obligat
2728 1409 3008 1469 absolute
3045 1408 3123 1467 ad
3151 1410 3445 1468 mutuan-

1918 1501 2068 1561 dum
2099 1507 2162 1561 et
2198 1519 2321 1560 non
2369 1502 2800 1579 repetendum,
2844 1505 2907 1561 et
2933 1497 3348 1562 mutuatarius
3376 1515 3444 1558 se

1920 1593 2160 1672 obligat
2191 1594 2268 1651 ad
2298 1594 2666 1653 solvendum
2697 1594 2938 1654 lucrum
2975 1613 2987 1654 ε
3034 1594 3096 1651 in
3127 1592 3309 1653 dictis
3338 1608 3445 1649 au-

1918 1691 2045 1748 tem
2071 1687 2341 1760 casibus,
2379 1686 2628 1764 quando
2660 1686 2828 1745 aliud
2858 1690 3180 1759 mutuum,
3214 1683 3311 1743 vel
3340 1682 3444 1743 do·

1919 1798 2066 1839 num
2123 1779 2316 1855 gratis
2372 1777 2820 1837 eonferendum
2842 1824 2858 1849 ,
2919 1777 3017 1837 vel
3073 1776 3445 1856 obsequium

1920 1871 2115 1950 gratis
2143 1871 2568 1949 przrstandum
2594 1871 2826 1949 petitur
2848 1872 3048 1930 solum
3077 1873 3147 1930 ut
3173 1868 3444 1928 conditio

1923 1964 2001 2024 ad
2030 1970 2318 2025 mutuum
2366 1963 2727 2041 ponendum
2752 2009 2767 2039 ,
2828 1964 2926 2023 vel
2954 1960 3441 2041 prorogandum,

1914 2060 2143 2117 'neuter
2171 2074 2236 2114 se
2264 2054 2501 2132 obligat
2534 2074 2547 2116 ε
2581 2055 2691 2115 sed
2711 2059 3004 2117 mutuans
3033 2055 3221 2114 debet
3240 2053 3448 2113 dicere

1922 2148 2159 2228 petenti
2189 2153 2473 2207 mutuum
2499 2167 2512 2208 :
2546 2149 2675 2226 Ego
2707 2147 2861 2207 nihil
2890 2166 3000 2225 pro
3031 2150 3249 2207 mutuo
3277 2145 3444 2221 vole,

1923 2260 2039 2302 nec
2068 2259 2167 2299 me
2199 2239 2405 2316 obligo
2451 2239 2528 2298 ad
2559 2240 2974 2300 mutuandum
3009 2257 3021 2298 :
3069 2238 3209 2299 volo
3238 2242 3450 2299 tamen

1922 2334 2138 2394 videre
2189 2333 2484 2392 affectum
2510 2337 2688 2392 tuum
2737 2350 2888 2410 erga
2912 2349 3014 2391 me
3038 2378 3053 2408 ,
3105 2335 3168 2391 et
3196 2333 3338 2409 peto
3381 2332 3453 2390 ut

1922 2426 2078 2486 mihi
2109 2432 2355 2487 mutues
2375 2425 2651 2484 vicissim
2672 2425 2907 2499 vinum,
2942 2424 3110 2503 quod
3139 2424 3190 2484 si
3211 2426 3452 2483 mutua-

1924 2520 2088 2581 veris
2113 2566 2127 2594 ,
2181 2537 2303 2577 non
2332 2518 2473 2578 ideo
2508 2537 2608 2577 me
2641 2518 2848 2595 obligo
2899 2518 2976 2577 ad
3009 2516 3287 2578 dandum
3314 2533 3452 2575 mu—

1923 2616 2101 2673 tuum
2131 2611 2298 2690 quod
2334 2611 2528 2688 petis;
2571 2610 2681 2670 sed
2717 2616 2925 2671 tamen
2971 2610 3170 2670 babeo
3211 2608 3455 2686 experi-

1926 2713 2210 2766 mentum
2238 2707 2362 2764 tuae
2392 2703 2803 2778 liberalitatiS,
2837 2708 2899 2764 et
2929 2702 3092 2762 idem
3123 2706 3216 2763 est
3244 2700 3452 2780 quoad

1927 2796 2455 2879 prorogationem,
2481 2796 2781 2856 dicendo:
2806 2798 3019 2857 Mutuo
3042 2795 3152 2855 tibi
3173 2794 3253 2853 ad
3278 2812 3455 2854 men-

1929 2910 2083 2966 sem,
2115 2907 2239 2968 quo
2271 2890 2504 2967 elapso,
2565 2889 2617 2948 si
2670 2906 2793 2948 non
2850 2889 3064 2948 videro
3112 2891 3174 2948 te
3220 2887 3283 2946 in
3312 2904 3454 2946 meo

1928 2983 2310 3057 molendino,
2345 2982 2443 3041 vel
2473 2982 2650 3058 signa
2682 2986 2803 3041 tuae
2833 2979 3251 3058 gratitudinis,
3286 2979 3451 3053 vole,

1930 3082 1999 3138 ut
2026 3075 2254 3136 reddas
2281 3079 2569 3135 mutuum
2596 3093 2609 3133 :
2643 3073 2694 3132 si
2723 3078 2935 3133 autem
2965 3091 3041 3133 ea
3060 3072 3299 3146 videro,
3330 3089 3457 3131 non

1928 3170 2071 3231 ideo
2105 3187 2206 3229 me
2253 3167 2461 3246 obligo
2509 3165 2588 3226 ad
2631 3166 3100 3246 prorogandum
3142 3169 3450 3226 mutuum.

1931 3262 2222 3341 Alioquin
2255 3261 2305 3320 si
2327 3278 2392 3319 se
2413 3259 2671 3337 obligat,
2696 3261 2830 3338 jam
2854 3259 3101 3319 videtur
3138 3258 3293 3318 illud
3322 3258 3458 3318 dari

1931 3360 2001 3416 ut
2037 3354 2305 3433 pretium
2339 3352 2799 3431 prorogationis
2827 3353 3086 3428 futuras,
3123 3354 3458 3431 quantum-

1930 3464 2201 3526 cumque
2230 3445 2581 3524 appelletur
2609 3443 2921 3519 conditio,
2974 3463 3008 3503 e
3054 3448 3270 3505 eontra
3316 3462 3457 3504 mu-

1930 3539 2236 3603 tuatarius
2261 3537 2428 3597 nullo
2459 3536 2645 3597 modo
2674 3535 2981 3614 promittit
3006 3536 3348 3598 adventum
3379 3536 3460 3597 ad

1932 3632 2386 3707 molendinum,
2422 3630 2517 3689 vel
2549 3630 2714 3689 dona
2744 3634 3068 3691 menstrua
3097 3629 3247 3690 dare
3270 3677 3285 3706 ,
3349 3630 3460 3691 sed

1930 3727 2091 3787 liber
2118 3724 2372 3786 omnino
2402 3726 2616 3783 manet
2644 3723 2722 3783 ab
2745 3722 2914 3782 omni
2944 3722 3067 3782 fide
3097 3721 3373 3782 humana
3400 3726 3463 3783 et

1931 3818 2342 3899 promissione
2367 3863 2382 3886 ,
2432 3817 2543 3876 sed
2590 3816 2792 3876 solum
2823 3815 2939 3876 scit
2961 3863 2976 3890 ,
3009 3815 3460 3875 mutuatarium

1933 3915 2320 3974 cessaturum
2352 3928 2386 3968 a
2414 3913 2653 3983 mutu0,
2682 3908 2799 3968 nisi
2831 3926 2905 3967 ea
2933 3907 3112 3984 signa
3140 3906 3464 3985 gratitudi-

1933 4006 2028 4066 nis
2057 4003 2305 4063 viderit.
2357 4004 2406 4062 N
2414 4021 2493 4061 on
2523 4005 2733 4061 autem
2772 4001 2854 4062 ita
2899 4000 3079 4060 facile
3108 4004 3327 4061 mutua
3356 4000 3463 4060 da-

1933 4099 2167 4159 buntur
2194 4096 2292 4155 vel
2332 4094 2718 4172 accipientur
2745 4093 2823 4154 ad
2854 4094 3099 4153 lucrum
3121 4139 3137 4170 ,
3169 4097 3464 4156 manente

1933 4196 2201 4268 utroque
2251 4207 2394 4248 cum
2424 4188 2539 4248 hac
2571 4187 2856 4248 libertate
2890 4233 2904 4263 ,
2939 4187 3026 4247 ita
3053 4189 3122 4247 ut
3148 4190 3464 4248 mutuata—

1933 4285 2062 4343 rius
2105 4281 2340 4342 nullam
2388 4280 2494 4341 det
2538 4280 2729 4340 fidem
2772 4279 2963 4339 dandi
3010 4280 3287 4356 lucrum,
3347 4298 3464 4341 nec

1935 4382 2228 4437 mutuans
2259 4393 2382 4434 non
2411 4372 2732 4452 repetendi
2763 4378 3072 4445 mutuum,
3107 4373 3218 4432 sed
3247 4375 3466 4438 volunt

1935 4489 2036 4530 res
2064 4487 2210 4529 suas
2238 4467 2439 4545 magis
2482 4467 2542 4525 in
2588 4471 2722 4527 tuto
2752 4483 2985 4544 ponere
3016 4484 3088 4525 eo
3118 4466 3307 4527 modo
3338 4486 3464 4546 quo

1935 4564 2219 4641 possunt.
2254 4562 2331 4620 Et
2351 4559 2604 4638 quidem
2628 4558 2844 4636 negari
2866 4576 2987 4617 non
3013 4562 3237 4637 potest,
3270 4578 3465 4638 quan-

1937 4655 2015 4715 do
2046 4657 2332 4713 mutuum
2357 4653 2590 4729 absque
2612 4651 3019 4730 explicatione
3044 4650 3226 4731 hujus
3246 4652 3466 4712 volun·

1936 4748 2101 4820 tratis,
2137 4745 2499 4823 simpliciter
2528 4746 2743 4819 fieret,
2794 4743 2844 4802 si
2892 4750 3106 4821 postea
3152 4749 3467 4806 mutuata-

1936 4841 2066 4900 rius
2092 4886 2107 4914 ,
2158 4841 2228 4898 ut
2255 4842 2506 4915 gratum
2548 4856 2614 4897 se
2645 4837 2932 4897 ostendat
2977 4842 3039 4898 et
3066 4837 3299 4898 alliciat
3328 4856 3468 4897 mu·

1937 4936 2219 4993 tuantem
2263 4932 2337 4989 ad
2372 4948 2496 4989 non
2528 4929 2938 5008 repetendum
2970 4934 3258 4989 mutuum
3280 4977 3294 5004 ,
3341 4931 3465 4990 fre-

1938 5029 2203 5103 quenter
2232 5024 2314 5082 illi
2343 5041 2605 5082 munera
2634 5023 2858 5098 donet,
2897 5023 2996 5082 vel
3039 5021 3118 5081 ad
3163 5023 3296 5100 ejus
3334 5024 3467 5083 offi-

1938 5119 2144 5179 cinam
2190 5135 2303 5195 pro
2346 5115 2655 5175 mercibus
2700 5114 2981 5175 emendis
3008 5115 3256 5191 veniat,
3309 5115 3465 5175 scire

1938 5210 2193 5288 quidem
2224 5209 2405 5284 bene,
2441 5207 2608 5287 quod
2630 5213 2923 5268 mutuans
2945 5206 3040 5267 his
3061 5207 3375 5286 obsequiis
3404 5212 3467 5269 et

1938 5302 2305 5362 muneribus
2334 5300 2656 5361 moraliter
2684 5300 3048 5378 astringitur
3093 5300 3172 5358 ad
3216 5318 3337 5360 non
3370 5320 3468 5360 ur-

1938 5393 2215 5472 gendum
2247 5411 2357 5472 pro
2388 5392 2696 5453 solutione
2719 5392 2922 5467 sortiS,
2958 5393 3007 5451 si
3036 5392 3113 5451 de
3144 5392 3278 5467 ejus
3308 5393 3470 5471 peri·

1940 5488 2079 5548 culo
2110 5506 2233 5548 non
2263 5486 2474 5548 timet:
2508 5489 2570 5546 et
2596 5490 2806 5548 tamen
2838 5490 3131 5575 mutuans
3159 5485 3322 5547 licite
3356 5505 3468 5567 po-
