4263 6376
1122 362 1594 429 DISPUTATIO
1637 364 1885 443 XXVII,
1933 364 2208 428 SECTIO
2251 365 2357 428 lv.

191 546 245 605 et
269 559 480 604 census
508 541 591 604 sit
640 557 809 602 mere
851 540 1233 619 personalis,
1296 545 1484 621 atque
1538 542 1696 603 adeo

191 636 423 716 palliata
451 635 681 714 emptio
718 634 1092 713 pensionum
1136 635 1338 697 solum
1374 635 1700 698 solvenda·

189 748 315 790 rum
340 746 448 806 pro
475 727 676 805 pretio
706 727 1021 805 praesenti.
1083 728 1265 790 Addo
1295 732 1539 806 tamen,
1573 746 1699 789 non

190 823 267 884 ita
290 819 549 899 requiri,
608 820 923 898 loquendo
967 820 1045 880 de
1076 822 1207 882 solo
1243 822 1387 900 jure
1434 823 1694 897 naturae,

191 913 647 994 perpetuitatem
676 913 764 972 rei
793 913 1165 990 immobilis,
1218 916 1288 974 ut
1334 932 1459 974 non
1488 916 1701 992 posset

191 1025 392 1068 census
406 1006 640 1084 absque
670 1006 804 1084 ipsa
815 1005 1168 1084 justificari.
1212 1006 1698 1068 Potuissetenim

191 1099 390 1179 aliquis
431 1098 596 1159 bona
642 1098 765 1159 fide
807 1116 1016 1159 emere
1064 1101 1518 1161 usumfructum
1553 1117 1699 1161 cen-

190 1210 300 1267 sm,
329 1209 385 1251 v.
416 1208 477 1267 g.
511 1189 882 1250 redimibilis
910 1208 1099 1268 quem
1126 1190 1408 1269 possides
1436 1236 1450 1267 ,
1501 1194 1564 1253 et
1590 1210 1694 1250 su-

189 1285 306 1345 bire
333 1281 445 1343 hoc
471 1281 815 1360 periculum
844 1327 859 1358 ,
910 1286 980 1344 ut
1006 1282 1056 1344 si
1087 1301 1310 1344 census
1337 1283 1506 1362 prior
1531 1283 1700 1344 redi-

191 1380 439 1436 meretur
463 1375 563 1435 vel
621 1374 1092 1453 extingueretur
1114 1421 1130 1452 ‚
1189 1376 1422 1454 periret
1474 1393 1696 1436 census

191 1469 467 1549 posterior
487 1487 676 1547 super
703 1468 837 1547 ipso
868 1469 1260 1531 constitutuS.
1295 1469 1556 1531 Ratione
1586 1486 1698 1529 au·

190 1567 299 1624 tem
325 1561 502 1641 hujus
550 1561 816 1639 periculi
862 1565 1076 1640 posset
1116 1561 1380 1622 diminui
1426 1562 1697 1641 pretium

190 1654 519 1734 posterioris
548 1672 776 1715 census
795 1700 810 1730 ‚
862 1659 924 1717 et
950 1654 1166 1715 reduci
1198 1655 1280 1715 ad
1309 1658 1697 1716 contractum

183 1752 393 1828 justum
419 1749 683 1809 fortunae
708 1794 724 1824 ,
758 1766 882 1828 quo
907 1794 923 1825 ,
975 1751 1210 1810 attento
1239 1748 1513 1828 periculo
1543 1747 1697 1809 defi-

191 1842 404 1918 ciendi,
438 1845 498 1903 et
524 1860 638 1920 spe
669 1841 976 1918 durandi,
1028 1842 1228 1920 pretio
1251 1843 1426 1920 justo
1455 1858 1696 1903 emere-

190 1941 279 1999 tur
303 1954 512 1995 census
542 1935 905 2008 duraturus,
941 1939 1247 2015 quantum
1275 1935 1446 2014 prior
1473 1953 1695 1997 census

192 2027 455 2091 durabit:
506 2028 678 2107 quod
720 2027 890 2088 idem
918 2029 1054 2088 fieri
1082 2032 1326 2107 posset,
1378 2028 1430 2089 si
1472 2045 1695 2089 census

192 2122 643 2182 constitueretur
671 2139 863 2199 super
888 2122 1082 2182 fundo
1107 2168 1123 2197 ,
1173 2122 1274 2183 vel
1320 2122 1507 2183 domo
1531 2168 1547 2199 ‚
1596 2122 1696 2183 vel

193 2232 357 2293 grege
385 2212 592 2275 ovium
616 2259 633 2289 ,
691 2212 872 2292 cujus
902 2215 1085 2276 ruina
1131 2219 1193 2277 et
1221 2214 1513 2277 extinctio
1544 2232 1692 2293 pro·-

193 2306 451 2367 babiliter
491 2305 844 2371 timeretur.
921 2308 1080 2380 Quia
1125 2311 1337 2369 tamen
1383 2310 1695 2386 emptores

193 2417 386 2459 census
411 2398 701 2477 perpetui
728 2399 1061 2461 intendunt
1088 2401 1503 2461 communiter
1529 2400 1697 2459 redi-

194 2497 274 2554 tus
297 2497 619 2571 perpetuos
659 2511 888 2568 emere,
924 2510 1040 2554 nec
1068 2496 1534 2571 praesumuntur
1557 2493 1695 2556 illos

193 2590 515 2647 contractus
543 2585 812 2647 fortunae
840 2586 1044 2646 solum
1072 2585 1438 2660 intendere;
1470 2586 1695 2649 merito

198 2679 444 2740 Pontifex
489 2677 813 2757 prohibuit
840 2696 1099 2740 censum
1127 2683 1500 2756 perpetuum
1522 2724 1538 2756 ‚
1590 2678 1699 2759 qui

192 2771 248 2831 in
270 2789 331 2831 re
356 2790 473 2832 non
503 2771 829 2833 fructifera
866 2776 929 2834 et
955 2770 1261 2832 immobili
1290 2772 1700 2834 constituere-

196 2868 313 2941 tur,
342 2883 414 2925 ne
442 2865 703 2927 daretur
728 2864 972 2926 occasio
1020 2864 1224 2925 mutui
1268 2865 1533 2927 usurarii
1582 2865 1698 2927 sub

194 2960 465 3034 praetextu
510 2975 776 3034 census,
823 2960 886 3019 et
930 2957 1308 3036 hypothecas
1338 2958 1698 3038 apparentis

196 3052 248 3111 et
266 3050 430 3113 fictae.

261 3143 571 3207 Dubitatur
597 3143 786 3207 tertio
818 3144 897 3205 de
926 3144 1031 3206 illa
1062 3144 1391 3225 particula,
1417 3161 1556 3224 quae
1577 3142 1702 3207 exi-

151 3275 161 3314 i
195 3236 368 3314 gitur,
398 3237 881 3299 determinatam
928 3242 991 3300 et
1030 3238 1215 3299 certis
1260 3237 1487 3298 finibus
1533 3237 1697 3298 desi-

147 3341 158 3369 ⁵
196 3334 419 3405 gnatam
449 3349 582 3392 esse
633 3348 770 3391 rem
798 3330 1185 3392 immobilem
1231 3330 1292 3390 in
1325 3349 1450 3409 qua
1477 3348 1700 3391 census

197 3423 575 3488 constituitur.
612 3425 794 3486 Circa
816 3443 1006 3503 quam
1027 3427 1266 3485 certum
1287 3423 1591 3503 imprimis
1611 3423 1700 3485 vi-

196 3514 385 3591 detur,
432 3535 553 3578 non
612 3516 970 3595 prohiberi,
1024 3517 1192 3596 quod
1240 3535 1461 3578 census
1513 3534 1701 3595 super

197 3607 408 3670 duabus
432 3609 530 3670 vel
559 3609 847 3688 pluribus
877 3609 1064 3671 rebus
1102 3609 1528 3671 immobilibus
1555 3627 1700 3671 con-

197 3701 475 3765 stituatur.
508 3704 690 3765 Sicut
732 3703 900 3764 enim
931 3706 1137 3782 potest
1164 3720 1388 3764 census
1426 3702 1699 3765 reddens

198 3795 310 3854 100.
332 3812 529 3854 annua
557 3794 855 3857 constitui
883 3795 948 3854 in
978 3795 1173 3855 fundo
1194 3841 1209 3872 ,
1243 3796 1422 3874 cujus
1458 3796 1699 3859 fructus

197 3885 414 3948 valeant
436 3891 612 3950 2000.
648 3887 736 3950 ita
767 3891 977 3966 posset
1004 3888 1298 3949 constitui
1326 3904 1515 3966 super
1544 3888 1702 3949 duo-

196 3976 295 4037 bus
318 3979 513 4040 fundis
539 4027 554 4056 ,
589 3998 863 4060 quorum
910 3981 1300 4059 singulorum
1327 3980 1562 4042 finctus
1588 3999 1699 4042 va-

195 4071 368 4134 lerent
393 4076 561 4137 1000.
591 4092 738 4135 cum
767 4073 989 4136 eadem
1020 4074 1100 4135 sit
1123 4074 1307 4150 ratio,
1334 4077 1397 4136 et
1414 4073 1699 4136 Pontifex

196 4163 368 4226 solum
389 4166 577 4229 voluit
608 4165 778 4245 quod
806 4185 908 4226 res
949 4167 1288 4227 immobilis
1317 4165 1700 4228 determine-

198 4261 282 4316 tur
302 4263 359 4319 et
382 4260 559 4321 certis
588 4259 817 4320 finibus
834 4259 1215 4336 designetur.
1244 4259 1394 4332 Quae
1416 4258 1702 4336 designa-

200 4347 270 4409 tio
303 4368 415 4411 non
459 4351 648 4412 debet
692 4351 1041 4412 necessario
1083 4351 1222 4412 fleri
1262 4351 1511 4413 nomine
1553 4368 1700 4431 pro-

199 4442 311 4518 prio
341 4462 353 4504 :
385 4445 608 4507 sufficit
624 4445 815 4520 enim,
833 4444 999 4523 quod
1022 4463 1135 4524 per
1149 4444 1694 4523 circumloquium,

199 4533 281 4594 vel
306 4535 414 4597 alia
440 4536 619 4615 signa
647 4556 745 4597 res
775 4538 1161 4614 exprimatur
1188 4540 1252 4597 et
1288 4536 1698 4598 determinate

202 4625 567 4703 significetur.
614 4632 687 4693 In
728 4629 954 4709 quibus
999 4628 1380 4690 conveniunt
1427 4628 1694 4705 Melina,

201 4718 501 4798 Navarrus,
534 4722 845 4797 Hebenus,
906 4725 969 4783 et
1021 4721 1147 4798 alii,
1204 4739 1362 4800 quos
1405 4723 1608 4797 affert,
1638 4723 1702 4783 et

202 4813 449 4891 sequitur
502 4815 677 4877 Salas
720 4814 885 4876 dicto
928 4815 1079 4876 dub.
1114 4830 1227 4878 vn.
1279 4831 1450 4875 num.
1488 4816 1585 4875 10.
1637 4816 1700 4875 et

204 4905 285 4967 ¹4.
312 4907 510 4970 Voluit
534 4912 746 4969 autem
775 4907 1058 4969 Pontifex
1114 4905 1234 4968 hac
1278 4905 1699 4986 prohibitione

202 5015 521 5074 praecavere
548 5001 898 5080 periculum
940 5017 1164 5061 census
1206 4999 1552 5078 personalis
1580 4998 1701 5060 im-

203 5092 463 5167 ponendi,
522 5093 692 5173 quod
748 5093 1093 5171 periculum
1141 5095 1324 5169 esset,
1376 5092 1426 5153 si
1475 5110 1699 5154 census

204 5199 367 5260 super
391 5186 673 5247 omnibus
702 5186 882 5247 bonis
912 5184 1253 5247 venditoris
1284 5185 1699 5264 praesentibus

210 5278 264 5335 et
299 5275 506 5340 futuris
558 5277 918 5340 immediate
966 5279 1449 5341 constitueretur
1504 5295 1520 5343 :
1580 5278 1700 5340 boc

207 5366 349 5428 enim
375 5372 624 5448 perinde
653 5375 848 5448 esset,
883 5389 956 5432 ac
983 5371 1033 5432 si
1064 5389 1335 5450 persona
1380 5371 1518 5449 ipsa
1540 5371 1702 5433 obli-

208 5466 450 5541 garetur,
482 5483 623 5526 cum
652 5465 1056 5545 pereuntibus
1086 5466 1276 5527 etiam
1292 5465 1583 5526 omnibus
1598 5465 1705 5526 bo·

212 5551 291 5612 nis
336 5558 751 5635 praesentibus,
811 5557 1017 5622 adhuc
1062 5558 1352 5622 venditor
1396 5557 1706 5636 obligatus

3215 370 3333 437 35⁹

1797 545 1962 605 esset
1985 542 2068 603 ad
2094 542 2463 623 pensionem
2510 543 2879 610 solvendam
2908 563 2984 609 ex
3012 543 3193 613 bonis
3220 562 3336 627 po-

1795 638 1933 697 stea
1959 636 2380 715 acquirendis.

1881 730 2057 790 Petes
2085 727 2309 807 primo,
2331 747 2411 790 an
2428 730 2624 808 possit
2638 749 2861 793 census
2889 731 3127 813 imponi
3142 750 3335 813 super

1796 819 2085 881 omnibus
2112 820 2292 882 bonis
2322 823 2735 901 praesentibus
2767 841 2782 889 ε
2814 828 2968 887 tunc
2997 826 3164 887 enim
3196 825 3332 905 jam

1796 931 2018 974 census
2048 919 2213 977 esset
2238 934 2387 976 vere
2416 917 2622 994 realiS,
2654 936 2799 979 cum
2830 918 3237 997 pereuntibus
3257 919 3333 980 iis

1797 1007 2086 1069 omnibus
2112 1008 2295 1068 bonis
2324 1009 2734 1087 praesentibus
2757 1057 2773 1088 ,
2826 1030 3049 1073 census
3080 1030 3154 1073 eo
3196 1013 3333 1091 ipso

1796 1100 2311 1179 extingueretur?
2355 1104 2540 1180 Resp.
2593 1107 2797 1166 stante
2844 1104 2966 1165 bac
3015 1104 3236 1181 Bulla,
3269 1104 3334 1165 id

1795 1192 1932 1253 fieri
1959 1211 2084 1254 non
2113 1211 2316 1272 posse,
2356 1195 2473 1256 nisi
2504 1196 2725 1259 saltem
2753 1196 2999 1275 singula
3029 1197 3196 1259 bona
3225 1197 3336 1258 de·-

1794 1286 2126 1348 terminate
2157 1286 2578 1365 nominentur,
2629 1291 2692 1349 et
2719 1290 2903 1350 certis
2939 1289 3170 1350 finibus
3208 1290 3334 1351 suis

1796 1378 2175 1441 definiantur
2206 1399 2219 1440 :
2253 1378 2307 1440 si
2334 1383 2546 1441 autem
2590 1381 2677 1442 ita
2724 1382 3156 1459 nominentur,
3207 1400 3335 1444 non

1793 1471 1976 1532 video
2009 1472 2113 1533 ubi
2143 1472 2264 1533 hoc
2292 1473 2355 1532 in
2400 1473 2580 1535 Bulla
2606 1474 3037 1553 prohibeatur.
3074 1476 3142 1538 Si
3168 1474 3335 1536 enim

1793 1563 1857 1624 in
1886 1564 2067 1625 bonis
2095 1583 2221 1625 non
2249 1565 2484 1626 habeas
2508 1611 2524 1642 ,
2574 1566 2692 1627 nisi
2740 1585 2934 1629 unam
2984 1568 3243 1629 domum
3274 1569 3336 1630 et

1798 1675 1986 1718 unam
2013 1657 2283 1734 vineam,
2308 1658 2564 1736 poteris,
2597 1658 2672 1719 iis
2689 1660 3023 1725 nominatis
3039 1705 3054 1736 ,
3076 1677 3335 1721 censum

1794 1749 1856 1809 in
1884 1749 1960 1810 iis
1989 1749 2363 1812 constituere
2396 1767 2410 1814 :
2437 1769 2587 1829 ergo
2615 1751 2756 1813 licet
2792 1752 3028 1814 habeas
3066 1756 3338 1831 quatuor

1791 1843 1891 1903 vel
1921 1842 2197 1922 quinque
2228 1843 2451 1903 domos
2474 1888 2490 1919 ,
2539 1843 2771 1921 poteris
2799 1844 2968 1905 idem
2996 1845 3203 1906 facere
3225 1889 3242 1917 ‚
3273 1848 3337 1907 et

1792 1933 2076 1997 similiter
2102 1935 2155 1995 si
2197 1934 2433 1997 habeas
2461 1936 2718 2013 viginti;
2752 1955 2901 1997 nam
2943 1942 3097 2000 tunc
3142 1938 3334 2000 etiem

1792 2028 2189 2091 constituitur
2217 2046 2440 2090 census
2492 2047 2681 2108 super
2725 2031 2910 2092 certis
2940 2034 3004 2093 et
3040 2029 3335 2092 determi-

1793 2121 1953 2183 natis
1979 2138 2055 2183 ac
2082 2120 2424 2200 designatis
2439 2121 2628 2182 rebus
2646 2121 3095 2185 immobilibus.
3135 2125 3332 2184 Secus

1793 2216 1976 2290 esset,
2011 2212 2064 2276 si
2093 2214 2158 2275 in
2195 2213 2518 2276 communi
2546 2214 2762 2276 omnia
2803 2214 2972 2277 bona
2997 2216 3334 2295 proesentia

1791 2306 2147 2384 obligentur
2179 2326 2192 2367 :
2227 2306 2347 2367 hoc
2377 2307 2544 2368 enim
2570 2306 2906 2385 prohibere
2937 2308 3138 2370 voluit
3166 2310 3332 2370 Pon-

1792 2399 1963 2475 tifex,
1988 2399 2135 2478 quia
2162 2399 2224 2459 in
2255 2399 2565 2478 ejusmodi
2592 2401 2873 2461 clausula
2900 2402 3181 2478 generali
3201 2419 3333 2462 ma-

1792 2493 1888 2572 gis
1916 2495 2054 2555 erat
2077 2491 2426 2571 periculum
2464 2491 2763 2571 palliandi
2807 2511 3066 2553 censum
3118 2512 3335 2572 perso-

1794 2586 2041 2660 nalem;
2075 2590 2138 2647 et
2165 2585 2311 2664 quia
2333 2585 2574 2649 facilius
2598 2585 2889 2651 venditor
2917 2604 3056 2647 eam
3087 2587 3336 2647 clausu-

1792 2679 1921 2741 lam
1951 2678 2243 2758 apponit,
2278 2696 2468 2758 quam
2496 2678 2744 2757 singula
2769 2679 2937 2741 bona
2966 2697 3336 2740 enumeran-

1797 2773 1901 2850 do,
1921 2771 2313 2850 singulorum
2327 2770 2786 2835 usumfructum
2804 2771 3176 2833 nominatim
3189 2790 3335 2833 ven-

1798 2865 1926 2927 dat.
1982 2863 2119 2924 Dixi
2176 2867 2387 2926 tamen
2410 2909 2426 2940 ,
2477 2882 2555 2925 ex
2587 2864 2649 2925 vi
2692 2864 2879 2925 bullae
2909 2883 3034 2926 non
3069 2864 3337 2926 inveniri

1797 2957 2149 3036 specialiter
2193 2956 2578 3036 prohibitum
2623 2974 2882 3018 censum
2932 2957 3225 3019 constitui
3273 2957 3337 3021 in

1798 3050 2089 3113 omnibus
2117 3049 2298 3110 bonis
2326 3049 2740 3129 praesentibus
2783 3049 3144 3128 singillatim
3184 3068 3338 3111 enu-

1797 3144 2074 3208 meratis.
2110 3141 2379 3210 Aliunde
2411 3142 2578 3205 enim
2617 3161 2692 3204 ex
2731 3143 2868 3223 ipso
2906 3141 3052 3223 jure
3095 3146 3336 3205 naturae

1796 3238 2026 3319 poterit
2048 3237 2386 3317 aliquando
2419 3237 2653 3315 emptio
2685 3236 2795 3297 illa
2823 3255 2959 3298 esse
2998 3235 3233 3316 injusta
3261 3255 3339 3297 ex

1799 3349 1897 3410 ec,
1930 3330 2098 3410 quod
2141 3330 2413 3409 pretium
2459 3348 2793 3392 commune
2834 3348 3057 3392 census
3102 3347 3227 3391 non
3260 3328 3339 3392 sit

1790 3425 2032 3504 justum
2058 3440 2171 3501 pro
2201 3423 2307 3485 tali
2339 3442 2528 3484 censu
2551 3468 2566 3499 ,
2620 3423 2720 3484 cui
2761 3427 2855 3486 tot
2889 3423 3058 3484 bona
3085 3427 3148 3485 et
3193 3439 3338 3486 cum

1796 3520 1972 3579 tanta
2015 3514 2552 3577 indefectibilitate
2581 3515 3060 3595 subjicerentur.
3093 3516 3183 3576 Ex
3213 3531 3337 3593 quo

1798 3609 1988 3671 etiam
2018 3608 2221 3687 capite
2250 3605 2460 3687 posset
2481 3605 2617 3686 jam
2647 3624 2869 3668 census
2899 3608 3001 3670 ille
3031 3625 3165 3668 esse
3194 3601 3338 3672 con·

1796 3706 1897 3764 tra
1922 3700 2111 3762 aliam
2143 3701 2489 3762 clausulam
2518 3699 2705 3779 hujus
2734 3699 2943 3776 bullae,
2977 3700 3040 3759 in
3070 3716 3195 3778 qua
3221 3716 3335 3778 pe-

1796 3794 1969 3871 titur,
2003 3793 2174 3872 quod
2204 3811 2330 3854 non
2360 3792 2773 3854 constituatur
2802 3810 3025 3854 census
3055 3791 3173 3852 nisi
3201 3808 3339 3870 pre-

1798 3887 1883 3949 tio
1907 3886 2078 3967 justo
2124 3886 2327 3947 soluto
2358 3885 2436 3946 de
2488 3885 2821 3964 praesenti,
2875 3902 3014 3964 quae
3063 3882 3338 3946 conditio

1797 3983 1947 4044 tunc
1977 3978 2308 4054 deficeret,
2364 3996 2508 4040 cum
2537 3995 2662 4039 non
2691 3978 3037 4039 solveretur
3064 3977 3337 4056 pretium

1789 4072 2030 4153 justum
2056 4089 2172 4152 pro
2200 4071 2309 4134 tali
2340 4090 2552 4147 censu,
2586 4071 2699 4131 sed
2728 4070 3125 4132 diminutum.

1876 4167 2059 4228 Petes
2088 4165 2364 4226 secundo
2388 4209 2404 4240 ,
2453 4182 2530 4225 an
2557 4164 2831 4225 conditio
2875 4164 3012 4225 haec
3041 4162 3340 4225 determi-

1797 4257 1990 4320 nandi
2019 4275 2155 4320 rem
2184 4261 2420 4320 certam
2444 4302 2460 4333 ,
2508 4260 2571 4318 et
2598 4257 2727 4318 suis
2772 4257 3002 4318 finibus
3049 4256 3342 4335 designa-

1796 4355 1950 4426 tam,
1986 4350 2343 4430 requiratur
2373 4350 2562 4411 etiam
2589 4350 2668 4411 de
2692 4349 2834 4429 jure
2863 4353 3102 4411 naturae
3132 4349 3214 4410 ad
3241 4348 3340 4429 ju-

1797 4444 2032 4506 stitiam
2062 4444 2332 4505 census?
2359 4443 2570 4521 Aliqui
2599 4442 2855 4520 volunt,
2890 4442 3176 4508 illicitum
3204 4460 3340 4503 osse

1798 4537 1878 4600 de
1901 4537 2043 4617 jure
2073 4539 2315 4600 naturae
2346 4535 2626 4614 obligare
2644 4535 2814 4598 bona
2834 4535 3046 4597 omnia
3073 4553 3344 4613 praesen-

1797 4630 1886 4693 tia
1915 4634 1978 4692 et
2005 4630 2238 4707 futura,
2272 4627 2575 4708 quiajam
2605 4646 2828 4697 census
2857 4628 2961 4690 ille
2989 4627 3337 4707 personalis

1799 4725 1984 4799 esset,
2021 4740 2168 4784 cum
2197 4719 2332 4800 ejus
2371 4719 2672 4799 obligatio
2718 4719 2889 4788 nulla
2924 4738 2993 4783 re
3038 4722 3340 4800 pereunte

1796 4815 2070 4896 periret;
2103 4832 2300 4894 quare
2330 4830 2474 4874 cum
2520 4831 2744 4878 census
2787 4813 3135 4893 personalis
3163 4810 3343 4873 illici-

1796 4911 1897 4972 tus
1927 4907 2007 4970 sit
2043 4906 2119 4970 de
2167 4907 2310 4987 jure
2340 4910 2615 4982 naturoe,
2661 4904 2768 4966 illa
2807 4904 2997 4967 etiam
3042 4903 3339 4983 obligatio

1796 5000 2010 5062 illicite
2036 5002 2301 5062 emetur.
2334 5000 2427 5059 Ita
2456 4998 2603 5064 Mol.
2651 4997 2715 5060 d.
2749 4996 2907 5076 disp.
2943 4999 3083 5062 389.
3116 4995 3335 5072 etalii,

1800 5111 1957 5172 quos
1987 5093 2170 5156 affert
2199 5091 2373 5153 Salas
2403 5091 2466 5152 d.
2502 5090 2652 5154 dub.
2689 5105 2798 5152 v11.
2846 5107 2909 5149 n.
2958 5091 3053 5153 ss.
3090 5088 3217 5150 Sed
3236 5090 3343 5167 ju·-

1798 5190 1904 5250 xta
1953 5203 2144 5265 supra
2189 5183 2357 5246 dicta
2403 5181 2921 5262 distinguendum
2959 5181 3255 5248 videtur:
3287 5181 3343 5244 si

1800 5278 1971 5342 enim
1999 5297 2223 5344 census
2271 5277 2685 5340 constituatur
2713 5274 2913 5338 solum
2944 5292 3132 5353 super
3156 5273 3341 5340 bonis
3458 5280 3466 5289 ’

1803 5371 2091 5434 omnibus
2119 5368 2532 5450 praesentibus
2573 5367 2638 5430 in
2681 5365 3044 5444 communi,
3090 5368 3154 5430 et
3196 5383 3342 5446 pre-

1802 5464 1959 5528 tium
1990 5464 2069 5526 sit
2095 5463 2635 5543 proportionatum
2665 5465 2727 5523 et
2746 5458 2986 5539 justum
3003 5489 3026 5536 ¹,
3061 5477 3187 5520 non
3223 5457 3342 5520 erit

1806 5557 2057 5620 illicitus
2085 5557 2165 5617 de
2186 5557 2329 5636 ⁸iure
2359 5557 2622 5618 naturae.
2653 5553 2721 5628 Si
2747 5570 2898 5620 vero
2929 5552 3340 5621 constituere-
