4263 6376
757 267 878 327 626
1919 266 2021 325 DE:
2062 266 2419 327 JUSTITIA
2467 266 2569 327 ΕΤ
2612 267 2813 328 JURE

760 444 1027 506 alterum
1059 442 1278 519 faciat,
1309 460 1536 522 nempe
1563 443 1663 505 vel
1693 445 1886 522 ponat
1911 442 1976 504 id
2007 443 2087 504 ad
2118 441 2289 523 quod
2395 443 2573 504 etsie
2601 443 2680 504 de
2710 444 2846 505 aliis
2880 464 2894 505 :
2942 461 3092 523 ergo
3121 443 3409 505 similiter
3455 444 3536 506 ad
3568 462 3793 509 verum
3822 442 3929 505 tri-

761 537 947 598 datur
973 536 1070 597 vel
1102 537 1390 598 restituat
1417 537 1670 597 damna.
2392 536 2611 598 butum
2645 538 2914 598 sufficiet
2942 537 3111 619 quod
3140 538 3433 617 princeps
3465 539 3697 600 habeat
3726 556 3930 598 neces-

508 628 589 687 58
840 632 908 690 P.
941 632 1131 709 Vasq.
1166 648 1338 691 num.
1371 632 1470 691 50.
1527 634 1590 691 et
1615 648 1792 710 seqq.
1841 648 2063 709 parum
2094 629 2295 690 disce-
2395 628 2644 690 sitatem
2672 630 2963 710 exigendi
2995 634 3058 692 et
3086 631 3367 691 animum
3398 631 3723 712 obligandi
3752 649 3821 690 se
3849 629 3923 689 ad

453 753 669 797 gemma,
760 722 851 784 dit
877 740 915 782 a
943 723 1249 783 sententia
1295 723 1597 784 Gabrielis
1630 743 1644 784 :
1693 723 1845 785 dicit
1882 742 2030 803 ergo
2060 721 2287 803 primO,
2393 721 2600 784 debite
2630 724 3152 801 expendendum,
3203 724 3353 786 licet
3382 725 3614 786 habeat
3644 726 3920 788 animum

435 808 689 863 ¹²·V⁸⁸⁸¹¹¹⁸¹·
757 815 809 876 si
838 834 948 876 rex
1002 815 1211 895 exigat
1264 816 1572 878 tributum
1627 816 1760 878 sine
1803 817 2014 877 animo
2064 833 2291 894 expen-
2391 834 2517 877 non
2550 816 2973 878 satisfaciendi
3029 816 3133 878 tali
3181 817 3574 898 obligationi.
3632 819 3922 881 Peccabit

759 908 951 970 dendi
991 909 1056 970 in
1097 909 1415 988 publicam
1445 909 1812 985 utilitatem,
1874 909 1985 969 sed
2041 909 2103 967 in
2136 908 2290 968 alios
2391 927 2540 987 ergo
2570 909 2860 989 princeps
2906 914 3055 970 tunc
3104 911 3410 990 exigendo
3449 929 3591 973 cum
3625 912 3730 972 illo
3760 912 3920 973 malo

757 1022 942 1081 usus,
975 1002 1286 1065 tributum
1328 1020 1464 1063 esse
1493 1001 1797 1082 injustum
1828 1006 1891 1064 et
1915 1001 2284 1077 invalidum,
2389 1002 2598 1061 animo
2626 1048 2644 1074 ‚
2705 1003 2815 1063 sed
2845 1002 3050 1063 valide
3091 1003 3341 1083 exiget,
3397 1009 3461 1066 et
3487 1005 3765 1067 validum
3808 1006 3924 1069 erit

756 1096 904 1176 quia
931 1101 1106 1158 caret
1133 1095 1345 1156 debito
1375 1096 1498 1155 fine
1531 1095 1811 1156 utilitatis
1841 1094 2107 1174 puhlicae
2130 1140 2147 1170 ,
2200 1096 2290 1154 at·
2386 1094 2690 1157 tributum
2721 1095 2875 1157 illud
2917 1102 2982 1158 et
3025 1096 3308 1158 debitum
3358 1116 3433 1158 ex
3479 1103 3659 1177 parte
3708 1098 3921 1161 subdi·

754 1208 878 1269 que
906 1189 1063 1250 adeo
1106 1188 1391 1250 subditos
1421 1206 1545 1248 non
1573 1187 1804 1249 debere
1833 1188 1987 1248 illud
2016 1187 2282 1260 solvere,
2384 1191 2615 1248 torum.

750 1287 814 1345 et
840 1281 1189 1362 principem
1237 1282 1466 1342 dehere
1509 1281 1662 1343 illud
1709 1281 2037 1343 restituere
2060 1327 2075 1357 ‚
2137 1278 2285 1359 quia
2462 1282 2750 1343 Secundo
2783 1282 3031 1343 difficile
3061 1288 3191 1362 est,
3228 1285 3395 1365 quod
3425 1286 3805 1364 generaliter
3832 1284 3916 1345 di·
4047 1285 4136 1345 60

748 1375 882 1435 sine
911 1374 1090 1436 titulo
1122 1373 1397 1453 accepit,
1450 1373 1565 1435 nisi
1616 1377 1833 1452 postea
1880 1377 2121 1434 mutato
2155 1370 2282 1431 ani·
2381 1374 2496 1451 cit,
2551 1375 2715 1453 quod
2748 1376 2803 1435 si
2831 1375 3121 1456 princeps
3152 1378 3317 1439 male
3345 1379 3640 1457 expendit
3668 1380 3735 1439 in
3766 1379 3916 1440 alios
3971 1409 4031 1451 Α,

746 1467 941 1528 moin
972 1484 1371 1528 communem
1413 1467 1586 1526 illam
1629 1466 1964 1528 utilitatem
2006 1464 2282 1525 insume-
2380 1486 2527 1528 usus
2556 1468 2859 1529 tributum
2907 1475 3237 1549 acceptum
3283 1470 3365 1532 ad
3392 1472 3670 1551 aliquem
3696 1472 3909 1550 finem,
3957 1474 4202 1560 mm

742 1565 874 1639 ret,
936 1564 999 1623 et
1026 1561 1256 1623 debere
1299 1560 1489 1622 etiam
1520 1560 1754 1621 damna
1785 1559 2109 1621 resarcire.
2170 1559 2281 1619 Se·
2376 1563 2595 1638 postea
2623 1579 2786 1622 anno
2815 1562 3099 1641 sequenti
3134 1562 3323 1624 dehet
3351 1565 3745 1625 tantumdem
3775 1563 3915 1625 red-

746 1654 953 1717 eundo
985 1653 1175 1729 dicit,
1228 1653 1282 1713 si
1319 1653 1609 1732 princeps
1639 1653 1804 1714 bono
1837 1652 2045 1713 animo
2076 1651 2277 1713 tribu·
2376 1651 2524 1713 dere
2554 1652 2632 1712 de
2662 1671 2773 1714 suo
2806 1655 3204 1732 patrimonio,
3226 1660 3290 1717 et
3315 1656 3631 1717 insumere
3659 1657 3726 1719 in
3759 1675 3915 1736 opus

741 1751 879 1810 tum
910 1746 1200 1826 accipiat,
1235 1750 1298 1808 et
1317 1750 1534 1824 postea
1558 1746 1723 1806 male
1746 1745 2076 1825 expendat,
2110 1745 2276 1805 licite
2373 1744 2546 1806 illud.
2583 1748 2733 1822 Hoc,
2765 1746 3044 1825 inquam,
3079 1747 3332 1809 difficile
3362 1752 3477 1810 est.
3511 1750 3743 1828 Prim0,
3770 1750 3913 1830 quia

743 1840 998 1919 quidem
1038 1839 1323 1918 accipere
1353 1842 1414 1900 et
1442 1838 1726 1899 subditos
1772 1838 1969 1900 teneri
2006 1838 2269 1898 solvere.
2372 1838 2526 1898 illud
2556 1839 2725 1918 quod
2750 1838 2884 1918 jam
2912 1840 3075 1902 male
3124 1841 3509 1921 insumptum
3554 1847 3685 1919 est,
3736 1842 3914 1903 reddi

742 1932 805 1994 Si
836 1938 1046 1994 tamen
1105 1949 1180 1991 ex
1239 1930 1549 2010 frequenti
1606 1931 1771 1992 malo
1814 1950 1932 1992 usu
1961 1933 2278 1991 constaret
2369 1948 2495 1991 non
2537 1935 2772 2009 potest;
2825 1932 3090 2003 reddere
3136 1937 3349 1995 autem
3379 1934 3630 1995 aliunde
3659 1954 3736 1994 ex
3764 1953 3909 2015 pro-

738 2025 1087 2087 timendum
1131 2043 1266 2091 esse
1314 2024 1481 2104 quod
1510 2043 1620 2084 rex
1650 2023 1839 2085 etiam
1884 2023 1948 2082 in
1991 2024 2273 2083 futurum
2364 2021 2553 2101 priiS,
2603 2028 2672 2085 ut
2699 2022 3051 2086 insumatur
3081 2025 3142 2084 in
3178 2044 3335 2104 opus
3364 2026 3558 2104 illud,
3621 2047 3747 2088 non
3795 2029 3914 2090 erit

734 2121 969 2181 tributo
1019 2118 1184 2179 male
1233 2121 1549 2194 uteretur,
1609 2134 1791 2197 posse
1832 2116 2114 2177 subditos
2147 2134 2270 2177 non
2366 2115 2778 2177 communiter
2804 2117 3118 2194 possibile,
3157 2119 3305 2198 quia
3336 2119 3477 2181 ideo
3505 2119 3801 2199 princeps
3831 2121 3909 2181 ad

734 2213 980 2276 solvere
1030 2231 1044 2271 :
1116 2211 1264 2293 quia
1309 2211 1532 2271 saltem
1587 2229 1736 2271 usus
1799 2208 1963 2269 illius
2027 2208 2265 2285 tributi,
2363 2207 2534 2268 illam
2565 2210 3003 2271 necessitatem
3033 2211 3213 2290 petiit
3242 2212 3569 2291 tributum,
3606 2213 3759 2292 quia
3786 2232 3910 2275 non

734 2305 978 2367 etiamsi
1025 2304 1194 2385 juste
1250 2303 1577 2383 exigatur,
1641 2321 1764 2363 non
1821 2301 2079 2364 deberet
2134 2300 2271 2380 regi
2364 2299 2637 2362 habebat
2674 2302 2927 2362 aliunde
2957 2303 3126 2382 quod
3166 2304 3229 2365 id
3271 2305 3467 2383 possit
3497 2306 3743 2383 facere,
3795 2325 3909 2369 nec

732 2398 1060 2474 committi,
1095 2416 1240 2458 cum
1268 2396 1563 2458 timeatur
1593 2395 1828 2455 abusus
1854 2441 1869 2471 ‚
1933 2394 2081 2473 quia
2122 2393 2270 2455 licet
2362 2394 2675 2473 principes
2722 2396 3140 2458 communiter
3186 2396 3425 2459 habent
3452 2399 3575 2459 alia
3599 2398 3770 2460 bona
3797 2417 3911 2479 pa·

729 2491 834 2551 ille
865 2491 1097 2551 habeat
1123 2489 1512 2568 propositum
1538 2488 1702 2551 bene
1733 2486 2168 2563 consumendi,
2206 2490 2268 2549 et
2361 2488 2779 2565 trimonialia,
2858 2489 2977 2549 nisi
3032 2508 3171 2570 quae
3229 2496 3597 2571 competunt
3663 2492 3908 2555 ratione

726 2583 895 2646 licite
924 2583 1160 2661 exigat,
1214 2581 1446 2645 subditi
1494 2600 1618 2642 non
1675 2586 1970 2642 tenentur
2013 2579 2101 2640 illi
2131 2598 2267 2641 cre-
2360 2579 2776 2659 principatus;
2828 2600 3023 2661 quare
3055 2602 3129 2643 ex
3160 2583 3281 2645 hoc
3310 2584 3515 2663 capite
3563 2604 3694 2646 non
3725 2604 3907 2647 excu-

728 2676 898 2738 dere.
932 2677 1140 2739 Tertio
1170 2675 1441 2755 denique
1469 2674 1620 2735 dicit
1637 2692 1877 2752 regem,
1909 2673 1960 2734 si
1982 2673 2145 2734 male
2173 2673 2265 2734 in·
2358 2673 2663 2735 sabuntur
2690 2676 3107 2738 communiter
3135 2677 3371 2740 subditi
3399 2696 3437 2739 a
3466 2678 3766 2740 solvendo
3799 2680 3908 2741 tri·

601 2799 606 2805 ·
726 2770 993 2850 sumpsit
1019 2769 1325 2837 tributum
1369 2767 1429 2828 ei
1474 2767 1693 2829 datum
1721 2767 1803 2827 ad
1836 2771 2075 2829 certum
2106 2786 2263 2846 opus
2355 2766 2506 2827 huto
2536 2785 2699 2830 anno
2733 2770 3040 2848 sequenti,
3077 2775 3388 2850 quatenus
3418 2790 3492 2832 eo
3520 2789 3687 2834 anno
3718 2772 3908 2837 dehet

725 2881 1099 2943 permanens
1121 2909 1137 2939 ,
1171 2867 1242 2923 ut
1266 2861 1347 2922 ad
1374 2865 1634 2941 pontem
1660 2907 1675 2937 ‚
1708 2860 1982 2938 fontem,
2016 2859 2262 2921 viarum
2354 2858 2617 2937 insumi,
2656 2862 2822 2941 quod
2857 2880 3019 2923 anno
3048 2864 3432 2942 praecedenti
3461 2865 3810 2942 dederant,
3845 2872 3907 2931 et

723 2956 1208 3036 reparationem,
1243 2958 1363 3016 etc.
1397 2954 1495 3014 vel
1527 2954 1608 3014 ad
1638 2972 1795 3032 opus
1824 2952 2156 3030 transienS,
2194 2958 2262 3015 ut
2350 2953 2466 3014 fuit
2520 2954 2682 3014 male
2736 2959 3199 3034 consumptum.
3260 2959 3419 3019 Nam
3479 2976 3625 3019 cum
3683 2978 3903 3025 neces-

725 3049 804 3110 ad
835 3050 1184 3115 custodiam
1214 3048 1496 3120 viarum;
1532 3046 1730 3109 teneri
1752 3050 1970 3125 postea
1989 3050 2258 3107 tantum·
2353 3046 2504 3108 sitas
2535 3047 2743 3108 adhuc
2772 3053 3166 3127 perseveret,
3213 3055 3278 3111 et
3313 3051 3605 3132 princeps
3633 3071 3763 3112 non
3796 3052 3906 3121 ha-

721 3142 867 3206 dem
897 3143 975 3204 de
1006 3160 1118 3203 suo
1165 3141 1227 3201 in
1259 3137 1414 3202 illud
1458 3158 1616 3219 opus
1645 3139 1961 3200 insumere
1996 3158 2009 3200 :
2062 3157 2257 3219 quare
2353 3139 2500 3202 beat
2527 3140 2776 3201 aliunde
2807 3142 2974 3202 unde
3005 3142 3339 3206 subvenire
3374 3145 3589 3224 possit,
3614 3144 3767 3212 licet.
3787 3145 3903 3208 hoc

718 3237 951 3300 subditi
982 3241 1278 3316 poterunt
1318 3253 1442 3295 non
1474 3233 1720 3294 solvere
1751 3232 2035 3311 sequenti
2064 3250 2251 3310 anno,
2352 3235 2536 3314 culpa
2564 3235 2757 3313 ipsius
2787 3234 3085 3315 principis
3114 3236 3430 3315 evenerit,
3482 3239 3760 3317 populus
3791 3239 3898 3302 de·

719 3330 868 3410 quia
898 3348 1010 3410 pro
1068 3347 1141 3390 eo
1198 3346 1362 3388 anno
1422 3326 1715 3405 princeps
1760 3326 1948 3387 debet
1989 3325 2053 3386 id
2083 3325 2250 3405 quod
2349 3327 2456 3388 bet
2485 3328 2837 3406 providere,
2861 3333 2924 3390 et
2953 3329 3034 3389 ad
3062 3347 3381 3392 summum
3412 3332 3708 3414 princeps
3728 3336 3899 3394 tene·

711 3423 846 3503 jam
877 3442 987 3503 pro
1037 3440 1201 3483 anno
1231 3419 1612 3501 praecedenti
1646 3422 1976 3498 acceperat
2001 3422 2065 3479 et
2089 3419 2253 3478 male
2350 3421 2520 3481 bitur
2541 3468 2557 3497 ‚
2607 3422 2859 3500 quando
2902 3422 2984 3483 ad
3013 3423 3408 3501 pinguiorem
3438 3423 3762 3486 fortunam
3789 3445 3895 3486 ve·

716 3516 1129 3594 expenderat,
1191 3514 1549 3576 restituere.
1610 3511 2010 3574 Contrarium
2041 3516 2253 3573 tamen
2350 3514 2535 3592 nerit,
2569 3514 2838 3575 reddere
2868 3515 2931 3576 id
2962 3515 3132 3594 quod
3160 3516 3321 3576 male
3349 3516 3803 3596 insumpserat,
3831 3523 3895 3578 ut

714 3609 957 3671 dixerat
983 3608 1151 3671 idem
1181 3610 1469 3687 Vasquez
1502 3606 1569 3666 d.
1606 3624 1661 3666 c.
1683 3607 1787 3666 IV.
1819 3605 1875 3684 ξ.
1911 3623 1957 3666 1.
1991 3604 2142 3666 dub.
2178 3621 2248 3666 11.
2345 3605 2508 3667 bene
2539 3607 2957 3685 expendatur.
3020 3609 3310 3671 Secundo
3342 3609 3594 3670 difficile
3625 3610 3751 3672 hoc
3779 3614 3887 3688 est,

714 3721 885 3772 num.
920 3705 1018 3770 21.
1053 3700 1160 3762 ubi
1192 3718 1339 3761 oum
1373 3699 1663 3760 Gabriele
1691 3698 1997 3759 docuerat
2025 3697 2250 3776 princi·
2348 3700 2494 3778 quia
2534 3700 2742 3761 adhuc
2784 3719 3040 3761 manere
3068 3701 3317 3762 videtur
3357 3701 3421 3762 in
3465 3720 3579 3763 sua
3607 3702 3672 3764 vi
3703 3722 3894 3783 argu-

711 3814 860 3877 pem
911 3813 984 3857 eo
1023 3813 1172 3862 casu
1218 3794 1424 3856 solum
1468 3792 1672 3853 teneri
1724 3792 1805 3854 ad
1851 3790 2251 3852 resarcienda
2344 3796 2627 3853 mentum
2658 3793 2806 3853 illud
2841 3794 3108 3855 Medinae
3153 3813 3348 3873 supra
3378 3795 3657 3873 factum,
3721 3796 3894 3879 quod.

714 3889 945 3952 damna
973 3891 1213 3960 secuta.
2345 3884 2611 3964 populus
2640 3885 2829 3946 debet
2856 3886 3099 3952 solvere
3130 3887 3374 3966 quoties
3404 3888 3699 3968 princeps
3724 3889 3893 3950 licite

789 3985 861 4044 In
889 3982 1007 4044 hac
1035 3979 1346 4043 sententia
1375 3978 1654 4039 difficilia
1679 3978 1890 4058 aliqua
1918 3980 2083 4038 sunt.
2345 3979 2532 4055 petit:
2554 3977 2603 4037 si
2637 3996 2787 4057 ergo
2819 3978 3027 4040 adhue
3055 3983 3196 4058 post
3221 3980 3396 4040 illum
3427 3980 3695 4044 abusum
3720 3981 3893 4061 prin-

459 4109 539 4169 59
793 4075 1056 4137 Difficile
1085 4074 1252 4135 enim
1281 4077 1375 4134 est
1403 4072 1605 4154 primo
1627 4117 1642 4148 ‚
1694 4070 1863 4150 quod
1897 4070 2049 4131 dicit
2076 4068 2245 4151 quod
2343 4087 2491 4152 ceps
2516 4070 2682 4132 licite
2713 4070 2905 4152 exigit
2934 4090 3098 4134 anno
3131 4071 3414 4151 sequenti
3434 4117 3450 4148 ,
3500 4091 3652 4152 ergo
3697 4073 3900 4135 habet

710 4169 1013 4230 tributum
1046 4170 1375 4246 acceptum
1423 4165 1557 4225 sine
1605 4165 1815 4230 animo
1850 4162 2244 4244 expendendi
2333 4164 2440 4243 jus
2469 4163 2780 4242 exigendi,
2802 4182 2950 4244 ergo
2980 4164 3248 4246 populus
3276 4183 3402 4225 non
3418 4170 3625 4244 potest
3654 4185 3897 4245 negare

363 4233 539 4341 pofflffl'
568 4233 659 4332 {ine
709 4262 789 4325 ad
818 4261 1061 4324 debitos
1108 4279 1258 4321 usus
1301 4259 1381 4320 ob
1413 4258 1728 4319 defectum
1758 4275 1965 4318 causae
2013 4261 2076 4322 et
2102 4257 2244 4317 finis
2341 4275 2415 4318 eo
2464 4261 2767 4336 praetextu
2822 4258 2990 4339 quod
3020 4277 3092 4319 eo
3124 4276 3287 4320 anno
3331 4258 3561 4319 debeat
3589 4259 3892 4339 expendi,

364 4342 658 4450 'kssoss'sffi'ffs‘f'
699 4355 878 4437 justi,
912 4374 1036 4416 non
1066 4353 1146 4415 sit
1163 4354 1426 4432 justum,
1459 4355 1521 4413 et
1548 4369 1659 4429 per
1688 4368 2082 4431 consequens
2112 4368 2237 4412 non
2342 4350 2511 4431 quod
2554 4368 2716 4411 anno
2761 4350 3140 4428 praecedenti
3171 4351 3466 4424 dederat3
3499 4352 3555 4412 si
3584 4353 3742 4412 enim
3772 4352 3899 4414 hie

706 4450 785 4511 sit
809 4449 1113 4512 tributum
1144 4445 1254 4508 sed
1286 4444 1527 4510 exactio
1561 4443 1911 4522 tyrannica.
1946 4445 2109 4519 Hoc,
2144 4442 2241 4504 in—
2339 4443 2553 4512 titulus
2582 4447 2908 4508 excusaret
2935 4444 3268 4524 populum,
3300 4443 3594 4525 princeps
3622 4464 3738 4506 non
3767 4445 3901 4507 ha-

706 4560 918 4622 quam,
953 4539 1206 4602 difficile
1236 4543 1349 4616 est,
1384 4537 1530 4617 quia
1563 4537 1626 4597 in
1657 4536 1794 4597 aliis
1816 4536 2239 4598 contractibus
2337 4535 2515 4598 beret
2546 4535 2795 4599 titulum
2824 4536 3116 4616 exigendi
3143 4536 3222 4597 de
3251 4555 3413 4598 novo
3430 4556 3506 4598 eo
3529 4556 3903 4614 anno,cu1n

705 4634 785 4696 ad
815 4651 1033 4696 eorum
1060 4632 1341 4694 valorem
1368 4630 1431 4691 in
1453 4629 1862 4692 contrahente
1892 4647 2016 4690 non
2036 4629 2245 4714 requi·
2338 4632 2581 4710 peteret
2613 4629 2692 4694 ab
2739 4630 2813 4691 iis
2845 4630 2952 4709 qui
2997 4630 3320 4692 solverunt
3350 4647 3423 4690 eo
3454 4647 3621 4692 anno
3649 4647 3904 4711 praeee-

699 4729 856 4789 ritur
875 4725 1121 4787 animus
1143 4724 1438 4803 implendi
1468 4723 1868 4803 promissum,
1902 4722 2011 4783 sed
2033 4723 2237 4783 solum
2336 4723 2508 4790 denti
2542 4740 2558 4788 ;
2609 4722 2706 4788 cui
2737 4726 3106 4802 argumento
3137 4721 3344 4783 adhuc
3371 4723 3732 4804 responderi
3762 4724 3903 4786 de-

701 4820 945 4881 animus
973 4838 1039 4880 se
1071 4817 1410 4898 obligandi,
1444 4837 1502 4877 v.
1537 4836 1633 4896 gr.
1670 4821 1737 4877 ut
1764 4815 2234 4876 matrimonium
2332 4816 2461 4878 bet.

697 4913 778 4976 sit
822 4913 1100 4975 validum
1125 4958 1140 4989 ,
1200 4930 1325 4972 non
1374 4910 1712 4989 requiritur
1768 4909 1937 4989 quod
1985 4914 2235 4972 contra-
2416 4911 2547 4989 Ego
2581 4909 2838 4990 quidem
2868 4909 2933 4969 in
2963 4908 3361 4970 conclusione
3391 4910 3691 4970 convenio
3718 4927 3903 4973 cum
4089 4925 4167 4982 ει

697 5006 853 5068 hens
883 5006 1113 5067 habeat
1139 5005 1419 5065 animum
1463 5002 1758 5064 servandi
1798 5002 1987 5063 fidem
2017 5002 2233 5082 conju·
2334 5005 2401 5064 P.
2436 5004 2763 5082 vasquez,
2819 5021 3008 5082 qnam
3060 5006 3273 5063 tamen
3300 5002 3492 5081 paulo
3521 5004 3693 5064 aliter
3721 5021 3908 5081 pro·
3974 5047 4121 5090 ω
4164 5061 4222 5090 a

696 5100 925 5180 galem,
957 5100 1057 5160 vel
1087 5096 1394 5158 reddendi
1425 5083 1706 5157 debitum
1727 5142 1742 5169 ‚
1778 5094 1887 5155 sed
1918 5095 2088 5174 quod
2117 5095 2233 5155 ha·
2332 5096 2607 5158 bandum
2638 5100 2701 5157 et
2730 5096 3189 5160 detendendam
3219 5100 3390 5174 puto,
3445 5096 3714 5158 Admitto
3744 5096 3909 5159 ita-
3975 5102 4114 5194 {⁸1³⁶
4109 5105 4222 5196 ἐξ

695 5193 843 5254 beat
885 5191 1165 5253 animum
1214 5208 1281 5251 se
1310 5188 1393 5249 ad
1425 5187 1560 5249 haec
1620 5188 1938 5268 obligandi
1965 5234 1980 5265 ,
2039 5188 2228 5249 etiam
2329 5209 2452 5269 que
2472 5236 2487 5266 ,
2539 5189 2886 5271 principem
2931 5190 3096 5250 malo
3144 5189 3352 5250 animo
3401 5207 3529 5250 non
3561 5189 3712 5250 hene
3767 5209 3916 5252 ex·
3998 5167 4060 5197 ⁸⁸

694 5304 841 5347 cum
870 5286 1077 5346 animo
1109 5301 1432 5362 nunquam
1476 5281 1875 5343 observandi.
1935 5281 2225 5344 Venditio
2329 5282 2646 5361 pendendi
2697 5283 3003 5344 tributum
3058 5282 3411 5361 exigentem
3453 5299 3748 5359 peccare,
3826 5291 3914 5348 et

693 5380 842 5441 item
888 5382 982 5439 est
1006 5376 1218 5438 valida
1239 5422 1256 5453 ,
1305 5375 1452 5437 licet
1480 5375 1770 5436 venditor
1817 5373 2050 5436 habeat
2095 5375 2225 5434 ani·
2326 5374 2558 5436 dehere
2590 5393 2712 5436 non
2743 5374 2943 5436 solum
2972 5374 3202 5435 damna
3224 5420 3240 5451 ,
3292 5374 3404 5435 sed
3436 5374 3735 5436 tributum
3775 5393 3915 5437 re-

693 5490 866 5533 mum
896 5490 1018 5531 non
1058 5469 1345 5532 tradendi
1400 5468 1668 5545 emptori
1713 5487 1844 5528 rem
1874 5469 2216 5545 venditam,
2323 5468 2579 5529 stituere
2615 5489 2627 5529 :
2662 5468 2801 5528 dico
2833 5468 3045 5543 etiam,
3079 5470 3282 5528 stante
3313 5467 3419 5527 illa
3449 5466 3901 5545 experientia,
