4263 6376
1151 360 1620 422 DlSPUTA'l'lO
1665 358 1964 436 XXXVII,
2014 362 2288 425 SECTIO
2334 367 2408 428 X.

180 537 444 614 duobus,
478 541 540 599 et
566 539 776 599 tamen
815 554 999 617 posse
1035 540 1250 616 petere
1291 536 1562 616 pretium
1601 552 1713 615 pro

180 649 288 703 ea;
331 632 471 710 jam
512 631 680 691 enim
740 648 865 690 non
916 629 1172 692 daretur
1213 630 1456 708 integra
1487 629 1591 689 uni
1641 647 1715 688 ex

180 723 423 784 duobus
444 769 461 800 ,
493 741 636 783 eum
666 727 874 783 tamen
907 722 1234 801 exjustitia
1249 727 1536 785 teneatur
1556 722 1714 782 ‘dare

180 818 488 896 integram
512 864 526 889 ‚
563 835 684 877 non
720 821 929 894 potest
955 834 1105 894 ergo
1136 818 1309 877 salva
1330 816 1573 896 justitia
1602 815 1716 875 ali-

180 910 324 990 quid
356 909 712 986 detrahere,
747 909 1022 988 alioquin
1051 913 1263 988 posset
1289 911 1572 989 accipere
1602 926 1715 988 pro

180 1002 377 1081 pretio
407 1001 739 1062 dimidium
767 1001 857 1061 rei
889 1001 1153 1075 dandae3
1188 1003 1356 1082 quod
1387 1006 1551 1063 esset
1586 1020 1716 1062 ma-

186 1096 407 1157 nifeste
436 1099 655 1156 contra
675 1094 1005 1174 justitiam.

249 1191 484 1261 Quarto
514 1189 702 1268 objici
730 1191 936 1266 potest
952 1190 1169 1249 contra
1188 1189 1439 1250 tertiam
1466 1188 1721 1250 conclu-

179 1282 442 1357 sionem,
494 1280 662 1359 quod
701 1280 766 1340 in
808 1280 978 1342 nullo
1019 1299 1167 1342 casu
1211 1282 1498 1345 videatur
1536 1300 1718 1362 posse

175 1373 444 1453 judicari
473 1391 586 1451 pro
618 1391 692 1433 eo
722 1374 900 1451 cujus
936 1392 1128 1434 causa
1148 1379 1241 1436 est
1259 1375 1466 1436 minus
1494 1374 1720 1453 proba-

182 1467 359 1539 bilis;
394 1465 544 1545 quia
572 1465 632 1525 in
665 1467 834 1527 nullo
863 1484 1013 1527 casu
1043 1471 1249 1545 potest
1277 1468 1425 1528 ferri
1468 1472 1722 1528 senten-

181 1560 263 1621 tia
291 1563 516 1620 contra
543 1557 718 1618 illum
749 1558 855 1637 qui
885 1558 1076 1620 habet
1094 1560 1233 1638 jus;
1266 1560 1376 1620 sed
1394 1560 1499 1640 qui
1531 1560 1722 1621 habet

183 1669 436 1713 causam
466 1650 976 1729 probabiliorem,
1026 1651 1217 1713 habet
1255 1652 1619 1732 simpliciter
1659 1657 1721 1714 et

184 1745 466 1806 absolute
507 1745 650 1822 jus;
703 1761 875 1822 ergo.
924 1745 1380 1823 Respondetur,
1430 1746 1492 1805 in
1549 1746 1717 1806 nullo

183 1858 327 1899 casu
357 1855 493 1897 esse
518 1836 934 1915 judicandum
966 1841 1186 1898 contra
1216 1857 1361 1898 eum
1392 1839 1496 1919 qui
1529 1838 1722 1900 habet

176 1933 276 2011 jus
304 1935 570 2006 certum,
598 1947 781 2008 posse
809 1935 1019 1991 tamen
1041 1931 1314 2009 judicari
1329 1936 1547 1993 contra
1575 1950 1718 1992 eum

184 2023 282 2103 qui
315 2022 508 2083 habet
525 2024 632 2102 jus
673 2021 1028 2102 probabile3
1062 2024 1211 2102 quia
1241 2024 1438 2102 judex
1477 2024 1719 2086 contor-

183 2121 313 2178 mat
340 2135 408 2176 se
438 2115 720 2195 opinioni
748 2113 1054 2195 probabili
1077 2116 1333 2178 dictanti
1365 2135 1487 2179 non
1518 2118 1716 2194 illum,

183 2210 290 2270 sed
322 2209 757 2270 adversarium
796 2210 1002 2286 potius
1044 2208 1276 2269 habere
1298 2210 1433 2289 jus3
1480 2215 1541 2272 et
1577 2211 1723 2272 licet

184 2302 435 2383 quando
464 2301 868 2381 probabilitas
899 2301 1082 2362 unius
1112 2306 1205 2363 est
1251 2302 1436 2382 longe
1493 2303 1715 2382 major,

185 2415 305 2457 non
328 2394 526 2474 possit
552 2394 924 2472 regulariter
950 2397 1168 2456 contra
1196 2394 1370 2456 illum
1403 2396 1675 2475 judicari
1699 2416 1714 2470 ;

185 2489 299 2549 hoc
328 2492 544 2548 tamen
573 2504 696 2546 non
728 2491 856 2547 tam
888 2486 1086 2547 oritur
1113 2505 1189 2547 ex
1210 2487 1353 2566 jure
1383 2488 1718 2550 intrinseco

184 2581 575 2658 singulorum
604 2578 995 2657 privatorum
1025 2583 1094 2640 ut
1134 2579 1222 2640 ita
1268 2580 1496 2658 dicam,
1532 2599 1721 2661 quam

184 2693 256 2734 ex
286 2672 668 2750 obligatione
722 2671 916 2750 ipsius
961 2673 1213 2751 judiciS,
1249 2673 1352 2753 qui
1409 2692 1482 2735 eo
1537 2680 1720 2753 pacto

186 2765 430 2843 accepit
460 2783 500 2824 a
525 2764 852 2843 republica
879 2783 1108 2825 munus
1146 2772 1215 2828 ut
1260 2766 1591 2846 diligenter
1626 2769 1722 2828 in-

183 2858 463 2937 quireret
488 2856 840 2931 veritatem,
875 2861 938 2917 et
963 2875 1076 2936 pro
1108 2876 1181 2916 ea
1213 2859 1567 2936 judicarem
1604 2860 1722 2921 hoc

182 2955 396 3013 autem
424 2954 678 3028 pactum
706 2968 829 3010 non
860 2950 977 3012 fuit
1003 2951 1239 3012 factum
1282 2951 1366 3013 ita
1406 2953 1722 3014 universa-

180 3044 345 3120 liter,
380 3043 531 3122 quin
559 3041 916 3104 admitteret
943 3043 1184 3122 aliquas
1206 3046 1602 3123 exceptiones
1623 3065 1727 3107 ra·-

180 3135 534 3213 tionabiles,
569 3153 726 3217 quas
769 3136 1089 3215 posuimus
1143 3136 1203 3197 in
1251 3139 1436 3201 tertia
1478 3141 1726 3202 conclu-

182 3232 382 3305 sione,
413 3229 477 3289 in
521 3228 747 3309 quibus
802 3234 1013 3308 posset
1058 3230 1256 3308 Judex
1285 3231 1571 3310 judicare
1611 3252 1724 3313 pro

183 3343 308 3384 una
338 3327 518 3401 parte
548 3320 881 3400 probabili,
905 3322 1319 3402 relinquendo
1350 3330 1609 3405 propter
1628 3329 1728 3407 ju-

183 3421 313 3478 stas
342 3433 588 3491 causaS,
622 3414 720 3473 vel
753 3432 876 3474 non
918 3415 1332 3477 examinando
1377 3419 1578 3496 magis
1626 3439 1727 3479 ex-

182 3526 437 3570 cessum
467 3524 674 3567 causae
704 3505 1163 3585 probabilioris·

263 3601 496 3674 Quinto
527 3598 715 3677 objici
766 3598 971 3660 solent
998 3598 1206 3679 aliqua
1228 3601 1396 3681 jura,
1423 3602 1484 3662 in
1503 3603 1729 3683 quibus

179 3695 438 3755 videtur
465 3692 740 3771 praeferri
787 3709 1037 3771 semper
1078 3710 1268 3754 causa
1321 3695 1723 3773 probabilior,

183 3786 541 3867 praesertim
569 3785 633 3846 in
663 3803 716 3845 c.
751 3785 1013 3861 lavenis,
1059 3786 1138 3846 de
1187 3787 1502 3867 sponsalib.
1552 3793 1613 3851 et
1666 3790 1729 3850 in

181 3899 238 3942 c.
275 3879 360 3941 Si
383 3878 514 3960 quis
540 3885 755 3953 autem,
789 3876 858 3937 de
875 3877 1085 3958 poenit.
1116 3878 1258 3941 dist.
1296 3898 1406 3942 vn.
1456 3883 1730 3961 Respon-

180 3974 379 4034 detur
429 3977 662 4047 tamen,
695 3970 758 4029 in
797 3970 870 4030 iis
917 3971 1165 4050 juribus
1220 3972 1323 4051 agi
1362 3973 1439 4034 de
1468 3976 1734 4037 materia

180 4067 379 4127 valde
409 4064 657 4125 diversa
692 4083 705 4124 t
740 4081 886 4122 nam
917 4063 979 4123 in
1010 4064 1203 4143 priori
1251 4065 1461 4144 agitur
1495 4068 1573 4127 de
1614 4068 1733 4128 im-

181 4159 553 4239 pedimento
582 4156 961 4217 matrimonii
993 4161 1128 4219 orto
1158 4176 1232 4217 ex
1278 4159 1503 4237 copula
1542 4159 1733 4221 dubia

180 4271 336 4314 cum
397 4249 895 4327 consanguinea;
958 4266 1099 4327 quae
1152 4249 1299 4311 lieet
1342 4269 1467 4312 non
1518 4252 1735 4313 fuisset

180 4350 388 4420 certa,
423 4342 696 4403 habebat
724 4345 934 4402 tamen
981 4343 1535 4423 praesumptionem
1573 4345 1734 4425 juris

178 4441 454 4521 propter
480 4435 1031 4511 cohabitationem,
1064 4439 1127 4496 et
1154 4435 1307 4496 alias
1327 4436 1735 4499 circumstan-

177 4534 307 4594 tias
331 4547 476 4611 quae
503 4528 819 4609 pertinent
846 4529 926 4588 ad
960 4528 1395 4607 probationem
1438 4530 1620 4605 facti3
1655 4532 1734 4592 de

178 4626 264 4687 de
298 4641 431 4704 quo
452 4624 588 4703 jam
619 4621 888 4681 diximus
915 4640 1103 4701 supra
1133 4640 1266 4683 esse
1299 4622 1610 4684 diversam
1637 4644 1737 4685 ra-

177 4718 454 4780 tionem.
488 4717 556 4776 In
586 4713 917 4793 posteriori
947 4719 1157 4774 autem
1187 4733 1312 4775 non
1368 4719 1462 4776 est
1506 4735 1738 4795 praece-

176 4815 399 4893 ptum,
448 4808 556 4869 scd
603 4807 930 4868 consilium
984 4808 1316 4886 Augustini
1359 4809 1732 4887 universale,

178 4903 368 4986 quod
414 4918 598 4961 nemo
645 4899 894 4961 differat
951 4900 1384 4978 poenitentiam
1422 4902 1502 4961 ad
1547 4902 1739 4963 finem

177 4998 375 5068 vitae;
427 5012 574 5054 nam
621 4993 683 5053 in
733 4992 983 5070 negotio
1041 4992 1259 5054 salutis
1308 4994 1738 5075 unusquisque

176 5090 390 5151 debet
414 5105 548 5148 rem
577 5086 735 5147 tanti
766 5085 1060 5166 ponderis
1089 5090 1263 5149 extra
1291 5088 1600 5165 ejusmodi
1630 5088 1741 5149 du-

174 5185 294 5245 bia
324 5185 394 5243 et
421 5180 699 5259 pericula
728 5178 1056 5240 collocare.

269 5272 520 5354 Inquiri
550 5278 760 5334 tamen
792 5272 998 5332 adhue
1027 5276 1232 5350 potest
1258 5272 1424 5333 circa
1460 5273 1743 5352 supradi-

180 5373 320 5446 cta,
360 5385 442 5427 an
463 5365 660 5446 judex
691 5364 796 5444 qui
824 5364 957 5425 sine
988 5364 1339 5426 rationabili
1367 5383 1556 5426 causa
1600 5384 1744 5426 sen-

70 5477 126 5517 :i-
175 5461 464 5525 tentiam
497 5458 773 5537 proferat
800 5476 914 5537 pro
942 5461 1118 5536 parte
1163 5458 1472 5536 probabili
1526 5461 1745 5520 contra

70 5531 108 5592 u·

71 5596 126 5628 Π.

176 5552 715 5637 probabiliorem,
778 5554 1068 5613 teneatur
1110 5550 1197 5610 illi
1267 5551 1344 5611 ad
1404 5550 1745 5614 restitutio-

3237 381 3351 438 717

1816 554 1957 594 nem
1978 536 2010 597 ?
2035 538 2246 599 Videri
2277 545 2488 620 posset
2516 562 2640 605 non
2668 549 2889 625 teneri,
2934 550 3080 630 quia
3117 552 3352 632 obliga-

1817 628 1900 689 tio
1923 630 2249 708 judicandi
2270 653 2383 712 pro
2413 642 2589 715 parte
2618 641 3022 718 probabiliori
3052 644 3249 706 oritur
3278 665 3351 706 ex

1817 721 2026 783 debito
2057 725 2226 802 quod
2249 726 2443 804 judex
2475 729 2665 793 habet
2706 751 2856 811 erga
2899 738 3352 815 rempublicam

1817 813 2170 893 inquirendi
2199 818 2549 898 veritatem,
2585 828 2648 884 et
2672 826 3017 887 secundum
3066 848 3202 889 eam
3249 832 3354 909 ju-

1818 906 2070 969 dicandi
2103 929 2117 969 :
2159 929 2308 989 ergo
2338 913 2629 976 violando
2663 917 2780 979 hoc
2811 919 3115 999 debitum,
3149 923 3352 984 solum

1819 1000 2106 1079 peccabit
2158 1008 2376 1065 contra
2422 1010 2897 1090 rempublicam,
2932 1019 2994 1074 et
3043 1016 3355 1079 tenebitur

1818 1093 2146 1155 restitueie
2213 1096 2573 1175 reipublicoe
2629 1102 2813 1181 juxta
2883 1104 3349 1186 detrimentum,

1821 1185 1986 1264 quod
2016 1186 2254 1247 bonum
2300 1206 2631 1252 commune
2674 1196 2908 1272 patitur
2951 1217 3026 1257 ex
3071 1200 3174 1261 illa
3217 1221 3355 1281 per-

1820 1277 2107 1338 versione
2129 1281 2372 1358 judicii,
2408 1301 2547 1362 quae
2575 1285 2832 1365 quidem
2875 1292 3183 1355 restitutio
3229 1313 3353 1357 non

1821 1373 1985 1430 esset
2012 1370 2090 1430 de
2134 1375 2264 1433 toto
2312 1373 2611 1438 interesse
2648 1378 2790 1456 litis,
2825 1387 2892 1443 ut
2936 1388 3127 1462 patet.
3182 1387 3356 1450 Sicut

1821 1462 2009 1524 etiam
2051 1464 2164 1543 qui
2211 1465 2385 1544 eligit
2429 1468 2635 1530 minus
2683 1471 2965 1552 dignum,
3018 1478 3117 1538 vel
3164 1483 3354 1540 etiam

1819 1556 2147 1634 indignum
2176 1556 2258 1617 ad
2286 1558 2686 1639 beneficium,
2722 1584 2846 1627 non
2891 1572 3141 1631 tenetur
3167 1590 3356 1651 regu-

1817 1649 2032 1709 lariter
2059 1650 2386 1711 restituere
2416 1651 2687 1731 digniori
2723 1661 3139 1736 praetermisso
3174 1666 3356 1742 juxta

1819 1759 2219 1802 communem
2265 1746 2660 1825 sententiam,
2703 1751 2812 1811 sed
2868 1755 2982 1814 soli
3048 1757 3349 1835 ecclesias,

1812 1833 1992 1913 juxta
2044 1852 2406 1896 mensuram
2451 1837 2811 1904 detrimenti
2874 1848 3044 1925 quod
3089 1850 3354 1912 ecclesia

1818 1927 2053 2005 patitur
2081 1945 2155 1986 ex
2183 1927 2286 1987 illa
2318 1928 2525 2009 iniqua
2561 1934 2888 2015 electione,
2924 1939 3012 2000 sic
3043 1942 3233 2003 etiam
3261 1945 3353 2005 vi-

1821 2019 2005 2080 detur
2031 2020 2094 2079 in
2124 2023 2439 2099 praesenti,
2464 2028 2582 2086 etc.

1898 2112 2119 2173 Verius
2143 2118 2355 2173 tamen
2378 2115 2682 2195 existimO,
2704 2123 2900 2183 teneri
2926 2126 3005 2185 ad
3023 2129 3352 2190 restituen-

1821 2205 1970 2266 dum
1999 2205 2163 2283 parti
2184 2208 2587 2285 probabiliori
2619 2213 2864 2277 omissae
2891 2237 2905 2291 ς
2941 2224 3002 2281 et
3032 2220 3117 2282 ita
3138 2223 3352 2283 viden-

1820 2303 1922 2359 tur
1949 2316 2303 2377 supponere
2347 2302 2600 2364 omnino
2649 2311 2937 2370 auctores
2986 2314 3181 2375 lertiae
3212 2335 3353 2376 sen-

1819 2391 2029 2453 tentiae
2077 2411 2269 2471 supra
2318 2393 2567 2468 relatae3
2630 2398 2848 2463 dicunt
2893 2404 3083 2482 enim,
3145 2411 3351 2471 facere

1821 2489 2040 2546 contra
2061 2484 2166 2562 jus
2195 2485 2356 2545 illius
2387 2489 2603 2565 partis.
2642 2493 2818 2554 Ratio
2841 2501 3053 2559 autem
3083 2506 3177 2562 est
3206 2504 3353 2583 quia

1820 2579 1885 2638 in
1911 2577 2205 2657 praesenti
2233 2597 2355 2639 non
2388 2584 2481 2641 est
2498 2582 2668 2644 aliud
2691 2584 3013 2668 damnum,
3049 2595 3216 2672 quod
3246 2615 3353 2674 pa-

1818 2672 1970 2733 titur
1997 2669 2371 2749 respublica,
2425 2673 2539 2734 nisi
2570 2674 2632 2735 in
2665 2684 2972 2757 quantum
3005 2704 3167 2747 unus
3197 2689 3352 2749 civis

1823 2763 1930 2843 qui
1951 2761 2141 2823 habet
2169 2762 2489 2826 meliorem
2520 2785 2797 2849 causam,
2840 2774 3123 2853 privatur
3142 2779 3347 2855 bonis,

1822 2857 1940 2918 hoc
1969 2859 2181 2916 autem
2209 2856 2509 2919 damnum
2557 2879 2680 2923 non
2724 2864 2845 2926 alio
2877 2869 3064 2931 modo
3095 2874 3351 2935 resarci-

1822 2953 1946 3025 tur,
1982 2947 2100 3008 nisi
2129 2947 2232 3007 ille
2260 2948 2428 3009 idem
2459 2951 2611 3012 civis
2633 2952 2863 3019 habeat
2889 2958 3076 3039 bona,
3111 2963 3190 3024 ad
3212 2984 3352 3045 quae

1823 3041 2100 3102 habebat
2125 3041 2513 3119 probabilius
2533 3044 2639 3125 jus
2671 3063 2684 3109 z
2720 3067 2870 3129 ergo
2900 3051 2951 3112 si
2969 3053 3167 3132 judex
3190 3063 3354 3120 tene·

1823 3137 1926 3197 tur
1977 3133 2058 3196 ad
2112 3134 2568 3198 restituendum
2626 3139 2984 3221 reipublicae
3004 3194 3019 3223 ‚
3098 3152 3350 3214 tenetur

1823 3229 2012 3291 etiam
2060 3228 2141 3288 ad
2188 3229 2644 3292 restituendum
2697 3237 2859 3312 parti
2907 3241 3337 3325 probabiliori,

1828 3340 1967 3401 quae
1997 3320 2113 3383 fuit
2141 3321 2311 3383 laesa.
2365 3325 2484 3385 Per
2513 3327 2679 3403 quod
2710 3334 2882 3405 patet
2910 3332 3242 3398 discrimen
3276 3342 3355 3402 ab

1828 3414 2112 3492 exemplo
2141 3413 2415 3477 adducto
2451 3415 2529 3476 de
2561 3417 2829 3497 eligente
2859 3424 3067 3486 minus
3098 3428 3356 3508 dignum

1828 3507 1909 3569 ad
1938 3505 2312 3567 beneficium
2359 3509 2850 3574 ecclesiasticum
2886 3536 2899 3577 :
2949 3518 3035 3580 ibi
3064 3523 3230 3583 enim
3264 3531 3359 3588 est

1829 3600 2146 3661 diversum
2177 3597 2478 3660 damnum
2508 3618 2863 3686 commune,
2898 3613 3066 3689 quod
3093 3617 3358 3679 intendi-

1828 3698 1930 3755 tur
1958 3690 2143 3752 vitari
2172 3710 2285 3769 per
2303 3693 2672 3756 electionem
2703 3698 3024 3781 dignioris,
3059 3725 3096 3766 a
3127 3708 3357 3774 damno

1829 3785 2024 3866 ipsius
2052 3784 2278 3863 privati
2310 3786 2417 3865 qui
2440 3791 2957 3867 praetermittitur.
2992 3798 3212 3861 Melius
3243 3804 3359 3864 ita-

1832 3898 1953 3959 que
2010 3877 2366 3955 exemplum
2420 3887 2632 3958 posset
2684 3884 2911 3947 adduci
2967 3890 3045 3950 de
3101 3897 3358 3958 custode

1830 3970 2081 4047 montis,
2117 3988 2305 4050 quem
2333 3971 2543 4050 plures
2571 3974 2804 4038 domini
2828 3979 3110 4060 ejusdem
3129 3989 3360 4052 montis

1833 4062 2248 4128 communiter
2276 4064 2637 4130 conducunt
2682 4070 2764 4131 ad
2808 4073 3136 4138 vitandum
3182 4080 3362 4143 dam-

1833 4175 1984 4219 num
2014 4174 2386 4217 commune:
2416 4160 2566 4219 tunc
2597 4161 2763 4222 enim
2794 4166 3038 4229 etiamsi
3059 4170 3361 4236 damnum

1833 4252 2020 4312 fuerit
2068 4250 2310 4311 illatum
2366 4250 2429 4310 in
2474 4272 2598 4313 una
2642 4256 2774 4316 sola
2810 4265 2989 4337 parte
3015 4265 3267 4345 montiS,
3302 4272 3365 4331 et

1834 4363 1947 4423 per
1974 4361 2364 4423 consequens
2390 4345 2703 4410 redundet
2743 4350 2804 4410 in
2835 4372 3028 4415 unum
3058 4358 3258 4420 solum
3288 4380 3363 4422 ex

1834 4437 2140 4511 dominis;
2192 4442 2402 4499 custos
2444 4441 2761 4503 tenebitur
2804 4446 2862 4506 ei
2913 4451 3259 4530 restituere,
3312 4452 3366 4516 si

1835 4548 1950 4591 sua
1980 4528 2164 4609 culpa
2191 4529 2433 4591 illatum
2466 4536 2594 4606 est;
2642 4553 2789 4597 nam
2835 4558 3053 4603 omnes
3082 4563 3365 4608 commu-

1835 4623 1997 4684 niter
2042 4641 2185 4683 eum
2217 4625 2652 4688 conduxerunt
2702 4630 2783 4690 ad
2810 4631 3213 4712 impedienda
3239 4640 3367 4701 sin-

1837 4716 2129 4796 gulorum
2161 4716 2414 4780 damna.
2463 4719 2564 4780 Sic
2587 4718 2782 4801 judex
2812 4726 3184 4789 conducitur
3210 4750 3249 4792 a
3276 4736 3366 4794 to-

1838 4814 1901 4871 ta
1931 4809 2255 4888 republica
2296 4811 2375 4871 ad
2407 4811 2808 4892 impedienda
2836 4818 3227 4898 singulorum
3256 4824 3369 4886 da-

1837 4919 2009 4979 mna,
2046 4906 2108 4963 et
2143 4902 2284 4963 ideo
2315 4903 2540 4983 singuli
2567 4907 2842 4970 retinent
2875 4911 2991 4971 sibi
3013 4912 3120 4993 jus
3148 4922 3368 4980 contra

1833 4994 2113 5076 judicem
2145 5013 2257 5073 pro
2288 5001 2465 5075 parte
2495 4997 2707 5060 damni
2739 5000 2858 5063 sibi
2885 5022 2961 5064 ex
2989 5004 3214 5086 judicis
3243 5010 3369 5070 cul-

1839 5106 1922 5166 pa
1948 5087 2278 5148 inferendi.
2313 5090 2593 5170 Denique
2614 5095 3038 5176 confirmatur,
3074 5101 3219 5180 quia
3239 5121 3371 5163 ma-

1841 5180 2160 5259 gistratuS,
2196 5181 2275 5241 ob
2307 5181 2486 5261 cujus
2517 5186 2966 5266 negligentiam
2994 5194 3370 5272 culpabilem

1842 5273 2002 5333 fiunt
2029 5273 2197 5335 furta
2224 5275 2323 5334 vel
2356 5274 2696 5339 homicidia
2727 5280 2791 5340 in
2814 5283 3086 5363 civitate,
3121 5307 3245 5349 non
3273 5307 3370 5351 so-

1843 5366 1973 5426 lum
2004 5368 2223 5444 peccat
2268 5372 2484 5429 contra
2521 5369 2829 5449 justitiam
2875 5378 3174 5442 adversus
3202 5400 3369 5442 rem-

1844 5459 2193 5538 publicam,
2255 5460 2366 5520 sed
2415 5462 2603 5523 etiam
2652 5466 2953 5530 adversus
2984 5489 3090 5532 eos
3121 5473 3225 5553 qui
3257 5493 3370 5553 pa-

1844 5552 2085 5614 tiuntur
2120 5552 2227 5613 illa
2255 5553 2508 5632 damna,
2568 5562 2629 5618 et
2658 5557 2799 5619 ideo
2826 5561 2975 5639 ipsis
3002 5568 3252 5628 tenetur
3274 5586 3374 5628 re-
