4263 6376
61 1174 221 1323 ..ἐξ
61 1049 141 1106 Ξ

87 4879 181 4939 215

64 5002 136 5053 Quid
160 5009 207 5050 sii

1269 307 1739 372 DISPU'I'A'I'IO
1784 306 2001 383 XXIV,
2050 307 2325 370 SEG'I‘IO
2369 307 2474 368 IX.

258 483 479 546 relicto
529 483 647 547 sub
684 482 1046 548 conditione
1076 485 1371 566 negativa
1398 485 1797 566 potestativa,

259 582 325 638 ut
351 577 407 638 si
436 596 768 658 nunquam
814 579 1180 660 capitolium
1227 579 1614 660 ascenderis,
1661 578 1802 657 lego

256 670 369 732 tibi
400 675 682 748 eentum,
717 689 800 733 00
854 675 916 734 01
957 673 1271 752 quomodo
1324 672 1696 738 solvendum
1725 671 1805 734 sit

256 764 544 840 legatum
570 812 585 842 ,
634 764 912 826 exhibita
951 783 989 827 a
1015 766 1321 846 legatario
1352 765 1640 830 cautione
1669 766 1803 828 Mu-

260 857 432 920 tiana
461 859 545 918 de
575 858 916 920 reddendis
944 863 1198 922 eentum
1247 859 1297 920 si
1337 859 1675 940 aliquando
1706 877 1806 922 ca·

259 951 555 1030 pitolium
584 952 961 1016 ascenderit.

340 1044 600 1123 Triplex
629 1049 725 1108 est
752 1045 1182 1110 conditionum
1201 1065 1422 1125 genus,
1457 1045 1610 1107 Aliae
1640 1045 1807 1110 enim

261 1141 407 1200 sunt
432 1137 834 1217 potestativas
857 1157 1068 1218 puras,
1120 1144 1223 1216 ut,
1274 1140 1415 1218 1030
1446 1138 1557 1201 tibi
1596 1139 1649 1202 si
1677 1157 1807 1200 ser-

262 1249 413 1292 vum
454 1235 639 1294 tuum
684 1233 1161 1310 010000110οτ10,
1213 1236 1276 1294 01
1314 1232 1546 1294 01011100
1576 1235 1638 1296 01
1665 1236 1810 1294 0001

262 1325 325 1385 10
356 1328 680 1403 potestate
721 1325 916 1390 solius
942 1325 1277 1406 legatarii?
1320 1326 1475 1388 Aliae
1525 1330 1671 1389 sunt
1710 1343 1808 1386 ea-

262 1418 469 1480 suales
512 1437 729 1497 purae,
783 1438 925 1499 quie
970 1420 1139 1482 nullo
1186 1418 1378 1483 modo
1416 1419 1694 1498 pendent
1727 1417 1808 1482 ab

261 1511 396 1591 ejus
426 1514 745 1590 potestate
770 1558 785 1588 ‚
828 1516 897 1574 ut
922 1512 975 1573 si
1014 1513 1190 1575 navis
1220 1532 1292 1574 ex
1336 1512 1514 1574 India
1540 1512 1802 1574 venerit.

263 1603 416 1665 Aliae
445 1604 727 1683 denique
758 1609 903 1666 sunt
931 1604 1129 1668 mistae
1157 1652 1172 1683 ,
1218 1625 1358 1685 qum
1397 1604 1626 1685 partim
1664 1623 1811 1684 pen·

264 1697 434 1773 dent,
470 1702 537 1758 et
573 1698 803 1776 partim
832 1716 959 1759 non
988 1698 1270 1777 pendent
1316 1698 1393 1758 ab
1442 1697 1576 1779 ejus
1606 1702 1811 1777 potes-

264 1794 420 1867 tate,
455 1794 527 1852 ut
564 1790 615 1851 si
660 1791 864 1868 dieat,
911 1791 1053 1870 lego
1082 1791 1195 1852 tibi
1224 1795 1475 1853 eentum
1504 1792 1557 1853 si
1584 1791 1809 1853 Titiam

263 1902 527 1945 uxorem
564 1884 839 1945 duxeris.
897 1885 1189 1948 Casuales
1213 1932 1229 1959 ,
1262 1886 1361 1946 vel
1388 1885 1588 1946 mistae
1614 1931 1630 1962 ‚
1661 1885 1810 1946 satis

265 1981 356 2039 est
400 1978 455 2038 si
492 1981 645 2057 post
684 1982 1131 2040 testamentum
1175 1984 1528 2058 ponantur,
1579 1979 1704 2040 imo
1750 1983 1813 2041 et

265 2071 431 2150 quod
462 2075 696 2147 antea,
743 2071 938 2132 inseio
978 2075 1277 2133 testatore
1316 2073 1535 2152 positas
1578 2077 1806 2134 essent.

265 2164 331 2227 Si
350 2164 523 2226 enim
540 2164 790 2227 sciebat
809 2164 1064 2244 positas,
1097 2170 1389 2228 censetur
1408 2170 1622 2246 petere
1641 2164 1811 2244 quod

265 2258 489 2318 iterum
522 2262 886 2336 ponantur;
948 2257 1118 2338 quod
1163 2258 1215 2319 si
1262 2258 1382 2326 1100
1408 2258 1489 2320 011
1526 2258 1813 2336 impossi-

266 2350 385 2410 bile
406 2397 422 2426 ,
459 2351 621 2430 quia
657 2355 835 2412 aetus
864 2355 958 2412 est
986 2350 1445 2427 irreiterabilis,
1480 2351 1814 2413 habebitur

267 2462 339 2504 ex
366 2444 690 2506 sententia
718 2444 965 2505 Molinoe
995 2462 1108 2524 pro
1138 2445 1498 2506 conditione
1527 2445 1810 2524 impossi-

267 2537 393 2599 bili.
425 2537 727 2600 Conditio
758 2537 1135 2616 potestativa
1175 2537 1326 2619 poni
1373 2539 1563 2600 debet
1603 2540 1811 2600 denuo

267 2636 405 2710 post
432 2636 716 2693 mortem
747 2630 1064 2693 testatoris
1097 2651 1112 2693 ε
1160 2631 1329 2712 quod
1373 2631 1423 2692 si
1447 2630 1580 2711 jam
1610 2633 1813 2711 poslta

268 2729 465 2800 esset,
523 2728 596 2784 et
622 2724 904 2786 reiterari
937 2743 1061 2785 non
1092 2728 1332 2803 potest,
1384 2724 1653 2787 habetur
1698 2744 1812 2805 pro

269 2817 666 2897 impossibili,
698 2820 767 2878 ut
795 2817 981 2879 (10001
1007 2819 1239 2880 Μο1100
1268 2817 1428 2898 disp.
1454 2835 1617 2880 ccvl.
1653 2821 1811 2881 Con-

268 2911 531 2972 trarium
567 2915 778 2972 tamen
809 2929 952 2971 eum
984 2910 1306 2988 Silvestre,
1339 2915 1403 2974 et
1429 2912 1567 2973 aliis
1586 2929 1814 2991 suppo-

269 3005 357 3067 nit
383 3007 681 3084 vasquez
709 3023 850 3082 000.
884 3006 1042 3066 v111.
1076 3004 1134 3083 ἓ.
1168 3021 1236 3065 11.
1274 3024 1445 3066 num.
1481 3009 1580 3067 35.
1613 3011 1676 3067 et
1701 3024 1814 3067 nos

268 3098 543 3160 diximus
585 3098 754 3159 dieta
797 3102 946 3159 sect.
994 3115 1130 3160 xm.
1181 3100 1489 3178 Legatum
1526 3100 1814 3161 relietum

269 3195 382 3255 sub
411 3192 780 3255 conditione
811 3192 995 3253 mista
1015 3238 1031 3270 ,
1080 3211 1220 3272 (1οω
1262 3193 1327 3253 in
1363 3193 1620 3254 alterius
1647 3212 1814 3255 eom-

271 3287 529 3349 modum
560 3285 799 3363 tendit,
846 3285 895 3347 si
938 3302 1053 3366 per
1088 3286 1465 3364 legatarium
1510 3305 1635 3347 non
1667 3292 1810 3363 stat,

275 3382 383 3441 sed
402 3399 515 3460 per
535 3381 717 3440 illum
739 3379 956 3456 alium,
983 3378 1325 3459 aequiritur
1343 3380 1673 3458 legatario,
1709 3380 1815 3460 qui

274 3476 421 3536 facit
447 3493 526 3535 ex
554 3476 738 3553 parte
769 3491 903 3550 sua,
938 3492 998 3533 v.
1031 3492 1093 3551 g.
1127 3473 1406 3551 legatum
1435 3473 1550 3535 tibi
1571 3519 1587 3551 ,
1623 3474 1676 3534 si
1705 3474 1816 3535 du-

275 3569 433 3629 xeris
458 3567 719 3643 Titiam,
752 3584 894 3646 quae
925 3571 988 3628 te
1017 3566 1302 3643 volente,
1335 3585 1462 3627 non
1499 3567 1653 3633 vult.
1706 3569 1818 3628 Se-

276 3679 381 3721 000
406 3661 459 3722 si
482 3658 655 3721 Titia
677 3662 1032 3720 moreretur
1056 3662 1399 3739 antequam
1428 3663 1679 3739 tempus
1710 3660 1815 3720 ad-

276 3753 517 3816 veniret
543 3771 690 3814 eam
718 3752 1021 3827 dueendi,
1066 3752 1215 3832 quia
1257 3757 1409 3814 tune
1437 3753 1715 3815 conditio
1749 3758 1819 3815 ut

278 3846 538 3908 casualis
568 3846 893 3921 deficeret,
927 3849 989 3906 01
1015 3846 1296 3924 10301010
1325 3847 1671 3925 expiraret,
1727 3847 1819 3906 le-

279 3946 457 4018 gatur
485 3939 724 4001 Melina
752 3938 859 4000 ubi
890 3956 1082 4019 supra
1102 3985 1117 4015 ,
1165 3940 1222 4019 g.
1260 3938 1503 4014 Quando
1534 3940 1811 4018 legatum.

281 4034 512 4096 Eodem
541 4032 736 4093 modo
765 4032 977 4092 valere
1007 4033 1285 4111 legatum
1309 4032 1597 4095 relietum
1628 4034 1821 4095 eoele-

284 4126 385 4187 siae
411 4126 601 4187 alicui
632 4144 671 4185 a
698 4128 999 4187 testatore
1044 4126 1160 4187 sub
1210 4126 1569 4188 conditione
1611 4127 1822 4207 sepul-

284 4225 467 4297 turae,
518 4216 776 4298 quando
824 4234 939 4296 per
967 4217 1297 4281 ecelesiam
1328 4238 1451 4281 000
1482 4225 1646 4299 0101,
1707 4220 1819 4282 sed

286 4313 427 4392 quia
452 4315 723 4374 testator
750 4328 818 4375 se
846 4310 1111 4387 oceidit,
1150 4312 1250 4372 vel
1277 4331 1428 4373 easu
1458 4315 1821 4376 combustus

286 4406 415 4480 fuit,
466 4404 623 4465 dicit
650 4403 949 4464 Silvester
975 4422 1036 4464 v.
1068 4403 1385 4485 Leqatwm
1418 4407 1658 4486 primo,
1709 4425 1814 4486 (10.

286 4515 368 4559 vl.
401 4516 591 4578 quem
621 4496 904 4576 sequitur
934 4498 1219 4578 vasquez
1259 4518 1400 4580 000.
1437 4502 1599 4562 VIII.
1653 4502 1710 4579 g.
1745 4516 1814 4562 11.

288 4610 453 4654 num.
485 4594 586 4653 35.
623 4591 711 4651 De
741 4589 1100 4651 conditione
1129 4593 1180 4653 si
1209 4593 1513 4673 nupserit,
1547 4594 1646 4655 vel
1677 4612 1823 4655 oon·-

290 4686 504 4764 traria,
558 4685 613 4745 si
655 4701 780 4744 non
809 4684 1126 4763 nupserit,
1157 4691 1221 4747 et
1249 4688 1593 4766 similibus,
1627 4687 1823 4749 videri

292 4783 490 4857 potest
514 4776 664 4840 Mol.
697 4775 860 4854 disp.
894 4792 1084 4838 ccvn.

364 4874 669 4950 Legatum
716 4868 833 4929 sub
859 4868 1048 4931 modo
1089 4870 1325 4932 factum
1378 4891 1503 4935 non
1551 4876 1645 4934 est
1684 4890 1825 4953 pro·

294 4966 420 5045 prie
446 4961 870 5026 conditionale
894 5007 911 5039 ,
961 4962 1072 5023 sed
1120 4965 1368 5026 modale
1402 4983 1417 5029 τ
1476 4971 1573 5028 001
1615 4970 1826 5028 autem

64 5064 161 5109 mm
190 5062 256 5106 no
298 5058 514 5120 modus
540 5073 919 5137 gravamen,
968 5074 1077 5116 seu
1116 5058 1524 5123 moderamen
1566 5059 1827 5138 disposi-

82 5113 193 5158 mdo.

297 5152 442 5213 tioni
461 5150 847 5230 impositum,
873 5167 998 5209 non
1018 5152 1228 5211 tamen
1251 5170 1391 5214 eam
1413 5153 1821 5232 suspendens,

301 5244 359 5304 in
386 5263 509 5324 (100
538 5243 752 5303 differt
784 5260 825 5302 a
851 5242 1211 5305 conditione
1241 5247 1499 5325 propria
1523 5266 1663 5326 (1οω
1692 5266 1829 5308 sus-

301 5338 512 5417 pendit
538 5334 1041 5415 dispositionem,
1088 5337 1288 5400 donee
1328 5340 1601 5401 conditio
1632 5358 1829 5419 pona·-

300 5438 433 5492 tur:
465 5430 690 5492 modus
709 5433 922 5489 autem
948 5447 1071 5490 non
1096 5433 1443 5509 suspendit,
1478 5432 1586 5493 sed
1609 5437 1828 5512 postea

308 5525 485 5586 debet
510 5522 681 5604 poni,
715 5526 781 5583 et
806 5521 1101 5601 explicari
1132 5525 1293 5586 solet
1328 5545 1443 5605 per
1479 5525 1592 5587 has
1633 5526 1828 5605 parti-

3325 310 3431 372 131

1903 484 2077 548 00100
2115 504 2129 549 :
2164 503 2232 546 ea
2260 483 2403 565 lege,
2438 502 2502 545 eo
2519 491 2722 565 pacto,
2754 493 2821 546 ut
2845 484 3055 566 saciat,
3090 487 3211 561 010,
3244 504 3305 546 v.
3338 503 3432 562 gr.

1902 577 2042 657 1030
2074 580 2257 641 Petro
2301 582 2554 641 0001010
2583 581 2653 641 01
2677 577 2835 639 101111
2862 578 3263 657 sepulehrum
3291 577 3442 639 aedi-

1902 673 2075 747 11001,
2111 671 2211 732 vel
2238 689 2313 732 eo
2345 675 2563 749 poete,
2626 689 2702 732 ea
2729 671 2899 749 1030,
2960 675 3028 734 01
3063 672 3192 734 0101
3228 690 3440 736 meum

1902 765 2180 826 fratrem.
2216 764 2396 827 Unde
2425 764 2616 826 etiam
2644 764 2863 840 oritur,
2899 765 3067 844 quod
3093 765 3242 828 lieet
3268 783 3437 828 mor-

1901 861 2047 920 tuus
2082 857 2423 936 legatarius
2466 861 2610 919 ante
2652 856 2976 936 impletam
3017 858 3440 920 conditionem

1904 969 2030 1012 non
2058 951 2440 1013 transmittat
2457 951 2736 1029 legatum
2757 950 3174 1014 conditionale
3193 952 3276 1014 ad
3294 971 3441 1015 suos

1903 1043 2227 1108 haeredes:
2262 1043 2539 1122 legatum
2554 1049 2768 1106 autem
2796 1043 2914 1106 sub
2936 1044 3125 1106 modo
3154 1046 3440 1109 relietum

1903 1137 2241 1202 transmitti
2272 1140 2483 1215 posset
2509 1137 2590 1198 ad
2620 1136 2940 1201 haeredem
2965 1139 3252 1220 legatarii
3286 1159 3436 1202 000-

1906 1229 2057 1294 dum
2086 1230 2288 1308 posito
2317 1230 2529 1308 modo,
2564 1231 2816 1310 quando
2847 1231 3072 1294 modus
3099 1252 3215 1314 per
3246 1233 3437 1297 haere·

1906 1324 2050 1385 dem
2083 1343 2261 1403 aeque
2291 1323 2538 1403 impleri
2569 1329 2792 1403 001001.

1986 1417 2084 1479 Ad
2121 1416 2630 1496 cognoscendum
2650 1463 2665 1494 ,
2724 1436 2807 1480 an
2851 1418 3131 1497 legatum
3185 1419 3265 1482 sit
3323 1421 3438 1484 sub

1907 1510 2288 1587 conditione,
2321 1510 2422 1571 vel
2446 1510 2650 1572 solum
2678 1529 2822 1572 eum
2849 1511 3039 1574 modo
3059 1558 3075 1589 ‚
3107 1515 3437 1576 attenden-

1907 1603 1989 1668 da
2017 1609 2164 1667 sunt
2189 1603 2385 1665 verba
2413 1603 2727 1666 testatoris
2750 1650 2768 1680 ,
2801 1608 2866 1665 et
2892 1605 3088 1668 multo
3116 1607 3318 1686 magis
3346 1607 3442 1669 in·-

1907 1696 2124 1773 teutio,
2159 1715 2301 1776 quoe
2323 1696 2619 1775 praevalet
2638 1697 2847 1760 verbis
2872 1719 2885 1759 :
2914 1698 3252 1778 aliquando
3273 1699 3440 1762 euim

1907 1786 2081 1868 dicit,
2111 1789 2270 1871 Leqo
2298 1800 2524 1852 centum
2550 1809 2617 1851 ea
2643 1790 2968 1853 conditione
3007 1801 3072 1854 ut
3098 1793 3206 1855 hoc
3231 1794 3437 1875 111ωά1,

1909 1886 2211 1947 ettamen
2241 1903 2366 1946 000
2396 1888 2491 1946 001
2519 1884 2770 1964 proprie
2799 1886 3074 1948 eon'ditio
3099 1934 3115 1964 ,
3166 1889 3277 1950 sed
3306 1907 3443 1950 mo·

1908 1977 2047 2054 dus,
2107 1976 2255 2058 quia
2295 1981 2557 2040 testator
2601 1995 2727 2038 non
2773 1977 3043 2042 intendit
3090 1981 3261 2059 quod
3307 1983 3436 2057 ilat,

1912 2076 2249 2150 antequam
2278 2070 2510 2134 habeat
2537 2071 2816 2149 legatum
2849 2117 2864 2147 ,
2902 2073 3012 2132 sed
3054 2074 3262 2153 potius
3301 2093 3442 2152 pos·-

1909 2169 2050 2236 tea;
2085 2163 2255 2242 quod
2285 2167 2531 2231 00110101
2556 2164 2897 2244 aliquando
2928 2183 3002 2227 ex
3033 2166 3122 2227 rei
3143 2167 3441 2247 qualitate

1910 2275 2051 2337 (1οω
2081 2275 2207 2318 000
2236 2260 2443 2336 001001
2470 2261 2656 2319 00100
2681 2258 2818 2319 fieri
2852 2278 2866 2320 ε
2902 2263 2969 2321 01
2995 2260 3244 2324 sidicat
3276 2282 3290 2322 ε
3331 2264 3442 2323 Le»

1910 2369 1991 2431 30
2021 2350 2138 2413 tibi
2165 2351 2334 2412 mille
2364 2367 2440 2412 00
2468 2350 2824 2413 conditione
2850 2398 2865 2429 ,
2915 2352 2967 2414 si
3016 2372 3092 2413 ex
3120 2354 3207 2415 eis
3231 2355 3441 2434 sepul·-

1909 2443 2131 2506 ehrum
2161 2443 2317 2505 mihi
2343 2444 2571 2516 faeias;
2621 2444 2761 2522 lego
2805 2445 3064 2506 domum
3112 2466 3189 2508 ea
3228 2448 3447 2509 condi·-

1909 2537 2102 2614 tione,
2155 2541 2377 2598 utnon
2408 2537 2679 2614 alienes,
2732 2542 2852 2599 eto.
2904 2543 2968 2599 et
3012 2539 3182 2600 idem
3225 2545 3323 2602 est
3364 2541 3445 2601 de

1911 2623 2217 2709 particula
2237 2676 2252 2706 ‚
2286 2628 2591 2691 dummodo
2628 2647 2769 2709 quse
2801 2631 2994 2692 etiam
3022 2633 3445 2695 conditionem

1910 2723 2162 2786 videtur
2210 2723 2599 2802 significare;
2658 2723 2771 2784 sed
2819 2725 3154 2805 aliquando
3201 2732 3447 2790 0000101

1913 2835 2036 2878 000
2066 2835 2201 2878 esse
2229 2816 2675 2894 conditionem,
2711 2817 2822 2878 sed
2849 2818 3140 2896 modum,
3190 2822 3444 2900 quando

1912 2929 2060 2972 vero
2130 2909 2394 2974 intentio
2438 2909 2554 2974 fuit
2592 2911 3024 2990 suspendendi
3087 2913 3448 2993 dispositio·-

1914 3022 2080 3080 nem,
2115 3003 2235 3064 erit
2264 3002 2571 3080 conditio,
2625 3008 2687 3065 et
2715 3003 2777 3063 in
2808 3004 2999 3066 dubio
3031 3007 3223 3067 verba
3253 3008 3357 3068 illa
3381 3027 3449 3068 ea

1912 3096 2256 3174 conditione,
2287 3095 2616 3173 dummodo,
2646 3097 3048 3177 praesumitur
3067 3101 3237 3180 quod
3259 3101 3449 3180 signi-

1914 3196 2104 3254 iieent
2152 3190 2577 3254 conditionem
2623 3197 2686 3253 et
2722 3194 3130 3272 suspendant.
3193 3195 3370 3259 Siout
3413 3216 3449 3257 e

1915 3291 2131 3348 eontra
2187 3286 2380 3347 verba
2428 3286 2588 3363 alia,
2649 3304 2789 3365 qua}
2846 3287 3139 3350 videntur
3190 3289 3468 3363 modum,

1913 3379 2290 3459 significare,
2325 3377 2658 3458 aliquando
2691 3379 3034 3459 important
3062 3401 3275 3447 veram
3306 3402 3451 3446 eon·

1915 3474 2219 3535 ditionem
2273 3476 2337 3534 et
2388 3472 2781 3552 suspendunt
2833 3472 3345 3554 dispositionem,
3400 3477 3452 3538 si

1915 3571 2161 3629 eonstat
2208 3567 2285 3626 de
2331 3566 2441 3627 tali
2482 3564 2846 3627 intentione.
2907 3570 3194 3633 Advertit
3241 3576 3450 3632 tamen

1916 3662 2077 3722 hene
2106 3660 2340 3721 Melina
2381 3659 2543 3738 disp.
2583 3675 2794 3721 ccvnr.
2848 3661 2969 3722 eol.
3005 3666 3063 3722 Ξ.
3111 3662 3451 3742 aliquando

1916 3760 2281 3816 testatorem
2310 3771 2435 3815 non
2466 3758 2595 3814 tam
2624 3752 2949 3814 intendere
2979 3757 3453 3836 suspensionem

1916 3846 2379 3927 dispositionis,
2432 3864 2620 3926 quam
2650 3847 2974 3909 tradendae
3004 3851 3449 3927 possessionis;

1917 3940 2087 4021 quod
2116 3940 2457 4019 aliquando
2507 3939 2851 4018 contingit,
2903 3941 3154 4019 quando
3194 3947 3457 4009 testator

1919 4033 2233 4114 exprimit,
2258 4037 2472 4094 utnon
2492 4031 2778 4093 tradatur
2797 4034 3104 4112 possessio
3125 4036 3452 4116 legatariO,

1920 4128 2122 4189 donee
2174 4125 2300 4188 tale
2342 4126 2440 4187 vel
2488 4126 2611 4187 tale
2658 4144 3003 4206 gravamen
3053 4128 3452 4208 impleverit;

1920 4239 2042 4302 quo
2101 4238 2252 4281 casu
2309 4219 2363 4285 si
2407 4223 2553 4280 ante
2602 4219 3033 4285 executionem
3074 4226 3457 4300 gravaminis

1919 4314 2226 4376 moriatur
2243 4313 2606 4392 legatariuS,
2631 4313 3014 4375 transmittet
3039 4315 3190 4375 illud
3211 4318 3291 4377 ad
3312 4338 3458 4381 0000

1919 4407 2210 4469 haeredes
2235 4453 2251 4482 ,
2300 4406 2405 4485 qui
2432 4407 2622 4467 modo
2654 4405 2912 4484 impleto
2936 4454 2952 4483 ,
2999 4411 3456 4487 possessionem

1919 4500 2268 4580 aecipient;
2320 4500 2470 4580 quia
2497 4500 2776 4578 legatum
2804 4519 3027 4561 revera
3064 4500 3181 4564 fuit
3207 4504 3459 4566 absolu·

1922 4601 2093 4671 tum,
2127 4598 2191 4654 et
2220 4612 2344 4654 non
2372 4592 2487 4654 sub
2517 4592 2906 4671 conditione,
2953 4595 3067 4655 sed
3104 4597 3221 4657 sub
3268 4598 3457 4661 modo

1922 4680 2241 4766 implendo
2268 4692 2412 4747 ante
2440 4685 2737 4766 adeptam
2761 4687 3242 4765 possessionem.

2001 4783 2240 4859 Legata
2265 4780 2382 4841 sub
2410 4780 2598 4840 modo
2630 4784 2967 4860 antequam
2996 4783 3344 4865 tradantur,
3377 4785 3460 4849 le·-

3586 1421 3702 1481 246

3534 1549 3744 1604 Quomodo

3507 1606 3772 1658 dignoscatur

3543 1673 3567 1702 a
3595 1661 3732 1711 legato

3509 1711 3785 1758 conditionali.

3609 4802 3724 4867 947

1923 4874 2204 4954 gaterius
2232 4878 2480 4936 tenetur
2507 4892 2732 4935 cavere
2781 4873 2858 4933 de
2901 4875 3087 4936 modo
3115 4876 3456 4957 110010οᾶ0,
3513 4934 3658 4978 cautio
3675 4931 3811 4977 danda

1924 4972 1986 5029 et
2013 4968 2091 5027 de
2122 4967 2727 5045 restituendolegato
2744 4985 2886 5027 eum
2906 4968 3230 5047 fructibus,
3256 4971 3305 5031 si
3337 4991 3463 5034 non
3514 4987 3811 5031 odtmdoodum

1924 5057 2204 5140 impleat,
2241 5059 2409 5139 quod
2439 5060 2490 5120 si
2508 5064 2653 5121 ante
2676 5060 3029 5121 cautionem
3050 5061 3262 5125 datam
3291 5066 3466 5145 lega·-

1924 5154 2121 5217 tarius
2152 5154 2453 5215 moriatur
2477 5200 2492 5230 ‚
2553 5152 2762 5215 adhue
2792 5156 3162 5219 transmittit
3186 5158 3465 5237 legatum

1928 5248 2009 5308 ad
2038 5246 2322 5308 haeredes
2346 5293 2361 5323 ‚
2414 5246 2641 5326 quibus
2669 5247 2958 5308 cautione
2988 5250 3263 5314 exhibita
3292 5253 3474 5315 dabi-

1926 5345 2049 5403 tur.
2100 5344 2237 5402 Non
2280 5344 2374 5401 est
2418 5346 2626 5401 tamen
2675 5341 2881 5402 eautio
2927 5341 3062 5403 haeo
3093 5352 3467 5427 necessaria,

1928 5435 2181 5514 quando
2211 5435 2437 5496 modus
2466 5433 2668 5494 solum
2699 5438 2836 5495 erat
2861 5435 2923 5494 in
2947 5436 3277 5501 utilitatem
3307 5442 3475 5523 1030-

1927 5528 2112 5607 tarii,
2173 5529 2262 5590 ita
2302 5532 2375 5590 ut
2419 5545 2542 5588 non
2575 5528 2890 5591 induxerit
2917 5529 3364 5611 obligationem
3393 5537 3473 5599 ad

3515 5043 3697 5099 legatum
3735 5041 3812 5085 sub

3597 5095 3735 5139 modo.
