4263 6376
1079 316 1548 380 DISPUTATIO
1594 316 1837 392 XXXV,
1883 316 2158 379 SECTIO
2201 319 2306 380 VI.

135 498 275 579 gelio
303 514 425 556 non
464 497 711 574 poterat
748 493 1145 573 reprehendi,
1180 493 1347 573 quod
1382 493 1645 554 novissi-

135 591 235 651 mis
261 589 533 649 dedisset
562 587 891 648 denarium
920 587 1081 649 sicut
1108 593 1171 649 et
1196 588 1413 666 primis
1447 608 1459 648 ε
1496 588 1645 666 quia

135 687 355 766 poterat
395 681 472 742 de
518 681 645 741 suis
675 680 950 741 denariis
996 681 1147 740 dare
1190 680 1417 760 quibus
1457 681 1646 742 vellet

135 783 186 839 ct
212 779 506 856 quantum
536 774 741 834 vellet.
778 774 1135 853 Aliquando
1166 792 1315 834 vero
1347 773 1646 834 distribu-

136 875 219 931 tor
260 867 627 947 supponitur
668 867 902 927 habere
946 867 1392 946 obligationem
1438 866 1646 927 distri·

136 962 347 1024 buendi
393 981 407 1021 :
462 978 602 1039 quae
652 959 951 1038 obligatio
999 978 1213 1019 rursus
1255 963 1462 1038 potest
1511 978 1646 1019 esse

136 1056 355 1134 triplex.
389 1054 621 1129 Prima,
652 1052 704 1113 si
733 1053 823 1114 ita
852 1052 959 1113 illa
989 1052 1157 1113 bona
1187 1053 1310 1113 sint
1338 1052 1649 1112 destinata

138 1151 205 1210 ad
233 1147 622 1208 subditorum
649 1145 1005 1222 utilitatem,
1034 1149 1103 1207 ut
1123 1145 1354 1224 singuli
1374 1145 1650 1205 habeant

135 1243 222 1323 jus
249 1241 321 1301 ad
352 1239 782 1319 accipiendam
814 1242 1057 1318 partem
1089 1243 1337 1299 servata
1384 1255 1650 1316 propor-

141 1337 287 1397 tione
312 1333 696 1413 geometrica
723 1332 884 1392 iuter
912 1331 1053 1391 illos
1090 1351 1102 1391 :
1136 1336 1199 1392 et
1227 1335 1398 1404 tunc,
1432 1329 1485 1390 si
1515 1330 1650 1390 haec

140 1426 432 1506 proportio
484 1443 611 1485 non
653 1428 959 1500 servetur,
1013 1423 1385 1484 distributor
1429 1425 1650 1502 peccat

141 1526 334 1581 contra
354 1519 665 1598 justitiam
695 1518 1213 1578 commutativam
1253 1534 1403 1596 erga
1432 1516 1650 1576 subdi-

141 1619 223 1673 tos
247 1630 376 1672 cum
401 1610 784 1689 obligatione
808 1610 1175 1671 restituendi
1193 1609 1332 1670 illis.
1362 1607 1651 1670 Secunda

145 1725 259 1766 esse
285 1708 485 1784 potest
532 1703 857 1783 obligatiO,
906 1703 958 1764 si
986 1704 1152 1764 bona
1181 1702 1269 1763 ita
1296 1701 1421 1762 sint
1462 1700 1648 1761 desti-

146 1805 271 1859 nata
298 1798 357 1857 in
384 1796 723 1858 utilitatem
751 1796 1169 1874 subditorum,
1190 1799 1258 1856 ut
1284 1799 1495 1856 tamen
1523 1795 1642 1882 lex,

144 1912 195 1952 v.
224 1911 281 1970 g.
312 1890 551 1951 nullum
581 1889 852 1950 voluerit
890 1888 1009 1950 illis
1038 1888 1189 1948 dare
1212 1888 1338 1967 juS,
1371 1887 1480 1948 sed
1510 1891 1649 1948 tan-

146 1990 259 2045 tum
286 1984 563 2062 obligare
593 1982 1066 2044 distributorem
1106 2000 1181 2041 ex
1202 1981 1449 2061 justitia
1477 1998 1650 2041 com-

146 2077 419 2138 mutativa
449 2094 601 2154 erga
635 2076 834 2155 ipsam
865 2075 1316 2154 rempublicam
1345 2074 1424 2135 ad
1448 2073 1652 2134 distri-

148 2169 438 2230 buendum
487 2187 632 2229 cum
664 2169 773 2229 tali
803 2168 1205 2247 proportione
1239 2166 1496 2247 justitiae
1524 2165 1652 2225 dis-

149 2262 469 2335 tributivae;
519 2261 607 2322 ita
652 2265 866 2321 tamen
896 2264 963 2321 ut
991 2279 1066 2320 ea
1095 2278 1221 2321 non
1263 2263 1511 2320 servata
1541 2258 1652 2318 ad-

150 2356 253 2416 huc
281 2353 633 2416 distributio
680 2354 887 2414 valide
933 2355 1044 2415 fiat
1074 2374 1089 2414 :
1121 2359 1184 2414 et
1224 2358 1373 2414 tunc
1404 2370 1478 2412 ea
1506 2369 1656 2430 pro·

150 2448 405 2529 portione
487 2465 618 2508 non
675 2452 943 2524 servata,
1015 2446 1383 2506 distributor
1436 2448 1656 2524 peccat

151 2546 337 2602 contra
360 2540 676 2621 justitiam
708 2539 1199 2614 distributivam,
1234 2537 1314 2597 ad
1344 2538 1521 2616 cujus
1551 2556 1650 2596 re-

150 2634 334 2712 gulam
365 2632 457 2692 lex
489 2633 697 2712 ipsum
729 2632 1074 2712 obligabat,
1128 2635 1191 2691 et
1216 2635 1437 2710 peccat
1465 2630 1654 2691 etiam

155 2729 344 2785 contra
365 2725 678 2805 justitiam
701 2725 1214 2786 commutativam
1245 2728 1463 2784 eontra
1492 2741 1658 2782 rem·
1700 2771 1703 2774 ,

152 2819 460 2896 publicam,
498 2837 641 2898 quae
664 2817 768 2897 jus
797 2818 1073 2878 habebat
1100 2820 1169 2878 ut
1187 2817 1353 2876 bona
1381 2833 1508 2876 non
1536 2815 1655 2875 nisi

148 2911 303 2990 juxta
331 2930 507 2972 suam
532 2911 920 2972 voluntatem
943 2909 1488 2983 distribuerentur,
1512 2908 1659 2969 licet

155 3004 392 3064 noluerit
417 3003 897 3065 translationem
942 3001 1199 3063 dominii
1242 3000 1571 3080 impedire,
1606 3000 1657 3060 si

155 3096 476 3158 distributio
536 3095 719 3156 aliter
772 3095 970 3156 fieret.
1046 3094 1170 3156 Sed
1231 3113 1355 3155 non
1412 3097 1661 3154 tenetur

157 3190 472 3270 quidquam
526 3188 854 3251 restituere
881 3187 1147 3249 subditis
1189 3187 1295 3266 qui
1325 3187 1531 3247 minus
1562 3205 1662 3247 ac-

158 3289 450 3362 ceperunt,
500 3301 645 3343 cum
684 3281 798 3360 ipsi
839 3282 1077 3342 nullum
1103 3280 1207 3360 jus
1239 3280 1565 3357 haberent,
1601 3284 1663 3342 et

158 3377 342 3435 omnia
369 3376 559 3452 bona,
592 3380 662 3435 ut
688 3392 996 3453 suppono,
1022 3374 1354 3436 distributa
1385 3374 1525 3449 sint,
1551 3373 1661 3433 sed

158 3468 254 3528 soli
287 3468 643 3547 reipublicae
682 3467 871 3528 debet
905 3467 1255 3544 restituere,
1299 3466 1511 3545 quanti
1554 3485 1663 3526 aes-

159 3561 340 3622 timari
382 3564 590 3640 potest
630 3560 955 3636 damnum,
1008 3559 1177 3639 quod
1220 3577 1404 3638 passa
1449 3563 1544 3620 est
1590 3575 1664 3619 ex

160 3672 222 3713 eo
250 3654 406 3733 quod
436 3652 793 3714 distributio
824 3652 987 3712 male
1017 3652 1182 3713 facta
1213 3652 1420 3713 tuerit.
1454 3652 1667 3713 Tertia

160 3746 403 3826 denique
433 3746 733 3825 obligatio
767 3764 900 3807 esse
933 3750 1155 3825 potest,
1181 3745 1234 3806 si
1260 3745 1359 3805 lex
1387 3745 1670 3824 imponat

162 3839 420 3901 ministro
452 3859 612 3901 onus
642 3838 1056 3899 distribuendi
1081 3838 1389 3899 servando
1411 3857 1669 3919 propor-

161 3932 370 3993 tionem
399 3932 662 4013 justitiae
710 3932 1129 3993 distributivae
1163 3951 1177 3991 :
1213 3933 1295 3993 ita
1341 3934 1551 3992 tamen
1600 3935 1670 3992 ut

164 4029 213 4085 et
260 4025 607 4086 distributio
651 4024 834 4085 aliter
873 4023 1041 4085 facta
1085 4024 1299 4084 valida
1346 4024 1457 4095 sit;
1513 4027 1576 4084 et
1602 4027 1671 4084 ut

166 4116 507 4178 distributor
534 4135 660 4178 non
690 4117 925 4178 habeat
958 4116 1408 4195 obligationem
1439 4133 1511 4177 ex
1538 4116 1671 4195 jus-

164 4210 280 4271 titia
302 4211 753 4272 commutativa
782 4228 932 4289 erga
958 4210 1412 4290 rempublicam
1437 4209 1517 4269 ad
1548 4228 1671 4270 ser-

167 4303 414 4363 vandam
462 4303 633 4363 illam
679 4303 1173 4381 proportionem,
1207 4303 1316 4364 sed
1356 4303 1560 4364 solum
1597 4322 1673 4363 ex

170 4395 501 4458 obedientia
546 4397 788 4457 ratione
834 4395 990 4474 legis
1037 4416 1051 4457 :
1100 4400 1162 4456 et
1204 4396 1266 4456 in
1324 4397 1444 4458 hoc
1500 4415 1670 4472 casu,

171 4507 279 4549 non
325 4494 571 4551 servata
626 4490 730 4549 illa
780 4490 1213 4569 proportione,
1294 4489 1678 4552 distributor

172 4600 409 4660 peccare
438 4582 670 4663 poterit
693 4582 973 4661 graviter
1000 4587 1219 4643 eontra
1239 4582 1548 4662 justitiam
1578 4595 1681 4642 so-

172 4673 284 4734 lam
328 4675 807 4752 distributivam,
868 4680 931 4737 et
987 4676 1154 4735 nullo
1210 4676 1400 4737 modo
1461 4681 1681 4737 contra

177 4769 690 4846 commutativam,
724 4774 911 4848 atque
940 4769 1081 4830 ideo
1114 4769 1284 4830 nulla
1301 4770 1417 4830 erit
1445 4766 1683 4848 obliga-

178 4860 255 4920 tio
281 4862 640 4924 restituendi
671 4862 937 4923 subditis
968 4863 1067 4923 vel
1094 4861 1476 4941 reipublicae.

250 4956 432 5016 Porro
482 4956 544 5015 in
587 4955 886 5033 praedicto
929 4973 1078 5015 casu
1116 4954 1362 5033 peccari
1404 4954 1688 5032 graviter

184 5052 381 5107 contra
449 5047 763 5127 justitiam
820 5048 1302 5123 distributivam,
1360 5047 1684 5127 probatur,

135 5212 144 5222 ·
187 5139 315 5216 quia
343 5141 484 5202 licet
511 5141 647 5201 baec
675 5141 873 5202 virtus
914 5159 1040 5202 non
1083 5140 1319 5219 obliget
1356 5140 1433 5200 ad
1464 5159 1691 5218 procu-

189 5232 427 5292 randam
458 5233 625 5293 illam
656 5233 1148 5311 proportionem,
1184 5233 1435 5312 quando
1469 5233 1692 5311 aliquis

135 5370 142 5379 .
182 5320 357 5383 libere
385 5326 702 5387 distribuit
735 5346 747 5386 :
784 5327 878 5386 lex
911 5332 1121 5387 tamen
1154 5331 1360 5405 potest
1386 5326 1687 5404 obligare.

135 5423 146 5433 '
187 5415 257 5473 ad
294 5418 746 5495 procurandam
775 5418 945 5478 illam
992 5420 1488 5499 proportionem,
1527 5436 1689 5498 quae,

189 5506 431 5573 honesta
460 5515 555 5573 est
583 5516 645 5575 et
674 5512 933 5574 honeste
954 5512 1335 5598 appetibilia,
1371 5518 1435 5574 et
1464 5530 1534 5573 eo
1558 5512 1693 5595 ipso

3159 323 3274 381 597

1744 494 1912 573 quod
1961 494 2197 573 obliget
2237 496 2356 571 lex,
2391 495 2567 573 ponit
2613 499 2823 557 actum
2869 495 2931 554 in
2963 495 3169 574 specie
3209 496 3275 555 il-
3357 491 3364 496 ’

1741 586 1860 646 lius
1892 587 2164 663 virtutiS,
2211 590 2274 647 et
2309 586 2458 647 facit
2501 587 2667 666 quod
2717 587 2972 647 violatio
3014 587 3170 666 legis
3199 587 3279 648 sit

1741 698 1868 739 non
1925 680 2127 740 solum
2183 684 2402 740 contra
2431 679 2875 757 obedientiam,
2928 680 3038 741 sed
3087 681 3277 741 etiam

1743 776 1964 833 contra
1985 773 2297 852 justitiam
2327 772 2810 849 distributivam,
2845 772 3023 852 cujus
3052 773 3277 834 hones-

1743 868 1839 925 tas
1862 865 1996 945 jam
2044 864 2396 926 necessaria
2427 868 2561 925 erat
2596 865 2837 925 ratione
2877 866 3036 944 legis
3104 866 3279 927 Sicut

1744 957 1841 1017 lex
1884 957 2107 1037 jejunii
2155 958 2302 1020 facit
2343 957 2512 1037 quod
2553 957 2687 1037 ejus
2715 958 2968 1019 violatio
2999 960 3097 1035 sit,
3151 977 3277 1019 non

1745 1049 1945 1111 solum
1975 1057 2195 1113 eontra
2224 1050 2670 1126 obedientiam,
2694 1050 2804 1110 sed
2836 1051 3022 1111 etiam
3058 1055 3277 1113 contra

1744 1145 2252 1222 temperantiam,
2288 1144 2433 1223 quia
2465 1144 2563 1203 lex
2605 1143 2972 1204 intendebat
3003 1144 3276 1205 formali·

1747 1243 1846 1299 ter
1873 1238 2073 1316 ipsam
2103 1237 2501 1298 honestatem
2532 1237 2964 1314 temperantiae
2995 1255 3278 1317 praecep-

1746 1335 1898 1393 tam.
1947 1330 2049 1391 Sic
2087 1348 2237 1409 ergo
2287 1330 2347 1388 in
2389 1348 2537 1390 casu
2577 1335 2811 1406 nostre,
2859 1329 3004 1390 licet
3036 1331 3279 1408 justitia
3343 1373 3352 1384 .

1748 1422 2151 1484 distributiva
2177 1423 2526 1483 secundum
2548 1440 2613 1482 se
2635 1422 3055 1501 praescindere
3084 1424 3280 1501 possit

1749 1518 1827 1577 ab
1867 1516 2271 1594 obligatione,
2331 1522 2401 1576 ut
2427 1515 2696 1576 diximus
2731 1515 2895 1594 disp.
2946 1531 2990 1577 1.
3027 1521 3177 1578 sect.
3212 1519 3271 1578 3.

1745 1611 1813 1669 in
1840 1611 1949 1673 tin.
1984 1613 2046 1669 et
2082 1608 2222 1669 ideo
2256 1608 2453 1688 possit
2482 1626 2618 1669 esse
2654 1608 2719 1668 in
2762 1611 2913 1685 Dee,
2967 1612 3276 1688 quatenus

1747 1706 1951 1781 potest
2014 1701 2339 1762 intendere
2399 1700 2792 1761 honestatem
2848 1702 3276 1780 proportionis

1747 1795 2146 1874 geometricae
2177 1794 2241 1853 in
2273 1793 2733 1870 distributione,
2756 1811 2894 1872 quae
2914 1812 2988 1854 ex
3002 1813 3068 1853 56
3096 1813 3277 1854 ama-

1745 1889 1856 1950 bili
1877 1887 2137 1948 honeste
2163 1891 2258 1947 est
2277 1887 2467 1947 etiam
2494 1885 2747 1965 quando
2771 1904 2895 1947 non
2916 1889 3012 1947 est
3029 1886 3275 1959 debita;

1747 1982 1911 2043 sicut
1954 1979 2372 2059 temperantia
2425 1997 2552 2040 non
2603 1997 2852 2058 semper
2906 1980 3144 2058 obligat
3199 1979 3280 2039 ad

1748 2092 1965 2136 omnes
1992 2077 2169 2134 actus
2199 2073 2650 2152 temperantiae,
2684 2072 2799 2132 nisi
2833 2073 3093 2133 accedat
3119 2091 3282 2151 prae-

1748 2170 2001 2245 ceptum
2047 2186 2059 2226 ε
2113 2165 2224 2225 sed
2269 2169 2502 2241 tamen,
2552 2164 2890 2226 accedente
2935 2166 3096 2243 lege,
3156 2184 3283 2244 qua

1748 2261 1851 2320 ille
1883 2263 2057 2320 actus
2087 2259 2388 2320 honestus
2414 2257 2667 2338 justitiae
2685 2258 3095 2319 distributivae
3126 2276 3283 2336 prae-

1751 2353 2000 2431 cipitur,
2027 2351 2162 2431 jam
2193 2352 2459 2412 materia
2500 2352 2604 2411 illa
2634 2352 2705 2412 fit
2742 2350 3094 2411 necessaria
3122 2351 3286 2411 intra

1750 2445 2051 2508 terminos
2095 2444 2345 2504 virtutis
2373 2443 2570 2516 illius;
2606 2447 2670 2504 et
2715 2444 2851 2522 ejus
2882 2443 3131 2504 omissio
3163 2443 3288 2505 erit

1752 2556 1874 2599 non
1921 2538 2123 2597 solum
2172 2542 2390 2597 contra
2437 2536 2882 2612 obedientiam,
2935 2537 3043 2596 sed
3094 2537 3285 2596 etiam

1753 2636 1971 2694 contra
2016 2630 2318 2710 justitiam
2367 2628 2851 2705 distributivam,
2899 2647 3038 2708 quae
3088 2630 3151 2688 in
3181 2629 3283 2690 illo

1754 2744 1901 2785 casu
1961 2723 2303 2801 obligabat,
2354 2725 2418 2783 et
2473 2721 2728 2801 quidem
2784 2722 3081 2800 graviter,
3141 2740 3286 2781 cum

1752 2816 2014 2878 materia
2065 2818 2381 2894 praccepta
2425 2814 2504 2874 sit
2553 2833 2626 2873 ex
2664 2832 2730 2874 se
2761 2815 2911 2875 satis
2953 2814 3187 2893 gravis,
3224 2819 3289 2875 et

1756 2910 1980 2972 cadere
2010 2908 2208 2986 possit
2235 2908 2350 2968 sub
2380 2911 2693 2987 praecepto
2742 2908 2943 2986 gravi.
2978 2909 3289 2968 Caeterum

1757 3004 1819 3064 in
1872 3001 2173 3082 praedicto
2222 3020 2372 3061 casu
2420 3019 2543 3061 non
2583 3001 2834 3080 peccari
2863 3005 3082 3061 contra
3103 2999 3289 3079 justi-

1758 3097 1910 3159 tiam
1932 3094 2473 3170 commutativam,
2508 3097 2571 3155 et
2599 3112 2712 3171 per
2739 3111 3130 3173 consequens
3161 3111 3286 3153 non

1761 3209 1893 3251 esse
1970 3187 2416 3267 obligationem
2473 3185 2861 3262 restituendi,
2922 3186 3226 3265 probatur
3272 3207 3286 3247 z

1761 3284 1906 3363 quia
1934 3281 2365 3360 supponimuS,
2401 3281 2539 3359 lege
2570 3280 2809 3340 nullum
2831 3278 2937 3360 jus
2966 3281 3293 3360 proprium

1760 3378 1977 3459 datum
2008 3393 2143 3435 esse
2173 3374 2436 3435 subditis
2471 3373 2548 3432 ad
2582 3373 2686 3433 illa
2713 3373 2879 3433 hona
2909 3374 3117 3434 taliter
3145 3391 3287 3452 par·-

1758 3467 2080 3548 ticipanda
2128 3485 2141 3524 τ
2194 3466 2396 3546 potuit
2442 3466 2608 3525 enim
2651 3466 2971 3544 legislator
3016 3465 3295 3545 obligare

1762 3564 1966 3623 solum
1997 3580 2071 3621 ex
2101 3559 2461 3620 obedientia
2492 3560 2570 3618 ad
2599 3560 2789 3620 talem
2820 3560 3295 3638 proportionem

1764 3656 1827 3716 in
1876 3653 2314 3714 distributione
2356 3651 2754 3728 servandam,
2814 3656 2878 3713 et
2929 3652 3093 3712 nolle
3145 3652 3297 3713 dare

1765 3748 2031 3809 subditis
2073 3746 2175 3826 jus
2223 3745 2478 3824 aliquod
2523 3745 2603 3805 ad
2645 3745 2839 3821 illam,
2874 3749 2936 3806 et
2966 3745 3107 3821 hoc,
3153 3746 3301 3806 licet

1765 3840 2119 3901 intenderet
2142 3839 2377 3899 bonum
2409 3856 2534 3897 non
2561 3838 2765 3899 solum
2808 3838 3295 3915 communitatiS,

1768 3933 1878 3995 sed
1909 3933 2098 3993 etiam
2129 3932 2406 4011 ipsorum
2437 3931 2853 4006 subditorum,
2880 3931 3107 4009 quibus
3128 3931 3299 3991 bona

1768 4024 2201 4088 distribuenda
2259 4027 2426 4085 sunt.
2480 4023 2581 4085 Sic
2623 4024 2790 4083 enim
2833 4028 3096 4085 testator
3141 4022 3298 4083 ohli-

1767 4137 1925 4199 gans
1983 4116 2303 4177 haeredem
2360 4116 2439 4175 ad
2497 4116 2772 4176 dandam
2831 4116 3297 4194 eleemosynam

1768 4228 2045 4272 annuam
2093 4210 2391 4271 fratribus
2445 4209 2817 4285 minoribuS,
2865 4208 2966 4270 vel
3009 4209 3304 4270 domibus

1726 4332 1731 4335 =
1770 4303 2065 4384 professis
2103 4307 2332 4363 nostrae
2376 4302 2711 4377 societatiS‚
2766 4301 3005 4362 nullum
3051 4302 3149 4382 jus
3198 4302 3308 4363 dat

1771 4397 2090 4479 praedictis
2118 4395 2409 4472 fatribuS,
2446 4400 2555 4457 aut
2581 4395 2896 4473 domibuS,
2932 4395 3109 4475 cujus
3143 4394 3307 4474 juris

1777 4508 2039 4570 capaces
2088 4506 2209 4548 non
2270 4493 2436 4565 sunt,
2470 4489 2616 4549 licet
2653 4490 2715 4549 in
2746 4490 3025 4568 ipsorum
3075 4488 3311 4549 utilita-

1778 4588 1905 4646 tem
1937 4581 2383 4659 obligationem
2425 4581 2595 4642 illam
2627 4582 2929 4660 imponat,
2965 4580 3077 4641 sed
3107 4581 3311 4641 solum

1781 4676 2018 4754 obligat
2043 4674 2362 4734 haeredem
2407 4674 2489 4734 ad
2519 4675 2689 4734 illam
2721 4676 3191 4752 eleemosynam
3220 4673 3314 4732 fa-

1781 4768 2090 4829 ciendam.
2146 4767 2427 4846 Denique
2478 4768 2539 4827 in
2589 4786 2737 4828 casu
2768 4767 2970 4846 posito
3004 4785 3125 4827 non
3176 4784 3316 4845 pec·

1782 4880 1925 4923 care
1982 4859 2450 4920 distributorem
2522 4864 2738 4922 contra
2784 4860 3092 4941 justitiam
3149 4877 3315 4919 com-

1788 4952 2161 5013 mutativam
2218 4972 2370 5031 erga
2426 4953 2921 5031 rempublicam,
2980 4951 3159 5031 cujus
3212 4951 3319 5011 illa

1788 5048 1953 5108 bona
2023 5049 2223 5123 erant,
2298 5047 2620 5124 probatur,
2695 5047 2841 5125 quia
2910 5045 3319 5124 supponimus

1791 5139 2246 5217 rempublicam
2275 5139 2437 5200 nolle
2468 5140 2642 5199 illum
2673 5139 2952 5217 obligare
2979 5158 3052 5198 cx
3076 5137 3319 5216 justitia

1790 5231 2241 5292 commutativa
2281 5231 2363 5292 ad
2406 5233 2590 5293 talem
2641 5233 2926 5292 ordinem
2957 5236 3019 5293 et
3062 5249 3320 5310 propor-

1794 5326 2026 5387 tionem
2073 5324 2473 5399 servandam,
2518 5325 2625 5385 sed
2657 5325 2807 5386 dare
2838 5325 2923 5384 illi
2946 5324 3050 5404 jus
3086 5325 3165 5383 ad
3197 5322 3324 5383 dis-

1792 5418 2196 5480 tribuendum
2237 5417 2443 5478 valide
2473 5422 2535 5479 et
2574 5418 2708 5478 sine
2760 5418 3011 5497 injuria,
3062 5433 3324 5495 quomo·

1796 5511 2149 5592 ducumque
2180 5510 2538 5588 distribuat,
2584 5511 2914 5594 solumque
2961 5509 3120 5572 velle
3149 5508 3325 5571 illum
