4263 6376
634 3696 750 3753 324

563 3819 815 3862 Executores

568 3872 800 3915 testamenti

560 3927 627 3982 qui
653 3926 811 3980 possint

628 3992 738 4022 esso.

870 237 989 297 158

870 414 1056 474 docet
1110 430 1252 474 cum
1301 413 1615 474 communi
1664 416 1731 474 P.
1776 412 2009 474 Melina
2063 412 2224 490 disp.
2258 415 2395 473 287.

870 511 1014 586 post
1040 505 1338 581 medium,
1390 511 1453 567 et
1481 506 1761 568 Sanchez
1793 507 1939 566 dict.
1977 525 2081 565 nu.
2117 510 2176 567 8.
2233 505 2402 584 quod

871 606 1082 660 tamen
1112 618 1234 659 non
1265 600 1567 677 procedit,
1620 600 1872 679 quando
1918 603 2235 660 constaret
2264 617 2404 658 eam

871 693 1213 753 clausulam
1244 693 1431 752 etiam
1460 694 1521 752 in
1553 693 1675 753 fine
1707 693 2099 754 instrumenti
2123 692 2403 752 additam

870 785 1058 845 fuisse
1087 804 1159 845 ex
1183 790 1390 846 mente
1412 785 1735 857 donantis;
1770 804 1971 865 neque
1993 787 2183 847 etiam
2205 804 2404 865 quan-

871 879 951 938 do
974 878 1332 957 juramento
1363 879 1690 957 promissio
1721 899 1844 940 non
1884 880 2223 940 revocandi
2254 896 2404 939 con-

868 972 1225 1031 firmaretur
1256 993 1267 1032 :
1304 991 1425 1031 000
1457 973 1623 1032 enim
1656 973 1813 1033 solet
1843 973 2119 1035 notarius
2152 971 2401 1050 proprio

870 1069 1069 1125 marte
1092 1064 1521 1142 juramentum
1551 1065 1805 1138 addere,
1859 1084 1973 1125 nec
2004 1064 2405 1142 praesumitur

870 1159 1111 1218 donans
1163 1157 1242 1216 ad
1299 1158 1426 1217 vim
1475 1159 1817 1236 juramenti
1864 1177 1986 1218 non
2036 1157 2398 1231 attendisse,

871 1268 1063 1328 quare
1085 1251 1515 1329 juramentum
1546 1255 1693 1310 tunc
1741 1250 2000 1311 adderet
2028 1249 2403 1310 irrevocabi-

867 1344 1129 1417 litatem,
1191 1348 1252 1403 et
1280 1342 1647 1404 transferret
1692 1343 1750 1402 in
1796 1343 2199 1404 donationem
2244 1343 2405 1402 inter

867 1437 1069 1512 viVOS,
1121 1439 1189 1496 ut
1234 1454 1375 1495 cum
1422 1437 1803 1495 Covarruvia
1851 1435 2036 1496 docet
2079 1436 2312 1496 Melina
2338 1435 2396 1512 §-

868 1530 1234 1590 Juretamen
1281 1527 1533 1608 optime,
1585 1533 1646 1588 et
1675 1528 1958 1590 Sanchez
2003 1529 2139 1589 loco
2189 1529 2399 1589 citato·

873 1620 1134 1695 Quando
1180 1625 1387 1681 autem
1422 1621 1849 1700 juramentum
1893 1640 2016 1682 non
2064 1620 2400 1681 revocandi

870 1714 1124 1775 additur
1151 1714 1471 1775 donationi
1501 1732 1689 1775 causa
1720 1714 1957 1790 mortiS‚
1990 1715 2265 1774 manenti
2297 1715 2404 1775 ad-

873 1806 996 1867 huc
1040 1807 1102 1866 in
1152 1807 1214 1865 vi
1268 1807 1459 1868 solius
1513 1808 1868 1868 donationis
1924 1825 2113 1867 causa
2161 1808 2398 1884 mortiS,

872 1918 1060 1978 quam
1092 1899 1536 1978 obligationem
1585 1900 1776 1961 addat
1805 1919 1927 1960 non
1972 1900 2306 1961 revocandi
2338 1901 2406 1960 il-

871 1993 1019 2068 lam,
1069 1991 1404 2052 dicendum
1454 1998 1548 2053 est
1591 1992 1757 2052 idem
1789 2011 1862 2053 ac
1901 1993 2170 2053 diximus
2216 2012 2405 2071 supra

872 2089 1130 2163 agentes
1161 2085 1237 2145 de
1285 2086 1681 2146 revocatione
1724 2086 2097 2158 testamenti,
2154 2087 2404 2166 quando

875 2182 1134 2239 testator
1172 2177 1531 2256 juramento
1581 2177 1865 2256 promisit
1922 2197 2043 2238 non
2104 2197 2405 2239 revocare

875 2290 1057 2331 suum
1100 2276 1565 2347 testamentum,
1626 2276 1688 2332 et
1732 2271 1932 2331 videri
1975 2271 2162 2332 etiam
2194 2276 2407 2350 potest

874 2363 1105 2425 Melina
1134 2363 1301 2423 dicta
1330 2363 1558 2442 disput.
1583 2366 1718 2425 287.
1754 2363 1871 2423 col.
1909 2364 2145 2441 penult.
2183 2370 2243 2425 et
2271 2365 2406 2426 haec

873 2457 1185 2517 sufficiant
1213 2457 1290 2516 de
1321 2455 1657 2517 donatione
1702 2475 1891 2517 causa
1930 2457 2147 2519 mortis
2172 2459 2406 2537 specia-

871 2548 1014 2610 liter
1042 2550 1426 2613 observasse.

1324 2975 1747 3058 SEcho
1813 2976 1980 3061 xvl.

884 3292 965 3350 De
996 3305 1092 3363 ns,
1128 3301 1270 3370 ques
1309 3283 1634 3369 pertinent
1682 3285 1768 3348 ad
1816 3292 2174 3349 execti-tores
2223 3292 2409 3349 testa-

1463 3391 1832 3455 nze-marios.

962 3657 1194 3719 Ultima
1240 3673 1508 3735 persona
1564 3655 1644 3715 ad
1691 3660 2064 3717 testamenta
2122 3661 2414 3736 spectans

884 3755 977 3812 est
1006 3754 1299 3810 executor
1344 3750 1867 3824 testamentarius,
1922 3749 1998 3810 de
2047 3769 2170 3830 quo
2217 3752 2415 3812 multa

883 3843 1076 3924 quaeri
1132 3846 1411 3921 possunt,
1473 3860 1612 3920 quae
1666 3840 1940 3903 breviter
1985 3844 2407 3921 expediemus.

882 3937 1089 3998 Primo
1122 3934 1443 4015 quaeritur,
1494 3934 1600 4013 qui
1646 3934 1841 4013 possit
1884 3936 2239 3997 testamenti
2272 3955 2415 3997 exe-

882 4035 1063 4090 cutor
1089 4029 1266 4088 esse?
1322 4026 1775 4105 Respondetur‚
1828 4028 1889 4087 in
1936 4028 2155 4107 primis
2199 4048 2415 4090 omnes

881 4122 1075 4184 laicos
1102 4122 1200 4182 vel
1232 4121 1492 4181 clericos
1520 4121 1872 4196 saeculares,
1924 4126 1992 4183 ut
2037 4122 2221 4183 docet
2250 4142 2415 4184 com-

882 4216 1090 4277 munis
1145 4215 1493 4289 doctorum,
1556 4231 1713 4292 quos
1756 4216 1969 4289 affert,
2027 4218 2089 4274 et
2137 4217 2418 4294 seqnitur

885 4308 1165 4372 Sanchez
1208 4306 1373 4368 dicto
1421 4306 1526 4367 lib.
1561 4308 1663 4366 lv.
1721 4305 1942 4368 Consil.
1993 4326 2129 4385 cap.
2167 4326 2209 4369 1.
2261 4309 2409 4370 dub.

880 4419 976 4464 xi..
1008 4420 1179 4462 num.
1214 4404 1270 4462 l.
1333 4403 1599 4461 Possunt
1646 4401 1835 4461 etiam
1883 4418 2016 4461 esse
2048 4406 2416 4463 executores

884 4495 1145 4557 clericus
1192 4498 1251 4554 et
1281 4492 1476 4553 laicus
1520 4492 1737 4566 simul;
1799 4497 2003 4571 potest
2049 4498 2113 4555 et
2158 4495 2412 4572 femina,

884 4589 1046 4651 sicut
1098 4594 1161 4649 et
1214 4589 1418 4665 potest
1465 4605 1600 4647 esse
1647 4587 1860 4662 tutrix,
1922 4592 1985 4648 et
2025 4588 2173 4649 licet
2217 4594 2420 4650 mater

883 4682 1190 4745 transiens
1218 4679 1298 4739 ad
1327 4680 1635 4740 secundas
1684 4680 1931 4758 nuptias
1981 4681 2230 4743 amittat
2260 4682 2419 4743 filio-

881 4793 1022 4837 rum
1044 4774 1322 4844 tutelam,
1342 4791 1463 4831 non
1481 4777 1692 4833 tamen
1709 4773 2177 4834 amittitmunus
2194 4793 2419 4835 execu-

880 4869 1052 4931 tricis
1082 4868 1144 4927 in
1188 4870 1560 4928 testamento
1591 4866 1773 4944 primi
1810 4866 1927 4925 viri
1954 4867 2072 4927 sibi
2102 4868 2412 4929 relictum.

884 4961 1145 5035 Quando
1166 4964 1376 5021 tamen
1400 4959 1624 5037 aliquis
1645 4977 1790 5019 suos
1812 4959 2034 5020 fratres
2056 4965 2420 5022 executores

886 5053 1267 5117 nominatsui
1286 5051 1668 5127 testamenti,
1693 5070 1816 5112 non
1836 5052 2202 5130 intelligitur
2217 5054 2417 5113 nomi-

885 5168 1068 5210 nasse
1098 5163 1367 5221 sorores,
1418 5144 1541 5223 leg.
1578 5144 1777 5205 ultim.
1830 5144 1980 5205 Cod.
2016 5144 2084 5206 de
2112 5146 2272 5226 leytt.
2306 5156 2416 5208 tut.

884 5241 1055 5323 quod
1098 5247 1310 5301 tamen
1356 5242 1505 5317 puto
1554 5256 1677 5298 non
1726 5238 2104 5316 procedere,
2168 5241 2420 5319 quando

883 5338 1146 5397 testator
1172 5332 1448 5392 habebat
1492 5330 1650 5391 duos
1691 5330 1877 5407 SOIOS,
1937 5350 2133 5392 unum
2163 5333 2421 5393 fratrem

887 5435 951 5491 et
979 5445 1166 5488 unam
1197 5443 1499 5501 sororem,
1533 5431 1680 5485 tunc
1707 5424 1874 5484 onim
1895 5424 2009 5485 sub
2030 5426 2328 5487 fratribus
2358 5428 2420 5487 in

2021 235 2123 296 DE
2166 233 2523 296 JUSTITIA
2567 234 2668 293 ΕΤ
2711 233 2908 296 JURE

2504 410 2728 489 plurali
2758 409 3212 489 comprehensa
3241 410 3559 473 videretur
3586 427 3785 471 soror.
3823 410 3995 490 lmpu·

2504 503 2613 563 bes
2644 507 2938 563 executor
2982 521 3116 563 esse
3164 522 3286 563 non
3335 507 3560 582 potest,
3613 503 3778 563 bene
3822 508 3996 564 tamen

2504 595 2731 672 minor,
2790 596 2841 654 si
2871 596 3143 675 explevit
3186 597 3501 657 decimum
3548 597 3876 674 septimum
3910 615 3998 656 an-

2505 708 2677 762 num,
2736 694 2806 751 ut
2845 690 3157 768 colligitur
3203 709 3277 750 ex
3324 709 3461 769 cap.
3508 689 3622 765 Qui
3661 689 3996 770 yeneralitoe,

2502 783 2557 861 ἓ.
2614 784 2812 845 ultim.
2871 782 2941 843 de
2961 784 3441 864 procuratoribus
3496 784 3603 844 lib.
3641 801 3730 844 w.
3793 802 3999 843 excom·

2503 876 2856 937 municatus
2885 877 3057 952 item,
3111 883 3173 938 et
3200 897 3418 937 servus
3465 877 3583 936 hoc
3615 877 3884 937 officium
3912 878 3998 936 ha-

2505 969 2652 1029 bere
2678 976 2957 1048 possunt,
3000 970 3078 1030 de
3109 971 3335 1049 quibus
3364 971 3563 1030 videri
3595 975 3852 1048 possunt
3881 972 4002 1029 San·

2506 1063 2655 1124 chez
2685 1063 2848 1124 dicto
2880 1064 3028 1124 dub.
3065 1080 3108 1124 1.
3160 1064 3390 1124 Melina
3420 1082 3462 1125 1.
3511 1069 3665 1124 tom.
3702 1063 3856 1141 disp.
3888 1067 3998 1123 247.
4141 1083 4142 1128 1

2506 1162 2568 1217 et
2596 1158 2878 1235 Vasquez
2909 1174 3046 1234 cap.
3082 1158 3184 1218 1v.
3237 1156 3313 1216 de
3347 1161 3595 1216 testam.
3625 1157 3684 1233 ἓ.
3737 1171 3828 1214 ιιι.
3860 1154 4002 1213 dubi·

2504 1253 2614 1310 tat.
2651 1253 2707 1310 1.

2582 1345 2670 1402 De
2698 1342 3002 1421 religiosis
3031 1347 3126 1403 est
3140 1343 3426 1421 specialis
3455 1341 3815 1416 difficultaS,
3848 1360 4005 1420 quam
4095 1351 4114 1407 3

2503 1436 2800 1497 latissime
2829 1441 3057 1497 tractat
3087 1436 3368 1497 Sanchez
3400 1436 3507 1495 lib.
3537 1437 3641 1494 vl.
3679 1435 3738 1493 in
3763 1433 4002 1512 Deceloy.
4065 1478 4098 1514 A,

2505 1546 2641 1607 cap.
2676 1545 2760 1589 x1.
2796 1533 2856 1589 et
2884 1528 3158 1588 breviter
3186 1527 3523 1588 dicendum
3552 1533 3668 1601 est,
3703 1528 3845 1605 jure
3871 1546 4005 1586 com·

2502 1621 2699 1696 muni,
2732 1621 3020 1681 omnibus
3049 1620 3353 1699 religiosis
3383 1619 3820 1680 claustralibus
3847 1619 4005 1679 inter-

2506 1714 2741 1774 dictum
2771 1733 2904 1774 esse
2934 1714 3052 1774 hoc
3081 1732 3309 1773 munus
3339 1715 3681 1791 suscipere,
3739 1713 3834 1772 vel
3863 1731 4007 1771 exer-

2505 1825 2645 1867 cere
2673 1807 2910 1885 absque
2941 1807 3036 1866 sui
3080 1805 3319 1884 praelati
3358 1806 3633 1881 licentia,
3689 1810 3760 1865 ut
3801 1809 4007 1866 constat

2506 1919 2579 1959 ex
2611 1919 2748 1977 cap.
2781 1916 2849 1960 11.
2884 1898 2953 1959 de
2980 1899 3332 1960 testamentis
3361 1900 3466 1959 lib.
3505 1917 3590 1964 vt.
3643 1903 3708 1960 et
3735 1900 4002 1959 Clement.

2508 1992 2712 2066 unica,
2754 1992 2824 2052 de
2849 2001 3073 2053 testam.
3108 1996 3369 2071 possunt
3395 1997 3608 2053 tamen
3641 2010 3787 2052 cum
3820 1991 4006 2069 praedi-

2506 2090 2607 2145 cta
2635 2085 2905 2160 licent-ia,
2941 2104 3129 2165 quarn
3160 2085 3394 2163 dejure
3415 2084 3732 2145 communi
3757 2085 3900 2144 dare
3925 2103 4006 2160 po-

2504 2183 2627 2239 test
2654 2177 2948 2256 praelatus
2976 2178 3425 2253 conventualiS,
3472 2181 3663 2256 atque
3697 2178 3854 2237 adeo
3882 2178 4006 2254 ipse·

2506 2275 2635 2330 met
2663 2270 2954 2348 praelatus
3001 2270 3236 2349 absque
3284 2271 3407 2329 alia
3452 2271 3707 2331 licentia
3753 2274 4009 2329 executor

2509 2382 2642 2423 esse
2672 2363 2918 2442 poterit,
2954 2368 3016 2423 et
3045 2362 3164 2422 hoc
3196 2381 3320 2422 non
3348 2364 3549 2423 solum
3582 2364 3665 2423 ad
3685 2364 3888 2441 legata
3907 2362 4006 2439 pia,

2507 2456 2616 2516 scd
2648 2456 2835 2516 etiam
2866 2455 2945 2514 ad
2986 2455 3267 2534 profana.
3323 2456 3567 2516 Sufficit
3605 2463 3819 2516 autem
3848 2456 4007 2514 licen-

2508 2549 2595 2609 tia
2623 2549 2861 2627 praelati
2880 2549 3089 2624 tacita,
3121 2554 3428 2609 utcontra
3458 2549 3614 2609 alios
3635 2549 3860 2627 probat
3876 2547 4009 2607 idem

2509 2641 2790 2702 Sanchez
2832 2640 2996 2702 dicto
3047 2659 3184 2720 cap.
3219 2657 3303 2702 x1.
3356 2661 3464 2701 nu.
3503 2645 3597 2702 ll.
3637 2660 3827 2721 quam
3851 2640 4012 2699 licen-

2507 2734 2659 2794 tiam
2688 2735 2881 2794 semel
2909 2734 3120 2794 datam
3151 2753 3449 2796 revocare
3491 2735 3724 2812 poterit
3755 2719 4012 2812 praelatus

2507 2845 2574 2886 re
2606 2826 2879 2905 integra;
2926 2827 2977 2887 si
3008 2832 3218 2888 autern
3248 2846 3315 2887 re
3346 2832 3556 2906 coepta
3585 2832 3858 2902 revocet,
3897 2827 4013 2885 licet

2508 2919 2793 2980 subditus
2821 2919 3075 2979 obedire
3105 2920 3353 2997 debeat,
3404 2925 3615 2999 potest
3645 2927 3856 2981 tamen
3882 2937 4012 2998 prae-

2508 3012 2673 3073 latus
2701 3013 2841 3091 cogi
2874 3013 2952 3071 ab
2984 3013 3078 3088 iis,
3131 3032 3399 3091 quorum
3430 3013 3715 3084 interest,
3768 3020 3834 3074 ut
3861 3013 4014 3071 licen-

2510 3105 2661 3166 tiam
2703 3105 2992 3167 restituat
3037 3107 3134 3166 vel
3185 3124 3309 3165 non
3363 3112 3639 3166 revocet.
3706 3106 4014 3181 Religiosus

2510 3199 2682 3274 item,
2711 3199 2856 3259 licet
2884 3200 3022 3278 cogi
3045 3218 3166 3260 non
3198 3200 3392 3279 possit
3412 3206 3481 3260 ut
3500 3204 3678 3278 petat
3696 3199 4009 3265 licentiam

2511 3292 2559 3352 si
2589 3298 2796 3353 tamen
2830 3311 2968 3353 eam
2996 3294 3365 3372 acceptavit,
3400 3293 3539 3371 cogi
3572 3298 3785 3372 potest
3815 3296 3878 3352 ut
3904 3308 4014 3349 mu-

2512 3402 2628 3444 nus
2658 3389 2964 3446 exerceat.

2592 3477 2861 3537 Dubium
2894 3483 3023 3554 est,
3060 3496 3138 3537 an
3168 3479 3494 3557 religiosus
3525 3486 3759 3540 nostra}
3789 3478 4015 3540 societa-

2513 3569 2591 3631 tis
2621 3571 2815 3648 possit
2842 3589 2984 3630 cum
3011 3570 3263 3632 licentia
3292 3572 3481 3632 solius
3511 3573 3920 3650 provincialis,
3939 3569 4014 3628 vel

2514 3663 2772 3723 rectoris
2801 3671 3094 3724 executor
3122 3664 3300 3724 esse?
3328 3664 3557 3726 Sanch.
3593 3665 3658 3725 d.
3693 3683 3832 3744 cap.
3865 3681 3937 3724 xt.
3965 3682 4012 3721 n.

2518 3759 2612 3817 18.
2648 3756 2819 3832 dicit,
2855 3775 2976 3815 non
3008 3776 3212 3836 posse,
3247 3758 3356 3817 sed
3387 3777 3650 3836 peccare
3683 3760 4013 3828 mortaliter,

2515 3850 2563 3910 si
2598 3850 2833 3927 absque
2874 3849 3125 3911 licentia
3167 3851 3483 3930 praepositi
3530 3852 3843 3928 generalis
3870 3850 3924 3909 id
3949 3849 4019 3908 fa-

2517 3942 2659 4003 ciat.
2695 3943 2850 4015 Quia
2872 3943 2929 4002 in
2956 3944 3181 4005 nostris
3201 3945 3752 4005 constitutionibus
3782 3943 4015 4024 partu.

2518 4054 2656 4114 cap.
2691 4053 2786 4097 ιιι.
2819 4036 2873 4114 ἓ.
2907 4041 2966 4096 ’1.
3002 4036 3064 4096 10
3096 4036 3328 4098 declar.
3362 4038 3568 4097 littera
3599 4040 3673 4098 D.
3706 4039 3840 4098 haec
3865 4038 4021 4095 licen-

2514 4129 2604 4190 tia
2631 4133 2986 4189 reservatur
3013 4130 3126 4190 soli
3159 4131 3468 4206 Generali,
3504 4137 3567 4191 et
3596 4131 3883 4210 quamvis
3908 4146 4022 4188 con·

2517 4222 2866 4283 stitutiones
2897 4227 3124 4283 nostrae
3145 4242 3219 4281 ex
3236 4242 3300 4282 50
3324 4242 3443 4283 000
3477 4224 3759 4302 obligent
3785 4223 3859 4283 ad
3887 4239 4022 4281 mor-

2517 4314 2676 4387 tale;
2730 4314 2876 4393 quia
2919 4319 3128 4376 tamen
3161 4315 3341 4393 juxta
3381 4316 3525 4394 jura
3572 4335 3766 4395 supra
3794 4317 4022 4392 allegata

2517 4426 2641 4467 non
2674 4413 2937 4485 possunt
2963 4409 3236 4487 religiosi
3268 4409 3506 4487 absque
3536 4410 3792 4469 licentia
3819 4405 4021 4487 pra-lati

2518 4501 2832 4580 suscipere
2856 4549 2871 4578 ,
2905 4502 3003 4561 vel
3034 4520 3321 4562 exercere
3353 4501 3503 4561 illud
3533 4522 3765 4564 munus
3794 4503 3900 4562 sub
3925 4498 4022 4561 cul·

2519 4611 2598 4672 pa
2628 4593 2825 4671 gravi,
2854 4600 2915 4656 et
2944 4594 3106 4656 hanc
3131 4596 3447 4655 licentiam
3475 4596 3536 4654 in
3568 4597 3863 4657 societate
3888 4593 4022 4653 solus

2520 4687 2837 4748 Generalis
2867 4688 3018 4747 dare
3048 4693 3292 4767 potest,
3338 4696 3798 4767 consequenter
3825 4689 4021 4766 absque

2520 4781 2655 4858 ejus
2711 4781 2960 4841 licentia
3014 4783 3300 4862 peccabit
3344 4783 3697 4843 mortaliter
3751 4781 4018 4849 subditus,

2521 4873 2667 4953 quia
2697 4874 2935 4953 absque
2963 4876 3215 4936 licentia
3247 4876 3485 4953 praelati
3518 4876 3580 4935 id
3611 4876 3802 4936 faciet
3835 4896 3847 4936 :
3891 4872 4022 4933 unde

2524 4985 2728 5046 neque
2759 4967 2876 5047 ipsi
2905 4969 3338 5046 provincialeS,
3373 4973 3480 5030 aut
3512 4970 3864 5047 superiores
3888 4967 4024 5025 loca·

2521 5061 2610 5120 les
2640 5065 2933 5138 poterunt
2955 5061 3189 5140 absque
3208 5062 3526 5122 Generalis
3554 5061 3809 5123 licentia
3840 5060 3895 5119 id
3921 5076 4022 5117 mu-

2523 5172 2639 5214 nus
2669 5154 2890 5233 exequi
2923 5154 3056 5215 sine
3086 5160 3345 5234 peccato
3375 5155 3575 5233 gravi.

2603 5248 2735 5307 Hoc
2763 5252 2997 5324 tamen,
3034 5253 3101 5310 ut
3129 5267 3348 5309 verum
3379 5249 3598 5321 fatear,
3631 5267 3878 5327 semper
3899 5240 4020 5306 mihi

2523 5338 2774 5399 difficile
2814 5341 3016 5400 visum
3067 5346 3190 5417 est,
3253 5342 3399 5421 quia
3448 5341 3525 5401 dc
3561 5340 3705 5420 jure
3749 5335 4020 5402 communi

2522 5432 2659 5493 aliis
2689 5434 2874 5495 etiam
2895 5436 3317 5513 superioribus
3346 5434 3505 5495 infra
3520 5435 3871 5513 generalem
3890 5447 4020 5493 com·

4048 3721 4151 3824 ἷζ-
4058 3615 4096 3652 ζ
