4263 6376
51 2057 107 2115 ‘15

34 2182 193 2224 Qum

39 2236 189 2278 censibus

1230 375 1702 436 DISPUTATlo
1748 368 2022 447 XXXVI,
2072 370 2346 432 SECTIO
2393 372 2465 432 V.

268 570 550 631 censum,
580 553 918 615 transferre
949 553 1012 612 in
1038 555 1182 614 tuos
1226 551 1569 614 creditores
1597 554 1798 613 totum

265 645 421 706 illud
450 651 627 707 tuum
655 646 755 726 jus
783 664 898 724 pro
944 646 1191 706 trienno
1240 646 1527 725 sequenti
1559 665 1573 705 ε
1628 647 1797 705 certe

266 738 317 799 si
337 737 588 800 debitor
615 757 872 799 censum
901 737 1172 801 scienter
1185 737 1399 799 ‘solvat
1425 739 1559 813 tibi,
1583 742 1644 799 et
1671 756 1796 798 non

266 832 390 893 tuis
419 831 857 907 creditoribuS,
891 830 1186 910 injuriam
1229 831 1349 892 illis
1391 832 1597 906 infert,
1657 848 1799 891 cum

265 924 425 985 sciat
454 929 516 985 te
539 924 672 1005 jam
698 924 937 984 nullum
956 923 1055 1003 jus
1084 924 1317 984 habere
1347 924 1426 983 ad
1455 924 1594 984 illos
1641 922 1803 983 redi·

264 1022 385 1091 ωε,
421 1036 567 1078 cum
595 1021 797 1078 totum
820 1020 995 1077 tuum
1017 1018 1122 1095 jus
1153 1016 1215 1076 in
1245 1017 1590 1077 creditores
1604 1018 1802 1077 trans·

263 1109 503 1185 tuleriS,
526 1114 588 1171 et
617 1128 653 1169 a
680 1114 741 1171 te
772 1109 1184 1186 abdicaveriS,
1219 1111 1379 1171 sicut
1407 1109 1460 1169 si
1498 1111 1604 1189 jus
1651 1107 1802 1169 illud

263 1220 376 1281 pro
406 1202 676 1262 triennio
709 1202 1305 1289 vendidisseS.Quod
1341 1201 1507 1262 enim
1538 1219 1797 1262 censum

264 1294 521 1356 omnino
552 1314 678 1356 non
711 1294 1093 1370 vendideriS,
1153 1313 1377 1373 parum
1409 1295 1621 1370 refert,
1658 1311 1802 1354 cum

262 1389 543 1465 potueris
569 1386 876 1464 dividere,
911 1388 974 1449 et
1020 1386 1295 1448 vendere
1338 1391 1582 1467 partem
1637 1387 1801 1446 illius

255 1480 440 1560 juriS,
480 1484 544 1541 et
572 1480 840 1540 retinere
885 1479 983 1559 jus
1040 1481 1120 1541 ad
1173 1499 1372 1542 annos
1410 1498 1802 1559 consequen-

262 1579 377 1634 tes,
415 1572 479 1634 Si
527 1591 679 1651 ergo
733 1590 845 1633 rex
887 1571 1206 1635 abdicavit
1233 1591 1269 1632 a
1297 1591 1364 1633 se
1394 1573 1647 1634 omnino
1696 1573 1801 1651 jus

260 1665 342 1726 ad
363 1665 670 1727 tributum
700 1683 812 1743 pro
843 1665 964 1727 hoc
1018 1666 1310 1742 triennio,
1367 1669 1429 1726 et
1484 1663 1802 1727 transtulit

259 1758 415 1818 illud
445 1760 643 1819 totum
672 1758 738 1817 in
760 1757 1227 1835 conductorem,
1254 1756 1659 1838 perindelerit
1686 1776 1798 1835 pro

262 1852 384 1912 hoc
417 1850 710 1928 triennio,
744 1869 818 1912 ac
837 1852 889 1912 si
916 1851 1222 1913 tributum
1253 1852 1461 1930 ipsum
1481 1849 1801 1911 vendidis-

258 1948 380 2005 set.

348 2039 464 2098 Pro
493 2036 874 2099 resolutione
903 2037 1160 2099 adverto
1180 2084 1196 2114 ,
1248 2037 1663 2100 differentiam
1692 2038 1799 2099 ali-

256 2148 454 2209 quam
484 2148 620 2190 esse
648 2130 814 2191 inter
837 2129 1093 2206 tributa,
1127 2148 1235 2190 seu
1264 2130 1545 2210 gabellas
1569 2178 1584 2207 ,
1620 2135 1682 2192 et
1711 2131 1799 2190 in-

254 2228 358 2284 ter
383 2222 538 2283 alios
567 2241 792 2283 census
821 2227 883 2284 et
907 2223 1146 2284 reditus
1175 2241 1416 2284 annuos
1444 2224 1647 2303 magis
1675 2224 1801 2284 for-

148 2322 158 2332 '
253 2320 426 2379 tasse
453 2315 846 2376 materialem
878 2334 1067 2395 quam
1096 2315 1445 2377 formalem.
1472 2319 1630 2377 Nam
1657 2317 1802 2377 licet

252 2426 479 2469 omnes
533 2408 637 2467 alii
693 2426 918 2468 census
971 2411 1035 2469 et
1087 2408 1326 2469 reditus
1381 2426 1505 2470 non
1561 2409 1803 2488 possint

251 2501 471 2575 etiam,
507 2505 576 2561 ut
606 2499 897 2577 diximus,
932 2501 1130 2562 locari
1157 2505 1269 2563 aut
1293 2502 1482 2562 vendi
1513 2501 1627 2562 nisi
1657 2520 1801 2562 cum

249 2594 497 2654 eisdem
524 2593 988 2655 conditionibus
1018 2598 1080 2656 ct
1107 2594 1605 2671 limitationibuS,
1657 2613 1798 2654 cum

248 2686 486 2766 quibus
533 2686 793 2747 locatori
840 2690 953 2748 aut
992 2687 1302 2748 venditori
1352 2686 1793 2749 debebantur:

244 2779 522 2859 gabellae
558 2782 767 2840 tamen
793 2826 809 2855 ‚
862 2796 1001 2858 quae
1051 2779 1131 2839 ad
1161 2780 1366 2857 regias
1397 2780 1799 2841 necessitates

245 2872 603 2947 solvuntur,
639 2871 873 2933 habent
902 2890 1115 2932 secum
1147 2871 1498 2933 imbibitum
1523 2922 1537 2948 ,
1599 2874 1668 2933 ut
1694 2891 1799 2933 su-

245 2984 370 3045 pra
391 2964 685 3036 diximus;
722 2963 1146 3026 conditionem
1174 2964 1348 3025 illam
1377 2965 1792 3042 essentialem,

246 3064 322 3119 ut
350 3059 603 3139 quoties
623 3057 868 3135 justitia
883 3075 1089 3119 causae
1118 3061 1230 3119 aut
1259 3058 1642 3119 necessitatis
1670 3076 1798 3118 ces-

243 3150 508 3228 saverit,
543 3150 824 3213 debiturn
857 3150 1045 3212 etiam
1074 3150 1357 3213 solvendi
1376 3151 1654 3231 gabellas
1670 3170 1797 3213 ces-

243 3265 389 3307 sare
424 3245 678 3306 debeat.
715 3245 918 3318 Quare
939 3263 1046 3305 rex
1066 3244 1345 3324 gabellas
1365 3245 1643 3306 vendens
1673 3263 1797 3305 non

243 3337 567 3399 abstrahit
593 3336 675 3398 ab
703 3337 812 3397 illa
859 3337 1216 3398 conditione
1273 3337 1626 3415 essentiali,
1687 3337 1796 3398 sed

241 3431 472 3492 vendit
501 3448 647 3491 cum
677 3430 785 3491 illa
830 3430 1195 3492 limitatione
1219 3477 1235 3507 ,
1295 3434 1358 3492 et
1401 3431 1604 3492 solum
1644 3430 1797 3491 illud

241 3525 346 3604 jus
378 3523 557 3604 quod
588 3523 720 3602 ipse
752 3541 859 3584 rex
887 3524 1182 3600 habebat,
1215 3524 1473 3600 scilicet,
1508 3522 1798 3602 exigendi

237 3617 539 3698 gabellas
565 3662 582 3691 ,
644 3616 908 3677 durante
957 3617 1326 3679 necessitate
1351 3664 1366 3694 ,
1427 3617 1527 3678 vel
1555 3615 1798 3696 justitia

237 3727 460 3772 causae
512 3729 528 3770 ε
580 3710 857 3790 alioquin
897 3710 1200 3770 venderet
1253 3710 1317 3770 in
1363 3709 1798 3789 proejudicium

234 3803 675 3878 subditorum,
710 3804 817 3881 qui
846 3820 969 3863 non
1002 3803 1321 3864 debebant
1346 3802 1655 3880 absolute,
1683 3803 1795 3863 sed

234 3916 392 3959 cum
424 3895 537 3956 illa
565 3895 947 3971 conditione,
982 3899 1045 3957 et
1069 3899 1210 3974 post
1236 3896 1660 3956 venditionem
1692 3895 1801 3955 de-

230 3990 478 4052 berent
536 3987 818 4049 absolute
842 4035 859 4065 ,
917 3993 981 4049 et
1025 3989 1158 4048 sine
1205 3987 1332 4049 ulla
1384 3988 1794 4050 restrictione.

232 4082 433 4156 Quod
484 4081 538 4142 si
585 4080 758 4141 dicas
782 4126 799 4155 ,
850 4081 1254 4142 necessitates
1279 4088 1618 4159 praesentes
1648 4082 1799 4141 dare

231 4172 598 4255 aliquando
620 4174 726 4252 jus
759 4173 913 4252 Regi
942 4174 1255 4234 vendendi
1288 4174 1572 4234 absolute
1604 4173 1802 4234 tribu-

229 4275 300 4332 ta
336 4269 488 4328 sine
517 4266 621 4325 illa
650 4265 1018 4326 limitatione
1040 4313 1055 4342 ,
1091 4266 1237 4346 quia
1267 4285 1391 4327 non
1423 4270 1627 4345 potest
1653 4266 1803 4326 sub-

227 4359 456 4423 veniri
487 4357 780 4438 praesenti
813 4358 1191 4434 necessitati,
1225 4358 1348 4418 nisi
1375 4360 1645 4438 pecunia
1674 4359 1801 4420 col-

223 4458 414 4519 lecta
445 4453 631 4512 simul
660 4470 734 4512 cx
762 4452 1142 4529 venditione,
1164 4471 1287 4532 qua
1317 4452 1620 4514 tributum
1647 4452 1801 4532 illud

226 4550 565 4630 perpetuo
592 4545 924 4621 vendatur,
984 4545 1116 4606 sine
1150 4546 1274 4605 ulla
1305 4545 1694 4606 restrictione
1720 4546 1799 4607 ad

227 4638 697 4708 necessitatem
721 4641 938 4716 postca
968 4637 1332 4698 duraturam
1357 4638 1563 4698 :idem
1594 4638 1801 4699 dicam

226 4751 364 4815 ego
398 4733 471 4792 in
503 4731 722 4791 ordine
754 4731 833 4790 ad
880 4731 1257 4792 locutionem
1303 4731 1556 4804 tributi,
1619 4749 1800 4810 posse

226 4829 449 4890 etiam
493 4824 932 4884 necess-itatem
979 4828 1354 4902 praesentem
1399 4823 1589 4884 talem
1638 4842 1795 4900 esse,

226 4927 306 4983 ut
337 4916 558 4999 possit
585 4918 715 4976 Rex
743 4917 953 4976 locare
982 4916 1286 4977 tributum
1317 4934 1430 4995 pro
1461 4917 1581 4977 hoc
1610 4917 1801 4977 trien-

227 5015 395 5088 nio,
457 5009 557 5070 vel
602 4999 900 5068 sexennio
931 5009 1430 5087 independenter
1483 5028 1519 5070 a
1559 5008 1802 5090 justitia

219 5121 467 5168 eausae
498 5101 841 5178 duraturae,
877 5106 945 5163 ut
974 5102 1179 5180 colligi
1198 5103 1394 5180 possit
1418 5121 1583 5163 nunc
1614 5121 1803 5182 pecu-

225 5202 349 5262 nia
372 5196 465 5258 ad
500 5195 937 5255 necessitatem
985 5199 1360 5273 praesentem
1409 5214 1423 5259 :
1473 5213 1596 5276 quo
1626 5215 1797 5272 casu,

224 5294 552 5355 cessante
577 5292 794 5365 postea
825 5288 1230 5362 necessitate,
1262 5288 1361 5347 vel
1383 5287 1624 5367 justitia
1655 5307 1804 5349 cau-

223 5408 352 5462 soe,
424 5379 764 5443 debebitur
814 5380 1024 5440 adhuc
1079 5380 1377 5441 tributum
1434 5380 1799 5442 conductori

223 5480 521 5561 propter
542 5470 650 5551 jus
689 5471 1106 5551 acquisitum,
1166 5471 1412 5532 etiamsi
1465 5474 1620 5552 Regi
1668 5473 1799 5552 jam

220 5582 408 5640 tuno
465 5565 844 5630 solvendum
892 5584 1016 5628 nou
1069 5564 1323 5645 fuisset,
1382 5570 1572 5648 atque
1626 5565 1793 5646 iden,

3326 370 3438 432 631

1898 549 2110 629 quoad
2139 548 2259 609 hoc
2292 548 2461 609 nulla
2490 548 2610 609 erit
2635 546 2993 608 differentia
3039 546 3203 608 inter
3243 545 3445 608 tribu-

1897 646 2031 704 tum
2063 642 2412 717 venditum,
2447 641 2549 703 vel
2576 642 2877 702 locatum.
2905 639 3333 701 Communiter
3347 642 3443 700 ta-

1898 754 2044 796 men
2075 753 2200 795 non
2232 734 2421 795 credo
2452 734 2674 810 vendi,
2733 734 2832 795 vel
2880 732 3075 793 locari
3109 732 3437 810 tributum,

1899 828 2015 890 nisi
2047 829 2276 889 eodem
2306 827 2517 903 modo,
2553 846 2676 907 quo
2695 827 2825 906 regi
2850 825 3138 902 debetur,
3166 826 3313 905 quia
3330 844 3445 904 pcr

1897 922 2089 984 talem
2119 918 2565 997 venditionem,
2584 919 2681 980 vel
2701 918 3075 980 locationem
3096 937 3219 978 non
3244 919 3440 978 inten-

1900 1014 2088 1091 ditur,
2106 1033 2221 1075 nec
2239 1012 2853 1091 intelligiturimponi
2864 1011 3165 1073 tributum
3180 1030 3436 1088 novum,

1901 1107 2012 1168 sed
2040 1108 2242 1167 solum
2271 1106 2593 1168 transferri
2624 1105 2790 1166 idem
2822 1104 3074 1165 omnino
3097 1103 3201 1184 jus
3220 1150 3236 1180 ,
3271 1104 3439 1183 quod

1901 1202 2031 1261 Rex
2061 1199 2369 1275 habebat,
2406 1200 2466 1258 in
2500 1198 2691 1258 alium
2715 1245 2730 1275 ,
2787 1198 2916 1258 sive
2945 1197 3009 1256 in
3038 1200 3433 1276 perpetuum,

1899 1292 2032 1354 sive
2063 1311 2177 1371 pro
2209 1297 2491 1371 tempore
2522 1290 2959 1352 determinato·

1979 1386 2139 1446 Hinc
2186 1404 2335 1463 ergo
2385 1385 2465 1444 ad
2514 1403 2727 1444 casum
2771 1387 3055 1444 nostrum
3096 1381 3429 1457 veniend0,

1900 1479 2240 1540 dicendum
2267 1478 2518 1539 videtur
2541 1524 2556 1553 ,
2604 1495 2786 1558 posse
2814 1476 2952 1537 fieri
2980 1476 3437 1554 compensatio·
3486 1518 3607 1561 msto
3633 1516 3783 1562 meno,

1899 1590 2044 1632 nem
2072 1589 2108 1632 a
2133 1570 2440 1633 creditore
2469 1572 2636 1649 regis
2659 1617 2674 1646 ,
2711 1568 2957 1631 etiamsi
2983 1569 3299 1648 gabellam
3327 1585 3437 1626 rex
3486 1570 3781 1671 rrgoffissfflji

1900 1664 2075 1726 alteri
2105 1664 2429 1726 locaverit.
2486 1665 2616 1724 Rex
2646 1663 2814 1723 enim
2844 1663 3075 1723 locavit
3104 1661 3191 1722 illi
3219 1660 3437 1740 gabel-

1896 1759 2023 1819 lam
2055 1776 2199 1819 cum
2250 1756 2608 1818 conditione
2639 1755 2923 1817 imbibita
2951 1754 3214 1835 gabellae
3239 1800 3255 1830 ,
3296 1769 3436 1832 quoe

1899 1852 2085 1912 datur
2123 1850 2203 1911 ad
2246 1849 2649 1911 necessitates
2697 1849 2902 1929 regias
2963 1869 2975 1910 :
3037 1847 3173 1908 haec
3226 1850 3437 1908 autem

1899 1943 2174 2006 conditio
2205 1942 2473 2021 gabellae
2503 1945 2617 2018 est,
2652 1945 2721 2003 ut
2750 1944 3032 2002 cessante
3062 1957 3252 2001 causa
3280 1938 3437 2018 legi-

1897 2036 2052 2099 tima
2080 2034 2392 2113 exigendi,
2418 2038 2617 2096 cesset
2638 2034 2934 2114 obligatio
2957 2032 3187 2094 subditi
3217 2032 3298 2092 ad
3313 2032 3437 2093 sol-

1897 2129 2196 2191 vendum.
2243 2130 2456 2189 Potest
2484 2146 2632 2189 vero
2658 2146 2903 2189 cessare
2934 2144 3124 2188 causa
3153 2124 3436 2203 legitima

1898 2220 2190 2301 exigendi
2221 2220 2431 2282 multis
2462 2221 2666 2281 modis
2694 2267 2709 2297 ,
2763 2241 2823 2282 v.
2858 2238 2953 2298 gr.
2987 2220 3039 2280 si
3071 2217 3432 2294 necessitaS,

1898 2316 1977 2383 ob
2007 2333 2197 2395 quam
2227 2313 2520 2392 imposita
2550 2313 2774 2389 fuerat,
2809 2312 3170 2373 cessaverit.
3208 2313 3364 2373 Item
3385 2310 3436 2371 si

1898 2399 2021 2469 alia
2048 2426 2212 2468 nova
2240 2408 2475 2468 tributa
2495 2405 2943 2486 supperaddita
2969 2405 3110 2481 sint,
3136 2424 3276 2485 quae
3292 2423 3437 2465 cum

1896 2501 2238 2576 solvantur,
2271 2499 2546 2561 reddunt
2566 2500 2835 2578 priorem
2859 2498 3172 2577 gabellam
3192 2498 3436 2577 gravio-

1894 2612 2063 2669 rem3
2116 2592 2263 2673 quia
2307 2593 2453 2654 licet
2499 2593 2633 2653 sola
2673 2595 2837 2652 esset
2865 2591 3205 2652 tolerabilis
3236 2596 3299 2653 et
3327 2591 3438 2652 de-

1895 2688 2058 2759 bita;
2112 2704 2258 2746 cum
2286 2688 2379 2747 tot
2408 2691 2618 2747 tamen
2648 2685 2785 2745 aliis
2813 2684 3098 2745 redditur
3143 2684 3433 2763 gravissi-

1895 2798 2021 2855 ma,
2056 2783 2118 2839 et
2147 2778 2286 2838 ideo
2318 2796 2440 2838 non
2465 2777 2701 2855 obligat
2729 2796 2868 2857 quae
2885 2780 3070 2837 antea
3091 2777 3430 2856 obligabat,

1895 2872 2007 2934 sed
2036 2870 2322 2932 subditus
2338 2870 2716 2949 obligabitur
2732 2870 2931 2930 solum
2950 2869 3032 2931 ad
3066 2870 3432 2931 solvendam

1898 2965 2083 3041 hanc,
2118 2963 2213 3023 vel
2246 2963 2438 3038 illam,
2472 2981 2597 3023 non
2627 2962 2707 3023 ad
2738 2981 2957 3023 omnes
2988 2962 3173 3022 simul
3234 2983 3247 3023 ε
3309 2981 3432 3042 quo

1897 3076 2046 3118 casu
2076 3056 2289 3132 cred0,
2326 3055 2606 3117 excusari
2631 3055 2973 3132 subditum,
3009 3054 3437 3133 etiamsiprior

1895 3149 2146 3231 gabella
2173 3149 2376 3210 locata
2417 3149 2635 3210 fuisset
2663 3148 2995 3229 publicano
3020 3196 3035 3226 ,
3096 3152 3435 3230 antequam

1895 3244 2033 3305 aliae
2062 3261 2242 3303 novoe
2271 3243 2532 3321 gabellae
2564 3243 2948 3304 adderentur
2970 3289 2985 3319 ,
3028 3261 3141 3322 per
3170 3262 3437 3323 quarum

1897 3336 2284 3398 additionem
2314 3335 2600 3396 redditur
2627 3336 2799 3415 prior
2825 3335 3074 3414 gabella
3100 3337 3309 3397 minus
3330 3336 3437 3416 ju-

1895 3433 2010 3491 sta.
2070 3428 2251 3490 Unde
2299 3428 2468 3488 idem
2515 3428 2850 3489 dicendum
2880 3428 3131 3489 videtur
3173 3428 3238 3488 in
3285 3447 3433 3489 casu

1896 3527 2144 3586 nostro:
2177 3539 2322 3581 nam
2352 3520 2773 3599 sicutgabella
2788 3520 3045 3599 antiqua
3068 3521 3282 3601 incipit
3308 3540 3433 3582 non

1895 3615 2199 3693 obligare,
2227 3613 2477 3692 quando
2507 3612 2737 3674 additis
2765 3612 2925 3684 alim,
2954 3613 3240 3674 subditus
3267 3614 3433 3692 cogi-

1895 3713 1996 3769 tur
2024 3707 2287 3767 nimium
2317 3705 2709 3766 contribuere
2736 3705 2857 3767 :ita
2877 3705 3128 3785 quando
3158 3706 3259 3766 hic
3289 3707 3437 3767 sub-

1896 3800 2061 3862 ditus
2112 3800 2428 3860 inve-nitur
2457 3798 2869 3860 contribuisse
2892 3796 3025 3877 jam
3054 3798 3437 3860 sufficienter

1896 3892 2027 3972 regi
2072 3892 2152 3953 ad
2198 3891 2603 3953 necessitates
2660 3909 3025 3952 communes
3084 3910 3098 3953 t
3159 3891 3430 3970 gabella,

1899 4005 2039 4068 quae
2068 3985 2351 4047 subditos
2379 3984 2534 4045 alios
2562 3984 2835 4065 obligat,
2897 3988 2959 4044 et
2984 3989 3270 4063 respectu
3301 3983 3434 4046 illo·

1898 4098 2038 4140 rum
2068 4081 2162 4140 est
2189 4077 2395 4138 adhuc
2417 4076 2610 4158 justa,
2632 4081 2915 4157 respectu
2942 4076 3126 4156 hujus
3149 4096 3269 4139 non
3290 4096 3437 4139 cen-

1899 4178 2070 4234 setur
2090 4173 2226 4251 jam
2248 4170 2419 4251 justa
2477 4192 2490 4232 :
2538 4171 2686 4251 quia
2715 4171 3038 4250 supposito
3086 4171 3256 4250 quod
3287 4190 3432 4233 con-

1898 4265 2204 4327 tribuerat
2222 4266 2357 4344 jam
2389 4283 2463 4324 ex
2492 4264 2620 4325 suis
2645 4263 2826 4325 bonis
2850 4310 2865 4340 ,
2917 4281 2992 4324 ex
3033 4264 3260 4344 quibus
3312 4265 3433 4326 alio

1897 4359 2076 4421 titulo
2107 4361 2436 4437 acceperat
2463 4376 2572 4418 rex
2601 4361 2846 4436 partem
2876 4358 3290 4420 sufficientem
3311 4406 3326 4435 ,
3384 4360 3435 4419 si

1896 4470 2112 4512 rursus
2156 4455 2488 4528 cogeretur
2514 4450 2596 4511 ad
2626 4451 2991 4512 solvendam
3027 4451 3190 4513 hanc
3218 4452 3435 4530 gabel-

1898 4545 2023 4605 lam
2048 4590 2063 4621 ‚
2118 4547 2447 4622 cogeretur
2500 4544 2582 4604 ad
2612 4544 3140 4606 contribuendum
3170 4545 3434 4605 nimium

1900 4638 2034 4716 regi
2062 4655 2135 4697 ex
2165 4635 2347 4696 bonis
2376 4637 2525 4712 suiS,
2561 4639 2623 4697 et
2652 4654 2764 4714 per
2801 4655 3188 4717 consequens
3234 4638 3434 4717 posito

1898 4729 2003 4791 illo
2030 4730 2197 4807 regis
2242 4729 2489 4804 debit0,
2540 4728 2676 4808 jam
2725 4728 2972 4806 gabella
3011 4730 3229 4809 incipit
3269 4730 3437 4792 hunc

1899 4822 2218 4883 subditum
2249 4841 2373 4882 non
2404 4822 2682 4901 obligare
2709 4867 2725 4898 ,
2777 4821 2920 4900 quia
2954 4821 3014 4882 in
3048 4822 3143 4882 his
3173 4823 3437 4884 circum-

1899 4915 2142 4978 stantiis
2196 4926 2398 4976 cessat
2445 4913 2687 4993 justitia
2739 4931 2943 4974 causae
2963 4960 2978 4990 ,
3039 4933 3184 4975 cum
3227 4916 3326 4977 hic
3376 4921 3440 4979 et

1900 5026 2066 5068 nunc
2113 5026 2239 5068 non
2288 5008 2610 5069 ordinetur
2651 5007 2730 5066 ad
2778 5007 3303 5069 contributionem
3353 5029 3439 5071 ae-

1901 5118 2113 5181 quam,
2148 5100 2259 5161 sed
2288 5101 2367 5160 ad
2399 5100 2657 5160 nimiam
2685 5103 2974 5178 respectu
3006 5099 3191 5181 hujus
3221 5102 3438 5164 subdi-

1898 5194 1967 5270 ti,
2003 5194 2110 5274 qui
2133 5192 2268 5274 jam
2299 5213 2373 5253 cx
2403 5194 2529 5254 suis
2561 5193 2741 5254 bonis
2772 5193 3129 5273 compulsus
3159 5195 3274 5256 fuit
3301 5197 3432 5276 regi

1899 5286 2285 5348 sufficienter
2320 5286 2741 5348 contribuere.
2807 5289 2961 5348 Cum
3005 5306 3155 5366 ergo
3199 5289 3438 5350 condu-

1901 5384 2036 5441 ctor
2063 5381 2266 5441 solum
2296 5381 2608 5457 acceperit
2621 5380 2723 5459 jus
2745 5380 2823 5439 ad
2849 5381 3162 5459 gabellam
3185 5382 3440 5462 exigen-

1899 5472 2067 5549 dam,
2103 5472 2354 5553 quando
2385 5472 2488 5532 illa
2515 5473 2763 5550 gabella
2784 5473 2954 5553 justa
2977 5480 3162 5552 essct,
3188 5494 3310 5535 non
3334 5494 3439 5535 ve-

1900 5579 1969 5628 ro
2001 5570 2286 5629 cessante
2317 5567 2450 5647 ejus
2478 5565 2751 5648 justitia,
2787 5569 2850 5628 et
2880 5567 3015 5629 haee
3035 5566 3281 5651 justitia
3310 5588 3438 5633 ces-

3605 1392 3684 1452 7ss
