4263 6376
77 5302 214 5342 senta

1310 332 1780 393 DISPUTATIO
1825 332 2040 407 xxxl,
2090 330 2363 393 SECTIO
2408 332 2483 392 11.

263 503 592 582 ipsorum,
628 506 922 582 spectatis
951 524 1170 568 eorum
1196 506 1503 567 reditibus
1526 552 1541 583 ,
1593 526 1665 567 ac
1711 507 1824 568 bo-

266 595 402 672 nis,
438 616 562 658 non
590 598 958 660 dedeceant.
1018 598 1339 678 Ejusmodi
1388 604 1597 660 tamen
1639 599 1825 660 ludus

266 689 679 767 chartarum,
714 697 777 752 et
804 692 999 753 multo
1029 692 1231 771 magis
1260 698 1637 754 tesserarum
1664 740 1679 770 ,
1732 693 1826 753 in-

267 781 520 843 decens
547 784 729 844 valde
756 784 876 845 iliis
905 789 1000 846 est
1021 831 1037 861 ,
1087 789 1275 864 atque
1307 786 1558 847 omnino
1589 786 1826 846 dissua-

269 874 580 941 dendus:
612 877 960 955 praesertim
1012 897 1155 939 cum
1202 878 1381 939 multi
1427 879 1699 941 strictius
1746 878 1823 938 de

270 966 410 1027 hac
446 988 516 1029 re
543 969 881 1048 loquantur
902 1016 917 1047 ,
953 975 1016 1033 et
1043 989 1159 1050 ego
1186 971 1480 1051 loquerer
1503 1018 1517 1047 ,
1550 972 1601 1032 si
1632 971 1824 1032 eccle-

270 1060 684 1122 siasticorum
730 1081 938 1124 mores
986 1081 1107 1124 non
1140 1062 1300 1126 adeo
1326 1065 1405 1124 ab
1431 1065 1688 1144 antiquo
1718 1065 1821 1125 illo

271 1158 455 1215 statu
485 1155 815 1234 primitivae
844 1156 1137 1217 Ecclesiae
1176 1156 1591 1220 deflexissent.
1649 1161 1825 1219 Tunc

273 1248 459 1306 enim
497 1248 806 1326 ejusmodi
858 1248 1043 1309 ludus
1095 1250 1297 1327 magis
1352 1250 1650 1312 indecens
1707 1251 1826 1312 illis

273 1346 459 1415 erat,
509 1340 836 1420 majusque
882 1341 1250 1403 scandalum
1281 1343 1680 1404 saecularibus
1716 1362 1827 1423 ge-

271 1433 584 1510 nerabat,
637 1453 827 1513 quam
867 1434 1053 1494 hodie
1080 1441 1341 1513 generet
1374 1456 1386 1496 :
1421 1436 1669 1516 quando
1700 1455 1826 1497 non

272 1531 422 1587 tam
467 1532 705 1586 arctam
727 1573 742 1602 ,
804 1529 1058 1606 Deoque
1102 1528 1381 1589 deditam
1407 1529 1600 1590 vitam
1628 1530 1708 1590 ab
1738 1532 1827 1590 eis

273 1624 643 1699 expectant,
677 1639 867 1699 quam
899 1620 1046 1681 olim
1076 1627 1212 1682 erat
1238 1626 1536 1684 consueta
1557 1668 1573 1698 ,
1621 1641 1695 1684 ac
1729 1642 1830 1683 ex-

272 1712 646 1791 pectabant.
683 1735 711 1770 »
777 1715 924 1773 Haec
954 1713 1187 1775 Melina
1214 1713 1297 1773 ibi
1325 1760 1341 1790 ,
1389 1732 1528 1794 quae
1558 1717 1709 1779 satis
1738 1717 1828 1776 in-

271 1806 526 1880 dicant,
559 1806 930 1884 gravitatem
963 1805 1148 1884 huius
1178 1808 1474 1885 praecepti
1502 1855 1518 1883 ,
1571 1812 1634 1870 et
1672 1809 1828 1870 obli—

268 1898 565 1975 gationis
612 1897 1023 1977 judicandam
1073 1917 1208 1959 esse
1265 1920 1337 1960 ex
1381 1902 1829 1963 consuetudine

270 1990 563 2070 regionis
586 2037 602 2067 ,
662 2011 737 2052 ex
790 1992 1085 2053 scandalo
1109 2038 1126 2067 ,
1186 2011 1261 2053 ex
1315 1993 1694 2073 frequentia,
1754 2014 1830 2056 ex

270 2084 640 2164 quantitate
670 2084 950 2163 pecuniae
997 2085 1144 2145 ludo
1176 2087 1470 2165 exposita}
1504 2134 1519 2163 ,
1580 2107 1654 2148 ex
1697 2088 1827 2149 ludi

269 2177 592 2256 qualitate
642 2178 883 2256 (neque
923 2177 1087 2241 enim
1117 2194 1334 2239 omnes
1361 2185 1507 2242 sunt
1533 2198 1711 2259 aeque
1741 2182 1830 2243 in-

270 2270 625 2349 decentes)
684 2275 746 2332 et
799 2271 933 2331 aliis
963 2271 1268 2333 similibus
1324 2273 1825 2353 circumstantiiS,

270 2382 432 2443 quae
463 2363 643 2424 facile
672 2363 900 2423 variari
926 2369 1207 2443 possunt.

779 2796 1210 2882 steilo
1301 2799 1387 2886 ll.

274 3106 441 3182 Quoe
470 3103 816 3165 conditiones
844 3102 1225 3184 requirantur
1250 3103 1478 3185 dejure
1502 3115 1730 3167 naturoe
1757 3104 1837 3166 ad

772 3293 783 3298 ·
826 3211 1127 3292 justitiam
1154 3210 1296 3273 ludi.

380 3478 630 3540 Lessius
659 3477 825 3539 dicto
857 3496 995 3557 cap.
1029 3493 1198 3539 xxvl.
1234 3478 1383 3539 dub.
1418 3482 1477 3540 2.
1526 3481 1651 3540 tres
1681 3479 1833 3539 assi-

274 3578 455 3653 gnat
483 3571 890 3632 conditiones
943 3570 1169 3649 Prima,
1202 3576 1271 3632 rt
1297 3571 1519 3632 ludens
1547 3572 1741 3650 possit
1765 3571 1832 3632 li-

275 3667 451 3727 bere
482 3664 813 3743 disponere
843 3664 921 3724 de
950 3664 1141 3724 rebus
1187 3683 1343 3743 quas
1391 3665 1665 3743 exponit.
1730 3667 1834 3726 Se-

280 3758 549 3832 cundo,
609 3762 679 3819 ut
723 3757 988 3817 alterum
1036 3757 1194 3818 alter
1247 3757 1678 3836 perinjurium
1709 3776 1834 3817 non

279 3848 677 3930 pertraxerit
705 3849 785 3908 ad
813 3849 1182 3910 ludendum.
1216 3850 1448 3926 Tertia,
1473 3870 1550 3910 ne
1581 3854 1837 3912 utantur

280 3942 628 4006 fraudibus
683 3945 905 4004 contra
956 3943 1089 4006 ludi
1139 3943 1331 4021 legeS.
1416 3944 1580 4005 Addi
1635 3948 1839 4023 potest

285 4039 529 4117 quarta
558 4081 574 4111 ,
627 4039 695 4096 ut
721 4035 980 4115 aequalis
1009 4036 1090 4096 sit
1116 4035 1438 4114 utriusque
1469 4036 1838 4097 colludentis

284 4127 598 4190 conditio.
655 4130 741 4189 De
798 4129 895 4189 his
950 4147 1116 4190 nunc
1162 4128 1478 4209 sigillatim
1522 4129 1837 4209 agendum

283 4225 414 4283 est.

995 4523 1052 4601 §-
1088 4526 1144 4584 ι.

300 4787 401 4850 De
423 4787 619 4869 prima
646 4785 965 4856 conditione
982 4833 998 4865 ,
1029 4785 1188 4868 quod
1214 4785 1411 4848 ludens
1445 4789 1626 4870 possit
1652 4788 1841 4871 diepo-

725 4914 860 4956 nere
886 4894 957 4955 de
983 4894 1073 4957 iis.
1106 4913 1238 4976 quoe
1262 4894 1430 4958 ludit.

395 5151 634 5231 Regula
660 5150 970 5230 generalis
1001 5153 1114 5227 est,
1150 5150 1230 5210 ab
1261 5169 1333 5211 eo
1366 5169 1488 5212 non
1520 5169 1701 5232 posse
1736 5152 1844 5212 ali-

306 5263 503 5326 quem
533 5245 779 5321 lucrari‚
816 5243 923 5323 qui
952 5243 1299 5304 dominium
1330 5263 1450 5304 nen
1482 5244 1672 5306 habet
1696 5292 1711 5321 ,
1744 5246 1843 5306 vel

77 5365 245 5395 emm.
305 5341 578 5400 liberam
606 5336 1217 5400 administrationem
1257 5356 1474 5398 eorum
1518 5357 1657 5418 quae
1694 5337 1843 5399 ludo

313 5432 594 5511 exponit.
655 5433 751 5492 An
794 5448 943 5490 vero
990 5430 1052 5489 in
1098 5430 1459 5508 particulari
1515 5430 1847 5493 tales-sint

314 5524 506 5601 servi,
539 5523 835 5604 religiosi,
867 5522 1271 5600 filiifamilias,
1306 5523 1580 5583 minores
1611 5528 1673 5584 et
1700 5541 1846 5584 uxo-

3331 333 3449 391 503

1922 527 2044 585 reS,
2078 507 2313 587 pendet
2337 527 2408 568 ex
2441 508 2549 584 iis,
2603 526 2742 589 quae
2772 508 2849 568 de
2881 507 3142 586 singulis
3181 507 3250 573 in,
3273 526 3453 585 supe-

1922 601 2191 661 rioribus
2222 602 2387 662 dicta
2429 606 2606 678 sunt,
2658 610 2983 681 quousque
3031 599 3270 679 possint
3309 600 3454 660 alie-

1925 712 2075 754 nare
2104 694 2202 753 vel
2234 694 2564 772 disponere
2595 695 2727 754 sine
2770 694 2933 769 ulla,
2977 694 3077 753 vel
3118 693 3248 753 sine
3291 711 3455 753 nova

1923 786 2194 847 licentia.
2229 789 2407 847 Nunc
2437 787 2648 867 aliqua
2695 787 2973 848 breviter
3002 786 3328 846 inferenda
3356 784 3453 845 vel

1921 878 2279 940 indicanda.

2008 973 2214 1034 Primo
2245 991 2394 1051 ergo
2426 971 2711 1049 infertur,
2746 973 2897 1052 quid
2927 972 3264 1033 dicendum
3282 971 3454 1032 sitde

1926 1084 1998 1126 eo
2030 1066 2138 1144 qui
2165 1065 2314 1126 ludo
2356 1066 2609 1144 exponit
2648 1084 2780 1126 rem
2822 1066 3091 1126 alienam
3136 1065 3450 1139 furtivam,

1923 1159 2023 1221 vel
2050 1157 2219 1237 apud
2249 1176 2314 1218 se
2347 1159 2699 1237 depositam
2729 1163 2838 1219 aut
2866 1158 3352 1219 commodatam.
3386 1158 3455 1217 ln

1926 1271 2049 1331 quo
2080 1252 2594 1330 distinguendum
2651 1257 2744 1313 est
2785 1253 2948 1313 inter
2985 1270 3119 1312 rem
3168 1271 3281 1311 usu
3312 1269 3455 1311 con-

1926 1344 2383 1423 sumptibilem3
2427 1344 2476 1405 si
2521 1345 2687 1405 enim
2735 1364 2860 1419 non
2904 1345 2982 1405 sit
3023 1364 3138 1405 usu
3168 1361 3458 1405 consum-

1927 1437 2181 1517 ptibiliS,
2216 1437 2322 1516 qui
2351 1455 2492 1498 eam
2537 1439 2812 1500 lucratus
2842 1442 2975 1513 est,
3027 1442 3277 1499 tenetur
3318 1456 3458 1496 eam

1928 1530 2183 1591 domino
2211 1529 2476 1590 reddere
2502 1576 2517 1606 ,
2552 1530 2656 1590 ubi
2690 1531 2960 1609 primum
3009 1530 3126 1591 scit
3154 1548 3287 1589 esse
3318 1530 3461 1589 alie-

1927 1642 2096 1700 nam,
2130 1623 2369 1684 ratione
2400 1624 2489 1683 rei
2518 1629 2790 1703 acceptae
2816 1671 2831 1702 ,
2877 1628 2945 1684 ut
2973 1624 3202 1684 docent
3227 1622 3459 1683 Molina

1928 1717 2158 1795 disput.
2191 1719 2328 1777 518.
2362 1716 2608 1777 Lessius
2639 1717 2789 1778 dub.
2825 1733 2884 1776 v.
2923 1717 3099 1777 Salas
3130 1715 3279 1775 dub.
3317 1731 3453 1775 v111.

1928 1828 2099 1869 num.
2134 1812 2189 1869 1.
2220 1813 2282 1869 et
2306 1808 2433 1884 alii,
2470 1827 2657 1887 quam
2689 1808 3037 1869 doctrinam
3067 1807 3458 1868 limitandam

1928 1901 2209 1981 suspicor
2245 1921 2258 1962 ε
2292 1919 2436 1961 cum
2473 1902 2644 1961 enim
2697 1901 2921 1962 ludens
2963 1920 3099 1961 rem
3136 1900 3306 1960 illam
3350 1900 3461 1960 ha-

1927 1994 2136 2055 buerit
2163 2013 2238 2054 ex
2265 1998 2588 2055 contractu
2620 2012 2909 2068 onerOSO,
2947 1999 3007 2054 et
3038 1993 3299 2073 quieam
3321 2011 3459 2071 per·
3491 2030 3496 2033 -

1930 2087 2088 2148 didit
2113 2091 2401 2149 teneatur
2429 2086 2482 2146 ei
2516 2086 2592 2146 de
2623 2087 2930 2147 evictione
2952 2133 2967 2163 ,
3020 2086 3177 2146 sicut
3214 2085 3262 2146 si
3306 2105 3457 2146 ven-

1930 2180 2210 2255 didisset,
2244 2184 2314 2240 ut
2340 2198 2484 2240 mox
2514 2179 2903 2252 videbimus,
2953 2184 3016 2240 et
3050 2179 3393 2239 admittunt
3419 2178 3462 2237 ii

1931 2292 2149 2335 omnes
2187 2276 2515 2345 auctores3
2563 2290 2958 2351 consequens
3003 2271 3252 2331 videtur
3297 2275 3365 2330 ut
3410 2269 3462 2330 si

1928 2370 2148 2447 postea
2177 2384 2298 2425 non
2333 2366 2530 2445 possit
2572 2383 2898 2443 possessor
2926 2382 3295 2443 recuperare
3325 2380 3462 2441 pre-

1928 2461 2083 2521 tium
2114 2458 2195 2517 ab
2227 2476 2300 2517 eo
2342 2458 2447 2535 qui
2492 2475 2633 2517 eam
2673 2456 2977 2536 perdidit,
3019 2457 3216 2536 possit
3256 2456 3461 2516 eidem

1929 2552 2194 2612 reddere
2223 2555 2293 2611 ut
2320 2551 2596 2611 valorem
2618 2554 2967 2629 recuperet,
2993 2552 3174 2628 juxta
3198 2568 3293 2627 ea,
3321 2569 3462 2630 quae

1929 2662 2073 2705 cum
2127 2643 2536 2723 probabiliori
2601 2643 2912 2703 sententia
2968 2642 3239 2702 diximus
3296 2642 3457 2721 disp.

1927 2754 2080 2798 xvu.
2118 2740 2268 2796 sect.
2301 2739 2360 2796 2.
2395 2735 2472 2795 de
2504 2753 2578 2795 eo
2609 2735 2714 2814 qui
2743 2734 2908 2795 hona
2958 2735 3081 2794 fide
3130 2753 3265 2794 rem
3312 2735 3463 2795 alie-

1929 2848 2075 2890 nam
2106 2848 2140 2887 a
2172 2829 2306 2888 fure
2338 2829 2518 2904 emit,
2554 2846 2737 2907 posse
2769 2828 2973 2889 eidem
3002 2846 3141 2888 eam
3171 2829 3458 2903 reddere,

1927 2926 1998 2983 ut
2022 2921 2297 3000 pretium
2326 2939 2508 2981 suurn
2539 2924 2872 3000 recuperet
2901 2921 3081 2982 aliter
3124 2940 3249 2981 non
3290 2940 3462 2982 recu-

1928 3014 2301 3093 perandum,
2336 3018 2406 3075 ut
2434 3033 2499 3075 se
2531 3013 2895 3074 indemnem
2923 3020 3272 3076 conservet.
3304 3018 3464 3075 Nam

1928 3108 2074 3168 licet
2101 3107 2164 3166 in
2195 3125 2343 3166 casu
2368 3110 2578 3167 nostro
2618 3107 2871 3167 lucrans
2913 3107 3151 3167 nullum
3194 3108 3464 3186 pretium

1930 3220 2041 3280 pro
2071 3220 2138 3261 rc
2169 3201 2275 3260 illa
2303 3200 2576 3274 dederit;
2627 3219 2752 3262 non
2801 3204 3013 3262 tamen
3065 3220 3203 3261 eam
3249 3201 3467 3263 habuit

1930 3294 2155 3374 gratiS,
2191 3294 2301 3354 sed
2346 3312 2422 3354 ex
2476 3298 2801 3356 contractu
2854 3313 3142 3372 onerose,
3207 3299 3269 3356 et
3314 3295 3468 3356 emit

1931 3394 2101 3450 certo
2158 3387 2379 3464 mode,
2431 3386 2706 3465 periculo
2758 3387 2860 3447 cui
2896 3406 2962 3447 se
3002 3389 3287 3466 exposuit
3325 3407 3469 3466 per-

1932 3480 2157 3553 dendi;
2192 3480 2360 3559 quod
2391 3479 2738 3558 perieulum
2770 3480 3032 3558 dignum
3076 3486 3211 3542 erat
3240 3482 3461 3559 pretim

1934 3577 1996 3635 et
2022 3574 2262 3634 nullum
2294 3573 2460 3633 aliud
2492 3577 2793 3634 statutum
2841 3574 2958 3634 fuit
3000 3575 3302 3652 pretium,
3349 3575 3468 3634 nisi

1933 3686 2032 3727 res
2058 3666 2162 3725 illa
2190 3666 2338 3726 ludo
2371 3666 2653 3744 exposita
2683 3666 2798 3726 sub
2827 3666 3182 3726 conditione
3203 3714 3218 3741 ,
3262 3666 3310 3726 si
3341 3667 3471 3725 viu-

1933 3764 2122 3820 ceret.
2152 3759 2216 3820 Si
2246 3777 2396 3836 ergo
2428 3764 2695 3838 uterque
2739 3763 2991 3819 tenetur
3037 3759 3115 3819 de
3160 3759 3467 3819 evictione

1934 3851 2046 3927 rei,
2081 3870 2270 3931 quam
2299 3851 2448 3911 ludo
2480 3852 2767 3929 exponit,
2816 3869 2940 3911 non
2982 3851 3202 3926 video,
3248 3869 3360 3911 cur
3388 3851 3467 3910 ad

1931 3944 2430 4022 recuperandum
2462 3943 2744 4003 debitum
2771 3962 2954 4002 suum
2971 3962 3093 4003 non
3113 3945 3328 4021 possit,
3358 3945 3469 4023 qui

1936 4055 2075 4097 eam
2102 4037 2379 4097 lucratus
2408 4036 2631 4111 luerat,
2664 4036 2928 4095 reddere
2960 4037 3017 4096 ei
3049 4037 3150 4116 qui
3171 4055 3310 4096 eam
3332 4055 3469 4114 per-

1937 4129 2114 4192 didit.
2153 4128 2327 4191 Sicut
2347 4128 2450 4207 qui
2480 4128 2595 4187 sub
2626 4128 2887 4207 pignore
2917 4129 3249 4207 mutuavit,
3270 4130 3471 4190 sciens

1938 4228 2155 4302 postea
2182 4222 2410 4301 pignus
2439 4239 2574 4282 esse
2603 4221 2875 4281 alienum
2897 4269 2912 4298 ,
2945 4223 3211 4283 reddere
3243 4223 3471 4303 pignus

1937 4314 2317 4376 mutuatario
2348 4314 2429 4374 ad
2456 4314 2959 4393 recuperandum
2990 4321 3300 4378 mutuum.

2044 4407 2302 4469 Addunt
2355 4407 2565 4487 itaque
2612 4408 2895 4486 praedicti
2946 4408 3235 4469 doctores
3289 4411 3463 4471 Moli-

1940 4520 2062 4579 na,
2121 4501 2390 4577 LessiuS,
2426 4505 2487 4561 et
2530 4500 2656 4576 alii,
2713 4519 2781 4561 re
2811 4500 2915 4560 illa
2964 4501 3169 4562 evicta
3201 4549 3216 4578 ,
3273 4504 3470 4564 teneri

1938 4596 2016 4657 de
2046 4592 2353 4654 evictione
2383 4593 2487 4672 qui
2533 4611 2671 4653 eam
2715 4593 3009 4671 perdidit,
3072 4595 3129 4654 ei
3196 4597 3303 4675 qui
3359 4598 3472 4657 bo-

1939 4707 2021 4748 na
2048 4686 2173 4746 fide
2204 4688 2477 4747 lucratus
2515 4705 2653 4746 eam
2709 4687 2944 4763 suerat,
2996 4705 3187 4766 quam
3244 4689 3472 4750 doetri-

1943 4799 2088 4840 nam
2114 4779 2399 4859 quamvis
2429 4780 2727 4839 damnare
2765 4797 2887 4840 non
2921 4780 3150 4842 audeat
3179 4783 3355 4843 Salas
3370 4783 3474 4843 ubi

1942 4891 2161 4953 supra,
2222 4873 2300 4933 de
2356 4891 2430 4932 ea
2475 4877 2684 4934 tamen
2722 4872 2988 4934 multum
3033 4874 3297 4936 dubitat.
3343 4877 3478 4937 Pri-

1943 4985 2069 5043 m0,
2104 4965 2252 5045 quia
2283 4984 2407 5026 non
2436 4965 2686 5048 videtur
2728 4985 2864 5026 esse
2914 4966 3136 5026 eadem
3185 4968 3342 5030 ratio
3399 4970 3477 5030 de

1942 5059 2278 5135 vendente,
2313 5058 2420 5137 qui
2450 5077 2563 5137 pro
2592 5077 2658 5118 re
2690 5059 2895 5118 aliena
2925 5059 3194 5138 pretium
3223 5062 3474 5141 accipit,

1946 5157 2008 5213 et
2034 5152 2111 5212 de
2140 5151 2396 5212 ludente
2427 5152 2533 5232 qui
2573 5151 2724 5211 nihil
2773 5169 3029 5231 prorsus
3072 5155 3336 5233 aceepit.
3373 5158 3480 5216 Se-

1946 5245 2173 5318 cundo,
2210 5244 2355 5323 quia
2383 5244 2661 5304 vendens
2692 5262 2823 5302 rem
2855 5243 2916 5303 in
2946 5243 3094 5303 ludo
3119 5291 3134 5322 ,
3183 5247 3280 5306 vel
3311 5247 3481 5307 illam

1943 5339 2166 5399 ludens
2194 5337 2415 5398 saltem
2443 5336 2592 5397 ludo
2623 5336 2962 5416 prohibite,
2992 5356 3116 5397 non
3136 5343 3382 5402 tenetur
3403 5342 3482 5402 de

1946 5429 2290 5506 evictione,
2324 5429 2365 5490 l.
2400 5431 2506 5490 fin.
2552 5431 2613 5489 ff.
2649 5449 2898 5510 quarum
2939 5449 3135 5492 rerum
3178 5434 3328 5494 actio
3371 5456 3484 5496 uon

1944 5523 2140 5585 datur.

3620 4423 3693 4480 14

3567 4545 3710 4587 Evicta
3728 4556 3772 4586 rc

3548 4599 3633 4648 illa,
3655 4610 3704 4639 an
3723 4598 3791 4650 qui

3556 4665 3643 4695 eain
3666 4652 3779 4700 lusit,

3578 4711 3765 4747 teneatur

3593 4758 3755 4801 victori.
