4263 6376
1253 337 1722 401 DISPUTATIO
1766 338 1984 416 XXVI,
2032 339 2306 403 SECTIO
2348 340 2479 404 vn.

308 518 436 580 tium
471 515 841 594 rigorosum,
889 515 1011 578 hoc
1039 515 1207 577 enim
1235 520 1400 578 esset
1447 516 1696 580 lucrum
1725 535 1801 577 ex

308 615 490 671 mutuo
526 609 827 686 implicito
884 610 1153 688 exigere,
1216 628 1340 690 quo
1390 611 1659 689 pretium
1711 612 1801 689 ip-

308 721 443 777 sum,
465 700 651 761 dilata
679 700 1013 779 solutione,
1046 708 1264 764 mutuo
1307 703 1606 782 implicito
1662 703 1800 764 dari

309 799 581 868 censetur,
633 800 705 855 ut
748 798 970 856 contra
1023 795 1360 875 quemdam
1416 796 1801 874 Raphaelem

305 888 612 948 Bai-nasum
647 887 820 965 apud
846 888 1091 950 Silvest.
1125 888 1302 950 verb.
1335 908 1534 965 usura,
1557 891 1614 968 §-
1657 906 1702 951 1.
1739 893 1802 950 et

303 980 1799 1063 'contraquemdamGerardumOldonensemapud

305 1071 612 1133 Adrianum
634 1092 698 1154 q.
732 1073 803 1133 de
829 1074 1210 1152 restitutione,
1236 1094 1377 1155 quae
1416 1075 1654 1153 incipit,
1694 1074 1799 1137 Oc-

306 1166 459 1225 cmv-it
483 1165 717 1247 insuper
742 1166 1002 1229 dubium.

145 1248 215 1306 ¹⁰5
372 1260 466 1321 His
512 1260 873 1338 suppositiS,
920 1260 1251 1322 difficultas
1303 1280 1535 1340 magna
1570 1265 1684 1338 est,
1717 1280 1798 1323 an

111 1372 270 1423 tmen,
305 1371 507 1413 merces
520 1352 642 1412 illae
671 1371 815 1431 quae
836 1354 1252 1414 communiter
1266 1354 1509 1415 nonnisi
1536 1355 1794 1430 credite,

110 1438 271 1523 '2ssss
307 1464 396 1506 seu
420 1445 492 1504 ad
543 1445 886 1505 terminum
919 1446 1103 1507 vendi
1148 1447 1373 1523 solent,
1406 1446 1573 1509 licite
1607 1446 1793 1508 vendi

110 1536 268 1629 ἓξ·
303 1538 506 1616 possint
537 1537 757 1617 pluriS,
791 1557 984 1617 quam
1028 1539 1108 1601 sit
1161 1540 1434 1618 pretium
1480 1558 1797 1601 summum

109 1653 137 1683 a
150 1619 268 1736 ξω·
302 1649 402 1711 quo
429 1632 1030 1710 numeratapecunia
1055 1631 1801 1695 venderentur.Procedit

302 1729 474 1784 autem
494 1723 757 1802 quaestio
787 1723 867 1784 de
914 1724 1228 1804 aliquibus
1271 1726 1607 1802 mercibuS‚
1655 1745 1795 1805 quae

299 1834 494 1895 magna
520 1816 705 1894 eopia
733 1835 810 1876 ex
839 1816 1037 1893 India,
1070 1837 1133 1879 n.
1166 1837 1261 1896 gr.
1296 1819 1396 1879 vel
1452 1820 1588 1879 aliis
1642 1820 1794 1879 locis

298 1911 603 1970 afferuntur
629 1908 715 1969 ad
760 1927 994 1988 magna
1029 1910 1335 1989 emporia,
1370 1916 1434 1971 et
1462 1909 1671 1972 statim
1727 1911 1789 1971 in

295 2002 469 2063 varios
502 2006 889 2063 mercatores
936 2006 1378 2065 concurrentes
1438 2004 1793 2064 distrahun-

295 2100 393 2172 tur,
417 2095 637 2174 quibus
654 2096 949 2174 praesenti
981 2095 1248 2174 pecunia
1276 2096 1463 2156 vendi
1494 2114 1617 2156 non
1647 2115 1793 2176 pos-

292 2193 422 2264 sent,
452 2207 565 2249 nec
593 2188 703 2267 qui
733 2206 840 2248 eas
868 2206 1111 2248 merces
1150 2192 1406 2268 portant
1453 2195 1789 2266 expectare

293 2285 516 2360 possunt
542 2280 749 2342 donec
779 2281 1013 2342 sensim
1066 2298 1171 2342 eas
1220 2300 1438 2342 omnes
1486 2282 1790 2359 paulatim

292 2373 549 2449 vendant,
576 2374 691 2433 sed
718 2373 954 2434 debent
974 2391 1078 2434 eas
1096 2374 1306 2434 statim
1336 2374 1401 2434 in
1420 2377 1660 2452 'magna
1688 2392 1790 2436 co·

289 2467 372 2546 pia
396 2466 761 2542 distrahere,
787 2472 857 2528 ut
883 2466 1146 2528 redeant
1171 2466 1254 2527 ad
1277 2467 1553 2547 propria.

357 2559 546 2620 Prima
573 2559 888 2621 sententia
915 2563 1104 2638 negat
1129 2560 1194 2620 in
1224 2559 1589 2622 universum
1617 2559 1787 2621 licite

289 2653 473 2730 augeri
498 2652 974 2732 pretiumsupra
990 2669 1327 2730 summum,
1361 2672 1486 2734 quo
1505 2672 1606 2714 res
1625 2671 1789 2733 prae-

288 2746 420 2805 senti
447 2746 715 2824 pecunia
760 2745 1159 2807 venderetur.
1212 2748 1304 2808 Ita
1358 2749 1619 2808 Navarr.
1675 2750 1787 2807 Ca·

281 2837 373 2915 jet.
426 2840 553 2901 Sot.
610 2838 888 2914 Medina,
930 2839 1224 2900 Mercado
1276 2842 1339 2900 et
1393 2839 1494 2900 alii
1550 2841 1783 2919 plureS,

286 2948 417 3009 quos
441 2934 713 2992 afferunt
739 2931 858 2996 Th.
891 2931 1119 2993 Sanch.
1145 2932 1207 2993 d.
1241 2950 1295 2994 c.
1329 2935 1460 2994 vll.
1495 2933 1646 2996 dub.
1677 2950 1782 2996 xv.

284 3040 335 3084 n.
361 3026 417 3089 3.
445 3042 501 3101 e,
535 3025 716 3085 Salas
771 3022 843 3084 de
890 3033 1068 3105 empt.
1127 3034 1182 3085 et
1237 3025 1404 3087 vend.
1437 3025 1587 3088 dub.
1634 3042 1781 3088 xm.

282 3116 382 3176 Alii
408 3135 440 3176 e
467 3122 686 3178 contra
730 3118 1001 3178 afferunt
1027 3117 1094 3178 id
1147 3117 1391 3181 licitum
1446 3137 1605 3196 esse,
1667 3138 1785 3181 nec

281 3210 802 3271 condemnandam
875 3229 1008 3271 esse
1061 3212 1306 3289 praxim
1386 3231 1786 3274 communem

281 3309 699 3365 mercatorum.
720 3306 814 3365 Ita
839 3304 1072 3366 Molina
1101 3304 1265 3384 disp.
1313 3307 1453 3367 357.
1488 3306 1779 3369 Turrian.

281 3395 416 3476 disp.
447 3414 568 3458 Lxl.
601 3396 754 3458 dub.
790 3414 873 3458 tx.
902 3401 1071 3459 LeSS.
1096 3398 1244 3459 dub.
1271 3415 1357 3461 vl.
1391 3418 1452 3460 n.
1487 3403 1587 3462 56.
1610 3401 1786 3462 Idem

280 3491 444 3550 etiam
480 3492 670 3552 Sotus
715 3489 838 3552 hoc
865 3489 1120 3551 tandem
1184 3491 1555 3569 approbavit
1583 3495 1684 3555 vl.
1716 3492 1787 3554 de

271 3582 405 3662 just.
428 3603 489 3662 q.
522 3600 610 3646 1v.
653 3602 748 3644 ar.
783 3587 840 3644 1.
877 3583 957 3644 ad
985 3588 1046 3645 4.
1081 3584 1377 3661 Victoria,
1413 3587 1640 3663 CanuS,
1676 3588 1784 3648 Sa-

277 3675 386 3736 lon.
442 3679 731 3752 Bannes‚
765 3677 964 3738 Tolet.
1012 3676 1246 3738 Rebell.
1309 3681 1372 3738 et
1422 3677 1525 3737 alii
1580 3678 1780 3756 multi,

280 3786 417 3846 quos
432 3770 702 3831 afferunt
719 3768 1245 3834 Sanch.etc.Salas
1261 3768 1596 3848 locisjcit.et
1615 3789 1787 3831 eam-

277 3860 402 3921 dem
444 3862 728 3941 sequitur
753 3861 887 3940 ipse
917 3862 1116 3937 Salas,
1163 3862 1395 3924 Sanch.
1431 3881 1579 3924 vero
1609 3869 1780 3942 tunc,

276 3954 507 4031 quando
533 3954 739 4035 major
767 3958 1189 4017 mercatorum
1216 3973 1363 4035 pars
1408 3956 1624 4019 vendit
1675 3976 1786 4037 pe-

277 4047 443 4107 cunia
468 4048 727 4110 credita.

104 4137 182 4201 {⁰6
342 4141 609 4203 Probant
661 4140 856 4220 aliqui
900 4140 1123 4220 primo,
1181 4141 1330 4221 quia
1363 4142 1605 4222 justum
1643 4163 1783 4224 pre-

3310 346 3424 405 297

1900 516 2172 597 pretium
2200 517 2369 580 enim
2388 518 2653 603 justum,
2686 520 2757 581 ut
2796 535 2963 599 soepe
2992 518 3287 597 diximus,
3325 538 3430 580 su-

1896 610 2088 672 mitur
2115 630 2192 672 ex
2222 611 2536 674 communi
2566 612 2980 674 {estimatione
3008 612 3126 673 fori
3150 613 3431 692 (loquen-

1898 701 1978 764 do
2002 703 2078 763 de
2108 705 2309 781 pretio
2338 702 2607 782 vulgari)
2638 722 2763 784 qua
2815 704 2879 765 in
2928 706 3069 774 foro
3125 706 3283 767 solet
3325 723 3430 766 res

1898 796 2315 859 communiter
2341 797 2530 857 vendi
2572 801 2634 859 et
2671 797 2987 859 aestimari.
3073 800 3226 860 Cum
3274 815 3426 877 ergo

1894 906 2136 950 merces
2153 890 2271 951 illae
2289 907 2413 951 non
2440 888 2622 951 aliter
2657 890 2843 951 vendi
2881 910 3083 972 neque
3128 890 3427 953 aestimMi

1895 981 2138 1042 soleant
2151 982 2214 1041 in
2244 982 2461 1043 ordine
2489 981 2571 1041 ad
2592 985 2948 1045 contractus
2969 983 3424 1060 humanos,nisi

1892 1074 1998 1135 illo
2029 1075 2252 1154 preti0,
2277 1094 2399 1155 quo
2412 1074 2649 1136 credito
2680 1077 3223 1154 venduntur‚illud
3255 1076 3425 1138 aesti-

1896 1167 2199 1228 mandum
2228 1168 2347 1230 erit
2391 1168 2632 1247 justum
2678 1170 2947 1247 pretium
2990 1171 3210 1232 talium
3265 1188 3425 1230 mer·

1898 1259 2085 1321 cium.
2122 1263 2255 1322 Hoc
2286 1260 2475 1321 etiam
2518 1260 2771 1322 difficile
2801 1261 2935 1322 aliis
2963 1262 3232 1339 videtur,
3280 1262 3427 1342 quia

1895 1354 2167 1432 pretium
2192 1352 2430 1434 justum
2460 1357 2522 1415 et
2548 1354 2725 1415 valor
2752 1354 2843 1414 rei
2900 1359 3015 1432 est,
3070 1357 3287 1435 quanti
3317 1373 3422 1434 pe-

1896 1446 2080 1506 cunia
2101 1446 2395 1525 praesenti
2416 1464 2515 1507 res
2544 1446 2651 1506 illa
2679 1446 2979 1507 aestimari
3008 1452 3069 1509 et
3086 1448 3424 1526 vendipos-

1893 1542 1989 1599 set
2020 1559 2035 1612 3
2069 1557 2145 1599 ex
2165 1538 2461 1599 dilatione
2492 1538 2658 1599 enim
2677 1539 2831 1612 sola,
2851 1540 2950 1601 vel
2966 1540 3249 1602 absentia
3277 1559 3421 1619 pre-

1893 1630 1960 1692 tii
1990 1649 2115 1692 non
2171 1636 2375 1710 potest
2429 1632 2701 1710 pretium
2744 1633 2959 1712 augeri
3015 1634 3148 1694 sine
3192 1652 3418 1695 usura:

1894 1741 2038 1784 cum
2066 1743 2217 1802 ergo
2248 1742 2491 1785 merces
2511 1725 2632 1785 illae
2654 1726 2923 1803 pecunia
2936 1728 3230 1805 praesenti
3259 1745 3420 1786 nun-

1891 1834 2081 1895 quam
2116 1818 2273 1878 tanti
2304 1817 2754 1894 venderentur,
2777 1818 3061 1898 sequitur
3089 1818 3255 1897 quod
3286 1837 3423 1898 pre-

1888 1908 2212 1970 tiumillud
2233 1909 2475 1988 justum
2522 1927 2648 1971 non
2699 1911 2800 1987 sit,
2836 1911 3007 1991 quod
3064 1912 3286 1973 crescit
3345 1930 3422 1971 ex

1891 2001 2023 2062 sola
2062 2002 2363 2063 dilatione
2402 2002 2728 2064 solutionis
2757 2021 2949 2081 supra
2986 2002 3050 2064 id
3086 2003 3256 2082 quod
3310 2021 3421 2084 pe-

1890 2093 2076 2155 cunia
2096 2095 2390 2174 praesenti
2423 2095 2684 2157 valeret.

1968 2187 2115 2249 Ideo
2146 2188 2250 2248 alii
2280 2189 2464 2250 tertio
2496 2188 2732 2264 dicunt,
2766 2188 3038 2267 pretium
3085 2188 3239 2250 illud
3287 2190 3419 2269 jus-

1889 2283 2023 2342 tum
2051 2299 2211 2357 esse,
2246 2281 2394 2362 quia
2421 2299 2549 2342 non
2577 2281 2824 2343 excedit
2878 2281 2941 2341 id
2997 2300 3122 2361 quo
3178 2301 3420 2345 merces

1887 2374 2311 2434 venderentur
2356 2373 2624 2453 pecunia
2689 2375 3004 2452 praesent1‚
3063 2375 3114 2436 si
3198 2393 3422 2438 revera

1885 2470 2200 2546 emptores
2227 2466 2560 2545 pecuniam
2589 2470 2964 2544 praesentem
2994 2467 3319 2545 haberent,
3337 2468 3420 2529 ad

1887 2558 2023 2619 illas
2061 2558 2384 2635 emendaS,
2429 2558 2587 2619 tanti
2641 2558 2807 2618 enim
2862 2558 3307 2636 venderentur,
3359 2565 3422 2623 et

1885 2651 2079 2731 pluris
2099 2651 2178 2712 ab
2199 2651 2480 2730 ipsismet
2498 2651 2883 2729 emptoribus
2902 2656 3120 2730 postea
3140 2653 3419 2714 vendun-

1885 2747 1989 2805 tur
2013 2744 2283 2824 pecunia
2314 2743 2628 2823 praesenti.
2680 2746 2799 2806 Per
2836 2744 3128 2807 accidens
3175 2749 3409 2824 autem,

1886 2836 2035 2915 quia
2089 2837 2268 2900 deest
2335 2836 2606 2916 pecunia
2686 2855 2962 2917 praesens
2984 2883 3000 2916 ‚
3059 2838 3417 2901 venditores

1886 2934 2106 3011 sponte
2135 2930 2491 2992 concedunt
2534 2929 2717 3010 pretii
2776 2930 3163 3009 dilationem,
3220 2950 3300 2993 ne
3341 2950 3418 2994 ea

1885 3024 2213 3087 occasione
2254 3026 2568 3101 emptores
2623 3023 3089 3099 deterreantur;
3123 3043 3248 3087 non
3281 3026 3419 3107 qui-

1885 3120 2031 3181 dem
2075 3116 2673 3198 augendopretium,
2706 3116 2818 3177 sed
2865 3117 3194 3180 retinendo
3248 3118 3418 3180 idem

1885 3212 2179 3293 pretium,
2216 3210 2386 3290 quod
2423 3214 2611 3271 antea
2663 3228 2904 3271 merces
2959 3210 3297 3289 habebant,
3356 3215 3419 3275 et

1886 3302 2294 3369 concedendo
2337 3302 2703 3365 dilationem
2755 3303 2961 3382 pretii,
3022 3322 3099 3365 ne
3145 3305 3418 3384 pretium

1885 3398 2212 3460 decrescat
2223 3395 2304 3456 ob
2324 3395 2759 3472 impotentiam
2783 3396 3066 3457 solvendi
3083 3397 3416 3476 pecuniam

1884 3493 2280 3572 praesentem.
2312 3490 2462 3549 Haec
2502 3487 2695 3549 etiam
2721 3488 2881 3549 ratio
2939 3489 3209 3551 difficilis
3236 3490 3416 3551 vide-

1884 3590 2007 3661 tur,
2040 3583 2210 3663 quia,
2243 3586 2313 3644 ut
2339 3599 2530 3661 supra
2557 3581 3130 3661 vidimus,pretium
3154 3583 3433 3662 vulgare·

1885 3696 1961 3737 ex
2009 3674 2395 3737 abundantia
2448 3674 2779 3751 mercium,
2819 3678 2882 3736 et
2909 3692 2985 3734 ex
3015 3676 3278 3754 penuria
3306 3695 3417 3755 pe-

1886 3769 2085 3831 cunioe
2126 3768 2487 3829 decrescet:
2530 3767 2690 3829 velle
2741 3785 2892 3845 ergo
2946 3767 3218 3829 retinere
3264 3787 3413 3847 pre-

1882 3863 2041 3926 tium
2093 3862 2354 3941 vulgare
2410 3860 2739 3941 antiquum
2795 3860 2984 3921 etiam
3036 3861 3412 3923 adveniente

1883 3955 2110 4036 majori
2136 3955 2318 4034 copia
2345 3953 2649 4014 mercium
2707 3955 2769 4014 et
2821 3953 3085 4032 penuria
3128 3953 3411 4033 pecuniae

1882 4050 1963 4112 ad
2045 4067 2153 4110 eas
2231 4045 2710 4125 comparandae,
2791 4046 2945 4106 nihil
3039 4046 3211 4107 aliud
3269 4048 3409 4125 erit,

1883 4159 2072 4222 quam
2127 4141 2286 4201 velle
2330 4140 2601 4201 retinere
2658 4139 2953 4217 pretium,
3007 4142 3183 4219 quod
3226 4145 3415 4202 antea

100 4263 236 4311 innn-
271 4231 412 4292 tinm
453 4234 545 4294 rei
564 4234 907 4295 aestimatur
928 4253 1050 4314 quo
1079 4235 1142 4295 in
1173 4236 1277 4295 illo
1308 4236 1620 4297 vendendi
1648 4257 1781 4299 mo-
1871 4237 2111 4317 justum
2141 4238 2295 4310 erat,
2321 4237 2384 4294 et
2403 4233 2537 4313 jam
2566 4233 2629 4293 in
2655 4232 2750 4292 his
2774 4232 3260 4295 circumstantiis
3280 4233 3411 4311 jus-

100 4317 235 4366 ffl‘ss·
273 4324 362 4402 do,
383 4329 445 4387 et
470 4326 668 4387 inillis
695 4326 1181 4389 circumstantiis
1207 4329 1395 4389 vendi
1424 4330 1583 4391 solet
1603 4350 1616 4391 ε
1635 4348 1781 4391 cum
1875 4336 2010 4393 tum
2039 4347 2166 4389 non
2194 4330 2379 4404 esset,
2412 4331 2474 4389 et
2490 4326 2573 4388 ad
2601 4326 2721 4388 hoc
2751 4325 3001 4386 differre
3034 4327 3408 4389 solutionem

100 4381 221 4420 m

220 4409 232 4422 ⁶
269 4436 403 4496 ergo
431 4420 496 4479 in
524 4419 641 4479 illis
670 4419 1178 4497 circumstantiis,
1240 4426 1300 4483 et
1342 4421 1447 4483 illo
1504 4424 1777 4484 venden-
1875 4423 2081 4504 pretii,
2113 4422 2205 4485 uti
2223 4424 2479 4502 propter
2507 4420 2870 4483 dilationem
2883 4420 3118 4500 gradus
3134 4421 3235 4481 ille
3264 4438 3409 4500 pre-

270 4509 325 4569 di
354 4511 564 4588 modo,
594 4531 836 4596 merces
887 4513 1045 4575 tanti
1092 4514 1279 4575 vendi
1329 4514 1590 4591 soleant,
1624 4517 1776 4578 illud
1874 4518 1943 4579 tii
1973 4519 2399 4579 conservetur.

267 4606 684 4666 ‘estimandum
714 4605 834 4667 erit
877 4606 1147 4685 pretium
1185 4606 1428 4687 justum
1456 4608 1518 4667 in
1547 4609 1654 4669 illo
1683 4610 1777 4671 fo-
1957 4613 2217 4689 Propter
2241 4609 2379 4670 haec
2402 4611 2610 4689 potest
2662 4626 2797 4670 esse
2848 4611 3108 4689 quartus
3152 4607 3400 4686 moduS,
3555 4613 3669 4675 107

267 4714 348 4757 ro.
381 4700 523 4758 Haee
554 4704 762 4760 tamen
790 4699 974 4776 rati0‚
1000 4700 1118 4760 nisi
1144 4700 1347 4784 magis
1404 4701 1768 4780 explicetur,
1873 4704 1979 4784 qui
2008 4706 2270 4765 fortasse
2298 4701 2361 4762 in
2390 4701 2558 4762 idem
2587 4702 2794 4780 reipsa
2834 4702 3095 4779 recidat,
3129 4701 3242 4763 sed
3270 4719 3407 4761 ma-
3493 4739 3590 4783 Au,
3608 4741 3711 4783 Μία

263 4789 498 4852 videtur
524 4791 790 4853 difficilis
814 4812 830 4863 ;
851 4793 1001 4871 quia
1029 4792 1146 4854 hac
1175 4794 1417 4854 ratione
1445 4795 1656 4856 omnia
1672 4814 1772 4857 ca-
1869 4798 1966 4876 gis
1995 4796 2262 4876 explicet
2287 4795 2771 4874 praecedentem,
2805 4794 2889 4855 ad
2944 4796 3405 4857 defenedndam
3453 4795 3752 4890 ΡωΡῗΡῑῑῖΜῑ

263 4882 378 4942 rius
409 4884 589 4944 vendi
625 4891 884 4964 possent
938 4886 1130 4946 dilata
1175 4887 1486 4948 solutione
1543 4889 1766 4966 pretii:
1864 4888 2347 4969 justitiamillius
2360 4887 2562 4966 pretii.
2590 4887 2987 4968 Etimprimis
3009 4888 3406 4951 verissimum
3483 4861 3641 4904 ⁰¹⁹¹oe
3659 4861 3724 4894 ω’

262 4974 317 5034 ἰιι
344 4976 631 5037 illisenim
651 4979 1158 5056 circumstantiiS,
1196 4979 1339 5042 etin
1370 4980 1472 5040 illo
1494 4982 1775 5042 venden-
1873 4982 2153 5061 estquod
2196 4985 2492 5042 notarunt
2542 4983 2712 5042 Less.
2748 4985 2811 5043 et
2838 4983 3036 5057 Salas,
3095 4987 3407 5044 mercato-

261 5065 317 5125 di
341 5070 523 5129 modo
549 5070 752 5149 majus
781 5072 1053 5150 pretium
1093 5090 1344 5150 semper
1389 5072 1767 5153 invenietur,
1871 5094 1972 5136 res
1993 5076 2057 5134 in
2086 5075 2193 5135 illa
2226 5075 2524 5136 dilatione
2541 5074 2725 5152 pretii
2754 5075 3405 5137 incommodumcom-

262 5177 442 5237 quam
458 5163 715 5239 pecunia
745 5170 1097 5226 numerata.
1871 5168 2146 5229 muniter
2172 5167 2327 5247 pati,
2359 5167 2458 5228 vel
2486 5167 2642 5227 lucri
2669 5168 2993 5244 cessantis,
3018 5169 3120 5229 vel
3146 5168 3407 5248 periculi

335 5253 479 5314 Ideo
516 5256 614 5316 alii
661 5257 941 5317 secundo
987 5258 1276 5335 probant,
1325 5259 1471 5338 quia
1531 5260 1773 5339 justum
1873 5265 1936 5323 et
1983 5261 2287 5323 molestiae
2316 5260 2379 5320 in
2408 5260 2862 5339 recuperando.
2915 5262 3041 5322 Sed
3097 5262 3404 5341 quidquid

259 5346 516 5423 pretium
544 5349 629 5409 rei
661 5354 758 5411 est
783 5350 939 5410 illud
969 5369 1091 5431 quo
1122 5369 1222 5411 res
1256 5352 1606 5414 secundum
1635 5372 1771 5417 mo·
1871 5354 1950 5415 sit
1977 5354 2056 5414 de
2078 5353 2219 5430 hoc,
2254 5355 2317 5415 et
2343 5356 2413 5415 ut
2438 5353 2599 5416 ratio
2629 5353 2832 5432 magis
2870 5353 3242 5415 universalis
3299 5356 3399 5432 sit,

261 5436 406 5497 dum
433 5457 845 5519 communem,
878 5462 1000 5523 quo
1023 5444 1204 5524 juxta
1250 5447 1768 5528 suamxconditio-
1869 5447 2210 5509 insistendo
2241 5446 2561 5526 principiis
2603 5466 2793 5526 supra
2820 5447 3086 5526 traditis,
3120 5447 3246 5510 dici
3290 5468 3405 5528 po-

260 5548 399 5590 nem
427 5535 603 5596 vendi
626 5540 857 5614 potest,
891 5537 1050 5599 solet
1072 5540 1490 5602 communiter
1537 5540 1763 5601 vendi:
1866 5544 1990 5603 test
2017 5541 2289 5620 pretium
2316 5541 2576 5619 vulgare
2599 5540 2841 5619 justum
2885 5541 3130 5604 desumi
3167 5560 3242 5602 ex
3290 5561 3403 5602 va-
