4263 6376
670 315 708 374 6
1826 316 1929 376 DE
1970 316 2326 378 JUSTITIA
2370 319 2470 378 ΕΤ
2511 319 2711 379 JURE

426 492 497 548 7⁴
753 491 1044 552 Secunda
1069 491 1399 553 difficultas
1429 510 1563 553 esse
1591 496 1814 572 potest,
1847 510 1926 552 an
1948 493 2028 552 ad
2058 492 2205 553 irre-

2303 493 2367 553 in
2412 494 2781 572 legatarium
2824 513 2900 554 ex
2939 495 3261 555 voluntate
3306 493 3620 571 praeterita
3650 496 3832 554 testa-

354 614 525 664 Noffli„
553 618 596 656 ,ι
673 584 1136 645 vocabilitatem
1181 585 1611 665 promissionis
1634 632 1649 662 ,
1707 586 1809 645 vel
1850 585 2204 646 donationis
2300 586 2453 647 toris
2483 586 2760 647 nondum
2790 591 3103 647 revocata.
3133 585 3365 647 Poterit
3389 604 3538 664 ergo
3568 585 3837 645 donator

326 668 620 776 &⁸322ssst
669 677 1026 756 requiratur
1053 696 1178 738 non
1210 678 1411 738 solum
1440 679 1785 757 acceptatio
1812 725 1827 753 ,
1873 678 1984 738 sed
2015 678 2202 739 etiam

343 786 398 817 tn
415 774 604 838 requira-
669 768 976 829 intimatio
1006 771 1475 850 acceptationis,
1527 789 1638 830 seu
1668 770 1835 849 quod
1858 771 2202 849 acceptatio

325 831 622 880 tum-emisam
668 862 879 921 veniat
904 861 985 921 ad
1015 862 1300 924 notitiam
1329 863 1748 942 promittentis
1774 910 1788 937 ,
1835 864 1935 922 vel
1966 863 2206 924 donan-

667 953 788 1015 tis?
840 955 930 1013 De
974 954 1096 1015 hoc
1123 959 1335 1015 tamen
1366 955 1634 1015 diximus
1664 955 1896 1034 disput.
1929 954 2201 1033 praeced.

669 1050 820 1106 sect.
881 1062 975 1106 111.
1026 1046 1136 1107 ubi
1182 1046 1579 1109 distinximus
1635 1048 1798 1109 inter
1849 1051 2205 1108 contractus

669 1156 988 1214 oner0505,
1024 1143 1086 1200 et
1113 1140 1441 1217 gratuito&
1464 1144 1526 1200 et
1545 1141 1607 1200 in
1638 1140 1917 1200 onerosis
1937 1140 2208 1200 diximus

668 1230 733 1292 id
761 1231 1037 1311 requiri,
1095 1249 1223 1291 non
1254 1231 1317 1291 in
1346 1232 1635 1310 gratuitis
1659 1278 1674 1308 ,
1709 1237 1771 1292 et
1799 1232 2209 1311 explicuimus

670 1322 897 1401 quibus
926 1323 991 1383 in
1021 1323 1271 1384 casibus
1301 1323 1490 1385 etiam
1519 1324 1579 1383 in
1608 1324 2035 1384 contractibus
2066 1341 2209 1384 one·

667 1415 825 1475 rosis
872 1433 997 1475 non
1044 1415 1401 1494 requiratur
1442 1415 1522 1475 ad
1564 1415 2015 1495 perfectionem
2061 1433 2212 1476 con-

669 1510 904 1567 tractus
927 1553 944 1582 ,
997 1507 1164 1586 quod
1196 1509 1544 1586 acceptatio
1573 1510 1784 1569 veniat
1815 1508 1897 1569 ad
1927 1508 2211 1569 notitiam

671 1599 947 1661 alterius,
1000 1600 1158 1661 Vide
1188 1618 1328 1679 quae
1357 1600 1440 1661 ibi
1472 1601 1640 1662 dicta
1686 1606 1831 1663 sunt
1876 1620 1953 1660 ne
1983 1601 2209 1662 iterum

673 1694 1058 1771 repetantur.

753 1783 965 1845 Tertia
991 1784 1325 1846 difficultas
1355 1789 1488 1863 est,
1524 1804 1603 1845 an
1635 1791 1881 1848 mortuo
1913 1786 2209 1848 donante.

400 1919 562 1962 nomm
675 1876 775 1935 vel
798 1877 1200 1953 promittente
1230 1881 1375 1939 ante
1423 1879 1922 1958 acceptationem
1947 1924 1962 1954 ,
2018 1876 2217 1956 possit

330 1973 522 2024 donanto·
559 1971 627 2015 vel
678 1968 1041 2029 donatarius
1067 2015 1082 2045 ,
1144 1969 1245 2028 vel
1295 1970 1735 2048 promissarius
1762 1974 1980 2051 postea
2009 1969 2216 2029 valide

345 2028 625 2082 prominente,

373 2080 584 2189 faffiffi‘
677 2064 1006 2140 acceptare
1024 2062 1053 2122 ἱ)
1085 2062 1293 2123 Prima
1321 2065 1631 2125 sententia
1659 2067 1868 2142 negat,
1904 2080 2094 2142 quam
2121 2067 2215 2123 te·

424 1796 501 1854 75

678 2158 831 2214 nent
858 2156 1115 2232 Gregor.
1140 2157 1366 2233 Lopez‚
1393 2156 1807 2236 TiraquelluS,
1831 2156 2080 2229 PauluS,
2106 2156 2222 2214 De-

682 2246 813 2307 cius
836 2291 851 2321 ,
910 2246 1203 2307 Azebedo
1236 2293 1250 2322 ‚
1312 2251 1374 2308 et
1400 2248 1504 2309 alii
1535 2250 1744 2328 plures
1769 2295 1783 2324 ‚
1846 2266 2002 2327 quos
2029 2248 2222 2307 refert

683 2337 966 2400 Sauchez
996 2339 1162 2400 dicta
1193 2339 1352 2420 disp.
1388 2357 1473 2402 vl.
1525 2360 1632 2402 nu.
1665 2346 1725 2402 5.
1772 2342 1920 2420 quia
1960 2358 2083 2401 non
2111 2357 2226 2420 po-

683 2435 806 2493 test
833 2431 1123 2493 voluntas
1164 2433 1547 2512 acceptantis
1575 2433 1741 2493 uniri
1770 2452 1912 2492 cum
1940 2433 2226 2494 volunta-

684 2528 748 2586 te
779 2524 1076 2601 defuncti,
1099 2542 1242 2585 cum
1264 2526 1400 2604 jam
1422 2545 1546 2587 non
1566 2526 1666 2588 sit.
1693 2526 1816 2586 Alii
1845 2526 2062 2587 dieunt
2085 2545 2225 2605 pos·

688 2634 792 2689 se,
843 2616 895 2677 si
924 2617 1203 2677 notarius
1234 2618 1484 2678 nomine
1524 2618 1833 2679 donatarii
1862 2623 2226 2697 acceptave-

688 2713 807 2771 rat.
841 2711 934 2769 Ita
963 2711 1030 2770 P.
1065 2710 1297 2771 Melina
1324 2715 1475 2772 tom.
1499 2728 1569 2773 11.
1604 2712 1769 2772 dicta
1799 2712 1958 2789 disp.
1991 2715 2130 2772 264.
2165 2713 2221 2789 g.

689 2801 879 2863 Juxta
904 2800 1176 2862 hactenus
1204 2802 1395 2877 dicta,
1453 2822 1598 2865 cum
1626 2803 1764 2864 aliis
1786 2850 1800 2879 ,
1854 2821 2010 2883 quos
2038 2804 2232 2865 refert

695 2894 862 2955 idem
896 2893 1178 2955 Sanchez
1206 2895 1343 2956 loco
1376 2897 1587 2957 citato.

775 2987 1198 3063 Communior,
1234 2993 1295 3049 et
1323 2989 1708 3066 probabilior
1746 2990 2053 3052 sententia
2097 2990 2231 3052 uni-

695 3079 1022 3140 versaliter
1048 3080 1340 3155 affirmat,
1389 3100 1578 3161 quam
1619 3086 1834 3143 tenent
1879 3101 2022 3143 cum
2067 3083 2227 3158 aliis»,

698 3188 856 3252 quos
883 3173 1173 3248 afferunt,
1209 3174 1488 3236 Sanchez
1517 3175 1625 3253 ibi,
1661 3177 1831 3238 Lesa
1857 3175 1964 3241 lib.
1988 3177 2062 3238 ΙΙ.
2088 3195 2227 3256 cap.

698 3282 880 3327 xvln.
941 3265 1092 3328 dub.
1128 3283 1214 3327 vl.
1275 3286 1448 3328 num.
1497 3272 1597 3330 45.
1657 3269 2002 3331 Turrianus
2067 3270 2229 3348 disp.

699 3360 912 3420 LXIV.
947 3357 1099 3421 dub.
1139 3375 1199 3423 v.
1234 3378 1406 3420 num.
1440 3364 1500 3422 6.
1536 3360 1642 3439 qui
1674 3361 1937 3438 addunt,
1987 3364 2108 3424 hoc
2138 3363 2237 3422 in-

704 3450 901 3528 telligi
942 3449 1192 3529 quando
1241 3451 1494 3514 donatio
1537 3453 1702 3515 facta
1747 3455 1949 3516 fuerat
1990 3455 2233 3533 abipso

706 3543 1001 3617 donante,
1054 3559 1179 3602 non
1218 3561 1366 3604 vero
1399 3546 1651 3624 quando
1680 3546 1993 3607 commisit
2018 3547 2235 3608 nuntio

627 3716 631 3720 .
707 3635 806 3696 vel
851 3634 1121 3711 famulo,
1157 3640 1225 3696 ut
1269 3636 1401 3715 ipse
1449 3637 1584 3716 ejus
1631 3638 1880 3698 nomine
1929 3639 2233 3712 donaret3

705 3731 854 3790 tunc
884 3727 1050 3787 enim
1070 3733 1358 3789 censetur
1376 3730 1580 3790 solum
1617 3731 1984 3791 mandatum
2005 3777 2021 3808 ,
2068 3731 2239 3811 quod

709 3821 951 3899 expirat
976 3825 1175 3882 morte
1205 3822 1582 3898 mandantiS,
1615 3823 1730 3883 nisi
1760 3824 1977 3885 fuisset
1996 3824 2076 3884 ad
2097 3843 2241 3885 cau-

708 3932 843 3974 sam
870 3914 1061 3994 piam,
1095 3932 1217 3994 quo
1248 3933 1397 3976 casu
1425 3933 1828 3994 perseverare
1857 3921 2146 3978 censetur
2159 3915 2240 3978 ob

710 4006 992 4067 favorem
1021 4025 1226 4068 eausae
1257 4008 1396 4086 piae.

792 4101 911 4159 Pro
959 4098 1145 4178 hujus
1188 4098 1489 4161 doctrinae
1538 4101 1906 4179 probatione
1953 4101 2233 4178 adverto,

710 4194 913 4254 totum
957 4192 1078 4252 hoc
1123 4191 1186 4251 in
1232 4192 1441 4270 rigore
1488 4193 1761 4272 pendere
1793 4213 1866 4254 ex
1893 4194 2238 4255 intentione

711 4289 776 4346 et
814 4285 1133 4346 voluntate
1163 4284 1580 4363 promittentis
1623 4286 1721 4345 vel
1751 4287 2075 4362 donantis,
2133 4286 2237 4367 qui

711 4380 918 4456 potest
947 4376 1281 4438 extendere
1310 4378 1408 4437 vel
1438 4378 1815 4457 restringere
1832 4380 2240 4441 intentionem

711 4488 913 4546 suam,
945 4470 1031 4530 ita
1061 4474 1129 4531 ut
1157 4473 1297 4548 post
1324 4488 1502 4530 suam
1533 4472 1723 4533 etiam
1743 4477 2009 4534 mortem
2031 4491 2243 4553 perse-

709 4568 906 4640 veret,
937 4563 1036 4623 vel
1064 4581 1187 4623 non
1216 4568 1575 4641 perseveret
1600 4564 1887 4625 voluntas
1938 4565 2238 4642 donandi,

710 4656 810 4716 vel
856 4656 1177 4734 obligandi
1204 4674 1291 4716 se.
1349 4658 1557 4719 Potest
1596 4659 1806 4737 itaque
1837 4658 2103 4720 donator
2133 4659 2246 4719 ha·-

709 4748 862 4810 bere
890 4749 1169 4808 animum
1199 4748 1476 4810 donandi
1507 4754 1569 4812 et
1594 4750 2011 4811 transferendi
2038 4751 2244 4812 valide

711 4840 1061 4901 dominium
1085 4885 1100 4916 ‚
1184 4841 1424 4901 etiamsi
1489 4842 1852 4903 donatarius
1916 4849 2057 4921 post
2109 4843 2163 4922 ej
2176 4863 2244 4905 us

709 4938 977 4995 mortem
1019 4938 1324 5011 acceptet.
1380 4934 1557 5006 Quod
1588 4953 1624 4994 a
1652 4935 1978 5015 posteriori
2010 4936 2243 5016 colligi-

707 5031 808 5086 tur
840 5044 915 5085 ex
947 5043 1043 5102 eo,
1099 5025 1268 5105 quod
1316 5026 1394 5087 de
1436 5026 1600 5088 facto
1649 5031 1909 5089 testator
1948 5028 2112 5089 hanc
2139 5048 2244 5091 vo-

705 5118 1012 5181 luntatem
1060 5117 1251 5179 habet
1295 5119 1462 5179 circa
1505 5120 1751 5198 legata,
1818 5140 1956 5200 quae
1986 5122 2242 5200 quidem

705 5230 746 5271 a
788 5210 1107 5289 legatariis
1162 5229 1286 5272 non
1334 5218 1778 5291 acceptantur,
1826 5232 1940 5275 nec
1985 5216 2240 5294 quidem

707 5303 989 5365 notitiam
1020 5322 1239 5365 eorum
1268 5304 1503 5367 habent
1529 5307 1922 5384 regulariter,
1956 5307 2070 5368 nisi
2098 5313 2239 5387 post

487 4104 566 4163 76

703 5400 974 5457 mortem
1002 5398 1316 5459 testatoris
1346 5416 1362 5459 z
1396 5402 1458 5459 et
1486 5403 1695 5460 tamen
1722 5399 1924 5478 posita
1953 5405 2100 5462 tunc
2131 5419 2238 5462 ac-

704 5490 1077 5569 ceptatione,
1109 5491 1479 5552 transfertur
1507 5491 1854 5552 dominium
1881 5491 1971 5553 rei
2012 5493 2234 5573 legatae

2303 678 2568 737 similem
2589 679 2977 739 voluntatem
3008 678 3240 738 habere
3258 677 3508 757 quando
3535 677 3749 752 donat,
3768 680 3837 736 ut

2304 771 2522 831 efficax
2563 771 2641 831 sit
2687 771 2766 830 ad
2805 770 3314 832 transferendum
3361 770 3714 831 dominium
3744 768 3837 827 rei

2305 864 2574 939 donatae,
2608 864 2846 924 etiamsi
2895 863 3140 923 nonnisi
3169 867 3310 943 post
3344 882 3523 923 suam
3570 866 3836 923 mortem

2306 955 2668 1017 donatarius
2714 956 2888 1030 sciat,
2941 959 3004 1015 et
3056 959 3341 1032 acceptet
3394 955 3831 1024 donationem;

2306 1066 2430 1109 non
2479 1048 2647 1108 enim
2686 1052 2950 1127 apparet
2986 1047 3359 1124 differentia,
3404 1046 3719 1126 loquendo
3759 1046 3836 1105 de

2306 1141 2608 1220 possibili,
2641 1159 2754 1201 cur
2780 1140 3071 1201 voluntas
3095 1139 3408 1201 testatoris
3440 1140 3604 1199 hanc
3634 1138 3837 1198 effica-

2308 1233 2471 1293 ciam
2517 1232 2769 1305 habeat,
2804 1235 2868 1292 et
2899 1232 3189 1293 voluntas
3228 1231 3518 1293 donantis
3546 1248 3671 1292 non
3700 1240 3841 1310 pos-

2308 1325 2388 1385 sit
2414 1343 2555 1385 eam
2585 1324 2839 1385 habere.

2390 1417 2567 1478 Unde
2613 1416 2813 1478 infero
2856 1416 3081 1495 primo,
3133 1417 3293 1477 sicut
3330 1416 3530 1476 haeres
3567 1434 3692 1477 non
3726 1434 3840 1494 po·
3999 1427 4085 1486 ’Π

2309 1512 2431 1570 test
2483 1526 2781 1568 revocare
2824 1508 3212 1569 voluntatem
3263 1509 3580 1570 testatoris
3629 1507 3839 1588 quoad
3917 1551 4176 1593 amm

2307 1602 2515 1680 legata
2535 1647 2552 1674 ,
2605 1600 2696 1661 sic
2724 1619 2839 1661 nec
2868 1619 3049 1680 posse
3079 1618 3375 1662 revocare
3407 1601 3836 1675 donationem,
3890 1609 4197 1699 νοωῑωψῡ·

2311 1698 2420 1755 aut
2447 1693 2925 1774 promissionem
2955 1693 3299 1754 adefuncto
3321 1694 3572 1770 factam,
3600 1692 3844 1754 etiamsi
3891 1668 4198 1762 ιῗιῗὶωῖρῖ·

2311 1787 2592 1847 nondum
2621 1786 2702 1847 sit
2739 1804 2776 1845 a
2818 1786 3146 1849 donatario
3174 1787 3271 1846 vel
3318 1786 3717 1864 promissario
3746 1804 3846 1846 ac·
3964 1769 4151 1806 nonem.

2313 1882 2580 1956 ceptata.
2640 1878 2818 1939 Ratio
2850 1883 3059 1940 autem
3091 1883 3186 1939 est
3231 1878 3453 1938 eadem
3483 1878 3543 1938 in
3575 1882 3845 1957 utroque

2314 1990 2462 2032 casu
2496 1991 2510 2031 ε
2538 1971 2685 2050 quia
2734 1971 2880 2032 licet
2910 1972 3110 2032 haeres
3138 1973 3543 2050 repraesentet
3570 1970 3844 2031 defuncti

2314 2067 2876 2143 personam,atque
2907 2064 3050 2124 ideo
3080 2064 3276 2142 possit
3304 2062 3849 2141 disponerelibere

2316 2157 2394 2217 de
2414 2156 2597 2217 bonis
2626 2156 2928 2232 defuncti,
2963 2157 3123 2217 sicut
3149 2156 3281 2234 ipse
3304 2155 3632 2216 defunctus
3677 2158 3850 2234 pote-

2317 2253 2436 2325 rat,
2486 2248 2652 2308 unde
2694 2249 2944 2309 videtur
2988 2248 3157 2328 quod
3188 2248 3350 2308 sicut
3374 2247 3704 2308 defunctus
3744 2264 3853 2326 po-

2317 2345 2486 2402 terat
2536 2360 2832 2402 revocare
2883 2341 3286 2403 donationem
3337 2344 3480 2400 ante
3528 2338 3846 2400 donatarii

2324 2435 2843 2511 acceptationem,
2876 2434 2966 2494 sic
2996 2433 3187 2494 etiam
3218 2432 3281 2492 id
3312 2433 3506 2510 possit
3533 2434 3733 2493 haeres
3760 2433 3855 2493 fa-

2321 2543 2461 2586 cere
2495 2545 2509 2584 :
2541 2526 2605 2584 id
2634 2530 2847 2587 tamen
2874 2544 2998 2587 non
3030 2530 3125 2587 est
3151 2524 3590 2587 universaliter
3608 2543 3849 2600 verum,

2321 2618 2432 2679 sed
2478 2636 2622 2678 cum
2660 2619 3027 2680 limitatione
3061 2639 3076 2679 ε
3125 2619 3271 2698 quia
3319 2618 3518 2678 haeres
3546 2621 3752 2696 potest
3779 2618 3857 2677 li-

2322 2711 2472 2770 bere
2516 2710 2884 2790 disponere,
2944 2716 3008 2773 et
3057 2711 3247 2772 habet
3291 2714 3663 2789 potestatem
3700 2710 3859 2770 libe-

2325 2822 2461 2863 ram
2491 2802 2787 2880 defuncti,
2838 2805 3016 2883 quus
3061 2821 3393 2882 personam
3420 2806 3856 2882 repraesentat,

2326 2896 2388 2955 in
2419 2895 2494 2955 iis
2521 2895 2724 2956 solum
2752 2896 2813 2955 in
2846 2896 3073 2975 quibus
3094 2895 3422 2956 defunctus
3446 2913 3623 2955 suam
3645 2894 3865 2954 volun-

2326 2992 2520 3049 tatem
2550 2992 2613 3048 et
2637 2987 3109 3067 dispositionem
3137 3006 3263 3047 non
3291 2987 3598 3066 expressit
3635 3002 3648 3048 ε
3675 2986 3865 3047 debet

2330 3080 2497 3140 enim
2525 3080 2728 3140 haeres
2756 3081 3142 3141 voluntatem
3186 3080 3461 3141 defuncti
3509 3080 3772 3140 illaesam
3802 3082 3867 3140 et

2330 3173 2696 3234 inviolatam
2750 3192 3038 3250 servare,
3098 3192 3214 3234 nec
3259 3173 3450 3234 habet
3487 3176 3863 3253 potestatem

2332 3284 2521 3345 quam
2576 3266 2908 3328 defunctus
2963 3266 3240 3328 habebat
3293 3266 3633 3327 revocandi
3683 3284 3862 3325 suam

2330 3359 2716 3420 voluntatem
2756 3378 2769 3419 ε
2821 3377 3015 3438 quare
3072 3360 3231 3420 sicut
3273 3378 3394 3420 non
3443 3363 3648 3437 potest
3672 3363 3864 3419 testa-

2332 3454 2613 3511 mentum
2660 3469 2954 3512 revocare
3010 3452 3218 3530 quoad
3274 3451 3543 3530 aliquid,
3586 3451 3733 3513 licet
3759 3451 3865 3511 de-

2333 3544 2583 3604 functus
2610 3543 2672 3603 id
2703 3543 2909 3604 facere
2941 3549 3154 3623 posset
3182 3545 3230 3603 si
3263 3543 3728 3623 supervixisset,
3777 3543 3867 3603 ita

2335 3655 2451 3697 nec
2491 3640 2694 3715 potest
2743 3638 3112 3698 donationes
3148 3638 3247 3697 vel
3288 3636 3735 3716 promissiones
3762 3636 3865 3696 de·

2335 3730 2529 3791 functi
2570 3734 2718 3791 ante
2780 3732 3276 3810 acceptationem
3331 3747 3626 3790 revocare
3650 3774 3665 3805 ‚
3723 3728 3870 3789 licet

2337 3822 2667 3883 defunctus
2722 3840 3019 3883 revocare
3064 3823 3368 3902 potuisset
3421 3842 3433 3882 ε
3485 3821 3692 3900 quoad
3748 3820 3869 3881 hoc

2338 3915 2505 3976 enim
2535 3933 2660 3976 non
2689 3915 2971 3976 succedit
2994 3915 3132 3976 loco
3162 3915 3462 3990 defuncti,
3495 3917 3606 3974 sed
3634 3913 3696 3973 in
3727 3913 3869 3973 aliis

2337 4009 2646 4083 omnibus,
2692 4007 3000 4069 servando
3029 4011 3239 4068 tamen
3283 4007 3540 4067 illaesam
3585 4006 3870 4066 volunta-

2334 4106 2464 4162 tem
2493 4100 2835 4180 quamlibet
2863 4099 3142 4161 defuncti
3171 4100 3249 4160 ab
3278 4100 3337 4178 ip
3349 4117 3416 4159 so
3464 4116 3588 4159 non
3617 4114 3870 4158 revoca-

2329 4194 2486 4254 tim.

2416 4286 2618 4347 Infero
2675 4284 2971 4361 secundo,
3033 4304 3159 4346 non
3208 4303 3342 4345 esse
3372 4284 3561 4361 idem,
3614 4284 3867 4363 quando
4037 4309 4116 4368 73

2340 4380 2581 4440 donans
2630 4379 2829 4438 solum
2891 4378 3065 4440 dedit
3116 4379 3486 4438 mandatum
3537 4378 3863 4438 donandi:
3919 4433 4020 4485 Quid
4069 4433 4104 4475 ἡ
4129 4432 4197 4473 ὼ-

2340 4490 2464 4552 quo
2511 4490 2680 4547 casu,
2731 4471 2783 4530 si
2811 4474 2955 4531 ante
2986 4470 3260 4530 mandati
3293 4469 3721 4532 executionem
3752 4470 3865 4529 do·
3917 4466 4200 4545 danim-naq·

2342 4584 2496 4627 nans
2540 4565 2864 4641 moriatur,
2909 4563 3150 4642 expirat
3193 4562 3565 4641 regulariter
3608 4564 3869 4624 manda·
3920 4546 4004 4583 ‘⁰¹¹¹
4020 4539 4196 4583 dmm·

2344 4663 2474 4720 tum
2509 4679 2522 4720 :
2576 4658 2724 4738 quia
2777 4656 3206 4718 mandatarius
3249 4656 3311 4715 in
3338 4661 3584 4717 tantum
3625 4660 3874 4735 poterat

2341 4751 2546 4811 valide
2593 4751 2850 4825 donare,
2901 4750 2968 4808 in
2998 4753 3300 4828 quantum
3332 4748 3559 4810 virtute
3588 4748 3871 4809 mandati

2341 4843 2701 4905 continebat
2726 4843 2789 4901 in
2818 4861 2885 4902 se
2919 4842 3303 4902 voluntatem
3331 4841 3687 4901 mandantis
3714 4887 3729 4917 ,
3776 4845 3873 4901 at-

2342 4955 2464 5015 que
2520 4935 2678 4995 adeo
2735 4935 2869 5014 ipso
2909 4931 3302 4995 mandatario
3333 4933 3627 5009 donante,
3660 4950 3872 4993 cense-

2340 5029 2526 5089 batur
2565 5033 2717 5089 tunc
2762 5027 3075 5087 mandans
3103 5026 3236 5105 ipse
3266 5026 3506 5086 donare
3557 5043 3570 5088 :
3621 5030 3870 5087 mortuo

2342 5126 2551 5182 autem
2579 5120 2918 5181 mandante
2942 5166 2957 5194 ,
3010 5137 3134 5180 non
3185 5123 3391 5198 potest
3417 5117 3554 5198 ejus
3582 5119 3872 5180 voluntas

2338 5219 2489 5275 tunc
2519 5213 2763 5291 operari
2797 5217 2860 5274 et
2886 5212 3067 5288 velle,
3088 5230 3280 5291 quare
3311 5229 3426 5271 nec
3441 5211 3872 5271 mandatarius

2338 5312 2545 5388 potest
2571 5307 2776 5367 valide
2806 5310 2953 5367 tunc
2981 5306 3238 5365 donare.
3273 5305 3408 5364 Dixi
3442 5310 3653 5365 tamen
3697 5323 3874 5384 requ-

2338 5401 2545 5462 lariter
2572 5399 2857 5479 expirare
2876 5398 3264 5458 voluntatem
3279 5397 3637 5459 mandantis
3658 5418 3672 5459 :
3697 5398 3866 5477 quia,

2335 5498 2406 5555 ut
2459 5512 2648 5572 supra
2694 5491 2844 5567 dixi,
2890 5490 3193 5570 potuisset
3237 5492 3545 5551 mandans
3604 5492 3762 5553 velle
3803 5496 3874 5553 ut
