4263 6376
530 4316 649 4376 156

492 4441 702 4495 Quomodo

448 4497 596 4560 debe-at
614 4496 747 4538 ratifi-

475 4562 561 4593 εει-ι
573 4555 722 4646 postea

493 4616 572 4647 con
591 4615 718 4648 casio.

689 4798 692 4801 -
797 4774 982 4835 posse
1013 4754 1198 4816 tertio
1229 4755 1510 4833 torqueri
1538 4802 1553 4832 ,
1605 4759 1668 4817 et
1709 4775 1836 4818 non
1866 4757 2155 4843 amplius,
2188 4758 2340 4819 dicit

805 398 926 458 730

809 573 976 635 enim
988 591 1061 635 co
1078 575 1415 650 nesciente,
1439 574 1608 653 apu'd
1626 574 1831 654 ipsum
1850 573 2139 653 relinqui.
2157 575 2333 650 Item,

809 667 858 727 si
887 666 1026 728 vilis
1052 685 1320 752 persona
1363 671 1621 747 repente
1669 667 1845 728 dives
1893 670 2229 752 appareat,
2278 670 2343 731 et

805 758 1044 821 versari
1070 759 1269 822 soleat
1294 759 1358 821 in
1386 760 1523 821 loco
1553 760 1662 823 ubi
1712 760 1949 823 furtum
1977 761 2215 821 factum
2244 759 2342 819 in-

806 851 1080 914 venitur.

888 947 1061 1023 Fuga
1091 962 1164 1004 ex
1201 944 1339 1006 loco
1361 990 1376 1021 ,
1440 944 1546 1006 ubi
1601 945 1895 1007 delictum
1937 948 2340 1009 commissum

808 1040 921 1113 cst,
954 1054 1079 1097 non
1110 1036 1356 1114 sufficit,
1382 1037 1434 1097 si
1462 1038 1592 1116 flat,
1627 1044 1958 1118 postquam
1987 1041 2216 1102 citatur
2241 1039 2340 1101 vel

807 1129 885 1190 de
916 1146 989 1190 eo
1015 1128 1372 1210 inquiritur,
1398 1149 1601 1210 neque
1631 1131 1874 1193 etiamsi
1895 1137 2040 1194 ante
2060 1133 2263 1212 fugiat
2281 1136 2343 1194 et

807 1221 1033 1284 citatus
1062 1222 1272 1292 statim
1316 1228 1716 1303 compareat,
1765 1226 2081 1288 sufficeret
2128 1230 2342 1289 tamen

806 1313 857 1374 si
885 1331 1012 1375 non
1041 1319 1407 1395 compareat
1435 1319 1498 1378 et
1530 1321 1864 1379 concurrat
1900 1317 2180 1379 infamia.
2215 1320 2342 1379 Nec

806 1407 996 1469 etiam
1026 1408 1256 1470 sufficit
1284 1409 1572 1471 titubatio
1602 1414 1712 1471 aut
1739 1410 2163 1487 mendacium,
2191 1412 2341 1472 dum

805 1499 1222 1576 examinatur,
1258 1500 1375 1561 nisi
1406 1502 1617 1563 adsint
1657 1502 1780 1562 alia
1823 1503 2055 1565 indicia
2085 1521 2102 1569 t
2136 1522 2340 1584 neque

804 1592 995 1657 etiam
1041 1593 1271 1656 sufficit
1314 1594 1575 1657 assertio
1619 1595 1808 1657 occisi
1853 1597 1954 1658 vel
2000 1597 2336 1673 vulnerati,

804 1685 951 1766 quia
979 1686 1114 1747 sine
1137 1685 1494 1766 juramento
1523 1690 1807 1766 testatur,
1843 1693 1906 1751 ct
1932 1690 2081 1770 quia
2109 1709 2341 1769 praesu-

800 1778 992 1841 mitur
1021 1797 1098 1840 ex
1126 1779 1268 1840 odio
1319 1781 1418 1840 vel
1461 1798 1673 1842 errore
1719 1781 1958 1844 testari.
2009 1784 2341 1845 Sufficiunt-

801 1872 982 1958 plura
1009 1872 1242 1934 indicia
1267 1873 1473 1950 simul,
1509 1892 1779 1954 quorum
1794 1875 2041 1954 singula
2071 1895 2195 1938 non
2212 1876 2340 1937 suf„

800 1961 1099 2039 ficerent3
1136 1983 1332 2045 quare
1388 1967 1648 2030 assertio
1708 1966 1982 2047 plurium
2026 1968 2340 2031 sociorum

801 2074 943 2119 oum
965 2057 1324 2137 juramento
1352 2059 1687 2123 sufficeret.
1721 2060 1862 2123 Alia
1905 2061 2087 2141 plura
2129 2080 2340 2123 exem.-

800 2149 904 2229 pla
935 2150 1130 2213 videri
1161 2155 1427 2230 possunt
1454 2152 1622 2232 apud
1651 2156 1882 2216 Anton.
1941 2157 2193 2217 Gomon.
2244 2159 2332 2218 to.

800 2243 903 2304 111.
954 2243 1186 2307 Verior.
1218 2263 1340 2306 res,
1379 2248 1476 2307 13.
1511 2247 1617 2325 qui
1648 2248 1859 2326 plures
1898 2247 2159 2327 juristae
2188 2267 2339 2311 con-

798 2335 980 2415 gerit.
1015 2338 1205 2399 Nobis
1233 2337 1370 2399 haeo
1399 2329 1683 2418 exempla
1713 2341 1836 2403 sint
1861 2341 2032 2416 satiS,
2069 2360 2338 2424 quorum

799 2432 993 2495 instar
1021 2430 1100 2491 de
1131 2431 1267 2491 aliis
1295 2429 1704 2511 judicandum
1736 2436 1867 2508 est;
1922 2452 2069 2495 nam
2118 2436 2335 2497 docto·-

800 2544 899 2586 res
927 2524 1345 2586 communiter
1371 2527 1572 2585 totum
1602 2524 1720 2587 hoo
1762 2527 2163 2590 committunt
2189 2547 2339 2607 pru-

801 2618 1028 2679 dentiae
1051 2614 1305 2697 judicis,
1341 2616 1450 2697 qui
1479 2617 1755 2694 cogitare
1802 2619 1990 2681 debet
2030 2620 2339 2683 conditio-

801 2729 945 2772 nem
974 2727 1281 2790 personoe,
1315 2712 1379 2770 et
1405 2709 1560 2771 alias
1591 2711 2091 2775 circumstantias
2114 2759 2130 2790 ,
2178 2715 2340 2776 sicut

801 2804 992 2865 etiam
1031 2802 1112 2862 ad
1160 2801 1527 2881 qualitatem
1568 2805 1848 2883 torturas,
1909 2824 2112 2887 neque
2171 2808 2339 2872 enim

801 2914 1018 2956 omnes
1048 2894 1374 2978 aequaliter
1426 2897 1706 2975 torqueri
1763 2898 2015 2976 debent,
2074 2899 2186 2960 sed
2232 2900 2337 2962 alii

799 2989 959 3069 plus,
994 2988 1100 3050 alii
1129 2988 1360 3064 minus,
1377 2977 1560 3067 Juxta
1589 3007 1948 3052 mensuram
1977 2993 2229 3070 virium,
2252 3011 2337 3054 ae-

797 3081 964 3168 tatis,
997 3079 1400 3156 fortitudinis,
1432 3081 1695 3159 timoris,
1722 3087 1819 3145 etc
1867 3085 2098 3146 indicIa
2127 3088 2338 3146 autem

799 3173 1032 3237 debent
1057 3174 1198 3254 ipsa
1240 3174 1424 3253 plene
1466 3175 1721 3260 probari
1774 3197 1888 3257 per
1927 3181 2119 3241 testes
2169 3180 2339 3241 omni

797 3269 1160 3349 exceptione
1190 3267 1483 3347 majores,
1518 3268 1794 3359 alioquin
1839 3271 1917 3332 de
1965 3272 2118 3351 ipsis
2147 3274 2337 3336 etiarn

798 3360 1043 3424 indiciis
1072 3360 1353 3422 manebit
1383 3360 1667 3423 dubium.

814 3478 820 3485 ·
875 3454 1177 3545 Torqueri
1199 3455 1344 3534 jure
1370 3471 1493 3515 non
1521 3458 1782 3532 possunt
1800 3474 2001 3535 senec,
2027 3459 2208 3538 pueri
2221 3459 2340 3520 mi-

799 3567 982 3610 nores
1012 3547 1488 3630 quatuordecim
1518 3548 1717 3625 annis,
1740 3549 1854 3609 nisi
1876 3550 1997 3612 levi
2020 3556 2335 3614 tormento

683 3662 744 3695 n.
798 3641 879 3702 ad
925 3644 1253 3716 terrorem,
1313 3640 1538 3701 mulier
1592 3640 1780 3703 etlam
1837 3661 2205 3724 praegnans,
2238 3646 2337 3706 vel

797 3735 989 3803 etiam
1035 3734 1222 3814 paulo
1280 3737 1422 3813 post
1475 3734 1902 3813 puerperium,
1941 3736 2141 3798 donec
2172 3738 2337 3800 vires

796 3830 1075 3889 resumat
1103 3826 1344 3889 nobiles
1376 3826 1566 3888 etiam
1594 3827 1846 3904 alicubi,
1881 3828 2255 3891 decuriones
2276 3834 2339 3893 et

798 3921 1088 3982 doctores
1118 3923 1182 3981 et
1208 3937 1425 3980 eorum
1457 3919 1930 3982 descendentes.
1980 3921 2048 3982 In
2078 3922 2336 3985 crimine

795 4013 1204 4085 tamen-laesae
1249 4013 1599 4091 majestatis
1643 4012 1870 4074 divinae
1898 4014 2000 4074 vel
2044 4012 2337 4075 humanae

797 4106 1036 4167 nullum
1063 4105 1459 4186 priVilegium
1490 4105 1569 4165 ad
1598 4105 1720 4166 hoc
1749 4105 2005 4184 prodest
2028 4153 2044 4184 ,
2093 4106 2214 4167 nisi
2262 4126 2338 4168 ex

798 4198 1139 4259 debilitates
1168 4202 1430 4259 naturae.

859 4289 1202 4367 Confessio
1225 4290 1288 4349 in
1318 4293 1560 4352 tortura
1589 4291 1754 4353 facta
1785 4310 1906 4353 non
1938 4292 2185 4370 probat,
2221 4292 2338 4354 nisi

797 4383 1146 4445 ratificetur
1207 4402 1248 4444 a
1301 4401 1409 4444 reo
1464 4388 1641 4446 extra
1691 4388 1998 4447 torturam
2053 4389 2337 4464 tempore

797 4475 1176 4556 competenti
1205 4479 1349 4556 post
1377 4479 1453 4536 24
1483 4476 1670 4538 horas
1705 4498 1717 4538 :
1754 4478 1924 4557 quod
1974 4478 2026 4538 si
2052 4481 2201 4540 tunc
2232 4497 2335 4539 ne·

796 4574 923 4650 get,
957 4572 1163 4659 potest
1189 4570 1417 4631 iterum
1441 4570 1744 4650 torqueri,
1778 4574 1965 4650 atquc
1985 4572 2035 4631 si
2059 4575 2208 4634 tunc
2227 4573 2337 4634 ite-

797 4682 938 4724 rum
968 4661 1341 4724 confiteatur
1387 4666 1449 4724 ct
1503 4663 1802 4745 postridie
1857 4665 2086 4726 iterum
2125 4668 2332 4744 neget,

798 4866 941 4909 cum
973 4848 1109 4909 aliis
1136 4848 1385 4909 Lessius
1416 4868 1520 4910 nu.
1559 4851 1694 4911 168.
1730 4849 1852 4910 Alii
1894 4854 2103 4913 tamen
2155 4851 2335 4913 multi

800 4945 1035 5020 negant
1059 4942 1244 5003 tertio
1276 4960 1410 5003 esse
1457 4943 1917 5022 torquendum,
1972 4961 2129 5024 quos
2161 4945 2339 5004 affert

799 5036 860 5094 et
887 5034 1172 5113 sequitur
1199 5033 1398 5095 Diana
1426 5038 1579 5097 tom.
1623 5037 1726 5098 111.
1774 5039 1966 5101 tract.
2006 5053 2091 5098 vl.
2126 5035 2196 5097 de
2223 5045 2339 5097 tor-

799 5135 932 5187 tora
962 5120 1021 5186 ih
1051 5125 1120 5188 S.
1160 5126 1396 5209 officie,
1449 5128 1565 5188 nisi
1614 5128 1787 5209 prius
1832 5129 2147 5191 levissime
2178 5134 2342 5192 essct

797 5225 1022 5297 tortus,
1058 5220 1211 5281 etin
1256 5220 1536 5282 secunda
1583 5221 1972 5283 confessione
2016 5222 2138 5282 alia
2177 5240 2341 5285 nova

799 5312 982 5391 signa
1010 5313 1202 5392 priori
1233 5314 1609 5376 confessioni
1638 5314 1972 5377 addiderit.
2007 5314 2127 5375 Alii
2178 5315 2339 5377 arbi-

796 5407 916 5468 trio
941 5404 1173 5485 judicis
1212 5405 1331 5467 hoc
1373 5408 1771 5488 relinquunt,
1830 5408 1936 5487 qui
1963 5408 2339 5487 gravitatem

798 5498 1012 5559 delicti
1042 5502 1103 5561 et
1130 5499 1530 5579 indiciorum,
1564 5504 1628 5563 et
1656 5502 1809 5563 alias
1840 5502 2340 5564 circumstantias

793 5592 1148 5676 ponderare
1177 5594 1386 5673 dehet,
1433 5600 1502 5659 ut
1525 5594 1770 5675 judicet
1798 5615 1877 5658 an
1897 5596 1979 5660 sit
2002 5597 2186 5661 tertio
2214 5598 2339 5661 tor-

1960 396 2067 459 DE
2106 394 2461 460 JUSTITIA
2506 395 2609 458 m·
2648 395 2848 459 wan

2440 574 2749 653 quendus,
2785 575 2954 654 quod
2997 574 3156 637 mihi
3202 574 3393 637 etiam
3440 576 3676 656 piacet.
3722 577 3969 650 Quande

2439 667 2682 728 veroin
2710 668 2915 746 prima
2942 672 3187 731 tortura
3230 670 3524 748 negavit,
3580 688 3709 730 non
3752 676 3849 731 est
3889 689 3974 732 sc·

2437 760 2645 820 cundo
2678 761 3101 840 torquendus,
3154 762 3271 826 nisi
3300 780 3467 824 nove.
3502 763 3744 824 indicia
3772 783 3975 843 super-

2438 851 2712 930 veniant,
2748 854 2845 915 vel
2875 853 2993 914 nisi
3019 855 3253 916 indicia
3281 855 3403 920 sint
3429 855 3814 934 gravissima
3843 875 3977 917 con-

2438 945 2755 1024 traillum,
2815 965 2958 1027 quas
3013 948 3199 1009 unica
3254 952 3498 1016 tortura
3544 949 3697 1017 elidi
3730 968 3859 1010 non
3884 967 3977 1011 va·

2436 1038 2628 1114 leant,
2663 1043 2733 1100 ut
2776 1040 2971 1102 tradit
3026 1041 3275 1102 Lessius
3319 1060 3493 1106 num.
3546 1045 3687 1104 168.
3725 1043 3830 1104 vel
3876 1043 3977 1106 nid

2440 1131 2642 1209 prima
2680 1132 2839 1208 vice,
2901 1149 3029 1194 non
3085 1134 3165 1195 sit
3214 1133 3607 1196 sufficienter
3634 1138 3861 1210 tortus,
3892 1135 3977 1196 vd

2440 1223 2677 1285 crimen
2734 1225 2815 1288 sit
2857 1225 3340 1302 atrocissimum,
3398 1231 3467 1287 et
3521 1227 3767 1290 indicia
3813 1228 3982 1288 indu-

2438 1314 2657 1394 bitata,
2693 1320 2762 1379 ut
2788 1335 2933 1384 cum
2982 1318 3120 1379 aliis
3163 1319 3449 1380 Sanchcz
3493 1338 3671 1382 num.
3710 1324 3812 1381 u.
3846 1321 3981 1394 Qu·

2440 1427 2590 1469 vcra
2645 1415 3022 1476 censeantur
3076 1430 3243 1473 nova
3284 1412 3524 1474 indicia
3568 1413 3653 1474 ad
3708 1420 3981 1494 repetan-

2438 1502 2583 1563 dam
2615 1507 2957 1582 torturam,
3008 1505 3205 1569 tradit
3237 1505 3363 1575 late
3389 1506 3598 1574 Diana
3626 1505 3771 1569 loeo
3808 1508 3979 1572 σίῑιω

2437 1614 2559 1656 res.
2593 1599 2688 1658 17.

2517 1689 2670 1749 Illud
2703 1689 2764 1749 in
2798 1690 3160 1751 universum
3188 1695 3285 1754 cst
3309 1691 3825 1768 advertendum,
3871 1697 3979 1756 tor·
4082 1710 4147 1764 {31

2436 1785 2644 1844 turam
2686 1782 2936 1845 nonnisi
2977 1784 3376 1863 gravioribus
3402 1785 3661 1848 delictis
3690 1785 3980 1850 adhihen-
4034 1832 4087 1873 ,a

2437 1876 2583 1936 dam
2632 1895 2790 1953 esse,
2824 1894 2937 1955 pro
2986 1877 3215 1957 quibus
3242 1896 3437 1958 poena
3466 1878 3721 1954 mortio,
3746 1880 3979 1942 mutila„
4012 1885 4117 1981 *ἓ-

2434 1969 2645 2046 tionis,
2677 1969 3051 2048 triremium,
3082 1971 3183 2032 vel
3214 1972 3442 2036 similis
3466 1971 3870 2051 imponenda
3896 1992 3981 2034 es-

2434 2066 2532 2125 set
2565 2082 2578 2125 :
2604 2061 2882 2142 alioquin
2909 2081 3017 2124 reo
3049 2080 3172 2124 non
3202 2064 3497 2127 convicto
3526 2082 3730 2143 poena
3747 2066 3983 2143 gravior

2432 2156 2888 2235 imponeretur,
2923 2174 3112 2236 quam
3141 2157 3191 2218 si
3221 2157 3556 2226 convictus
3585 2163 3781 2220 esset.
3813 2158 3983 2222 Addit

2435 2249 2776 2327 Fagundez
2815 2248 2878 2311 d.
2913 2267 2968 2311 c.
3002 2266 3129 2311 xxx.
3172 2270 3235 2312 n.
3270 2253 3371 2312 13.
3423 2250 3601 2331 quod
3636 2250 3881 2313 dictum
3905 2257 3983 2322 aa

2435 2341 2513 2402 de
2542 2342 2790 2403 indiciis
2816 2343 3268 2422 praei-aquisitis
3295 2343 3379 2403 ad
3408 2348 3740 2410 torturam
3758 2391 3775 2422 ,
3824 2344 3981 2406 iniat

2433 2435 2539 2513 ligi
2564 2435 2795 2496 debere
2822 2435 2899 2496 de
2928 2454 3183 2502 carcere
3211 2436 3374 2497 adeo
3419 2436 3681 2514 stricto,
3711 2441 3786 2507 ut
3813 2439 3985 2518 equi-

2433 2528 2641 2590 valeat
2665 2531 2948 2607 torturoe,
2982 2534 3051 2591 ut
3077 2529 3128 2589 si
3162 2529 3502 2607 religiosus
3532 2529 3631 2591 ita
3649 2531 3979 2592 incarcere-

2431 2625 2571 2697 tur,
2618 2624 2688 2682 ut
2716 2639 2860 2681 cum
2892 2622 3140 2683 nemine
3184 2622 3361 2701 loqui
3389 2622 3640 2702 possit,
3695 2623 3975 2686 detractis

2433 2714 2579 2775 lecti
2609 2713 2904 2792 stragulis
2927 2761 2942 2791 ‚
2990 2718 3053 2776 et
3079 2718 3256 2793 parte
3287 2715 3414 2775 cibi
3444 2719 3514 2777 et
3539 2719 3764 2794 potus.
3824 2716 3977 2789 Quod

2433 2825 2652 2867 verum
2680 2810 2832 2886 puto
2862 2807 3071 2887 quoad
3097 2824 3275 2867 mera
3293 2808 3608 2887 poenalia,
3630 2828 3762 2870 non
3791 2814 3978 2873 tamen

2437 2899 2645 2979 quoad
2693 2899 3181 2978 prohibitionem
3224 2900 3606 2961 commercii
3634 2920 3785 2962 cum
3815 2903 3973 2964 aliis:

2435 2992 2555 3053 hoc
2584 2991 2750 3052 enim
2782 3009 2910 3060 non
2937 2991 3008 3060 fit
3027 2992 3105 3062 ad
3135 2995 3473 3069 torturam,
3510 3012 3635 3054 nec
3670 2995 3753 3054 ad
3774 2995 3979 3075 suppli·

2435 3084 2632 3161 cium,
2695 3084 2808 3145 sed
2863 3083 2943 3144 ad
2998 3102 3238 3147 meram
3292 3085 3625 3147 cautelam
3684 3093 3749 3150 ct
3799 3095 3976 3149 custo-

2435 3178 2629 3242 diam.

2514 3274 2583 3333 In
2613 3271 2708 3332 his
2737 3290 2888 3351 ergo
2919 3271 3208 3332 omnibus
3238 3274 3521 3351 casibu5‚
3542 3275 3598 3334 si
3619 3277 3828 3356 quoad
3850 3277 3973 3337 sub-
4082 3288 4151 3345 {3

2433 3365 2730 3427 stantiam
2753 3411 2768 3442 ,
2821 3366 2921 3426 vel
2951 3365 3159 3446 quoad
3184 3366 3453 3436 modum
3483 3368 3854 3431 notabiliter
3874 3388 3969 3429 ex·
4052 3414 4127 3465 Η
4146 3424 4163 3451 ι

2434 3458 2618 3519 cedat
2636 3457 2854 3538 judex,
2887 3458 3196 3520 confessio
3219 3463 3485 3522 torturae
3518 3460 3765 3523 inutilis
3790 3469 3877 3523 oet
3899 3462 3971 3521 ad
4040 3481 4093 3519 rur

2434 3570 2797 3631 processum
2825 3556 2890 3614 et
2917 3551 3544 3631 condemnationem,
3591 3560 3662 3618 et
3680 3556 3869 3636 judex
3892 3562 3971 3616 te-
4010 3478 4180 3619 ”AE

2435 3650 2620 3706 netur
2649 3644 2729 3705 ad
2757 3645 3217 3706 restitutionem
3260 3645 3701 3709 damnorum.
3733 3649 3973 3722 Quando
4040 3628 4173 3723 '⁵:1-

2434 3743 2646 3800 tamcn
2677 3756 2801 3799 non
2834 3732 2949 3817 per
2979 3741 3310 3815 torturam,
3347 3739 3461 3800 sed
3506 3758 3630 3818 per
3650 3743 3975 3804 commina-

2433 3832 2668 3893 tionem
2696 3833 2952 3892 torturoe
2970 3834 3213 3893 extorta
3233 3835 3329 3892 est
3346 3832 3645 3895 criminis
3660 3835 3973 3910 confessio,

2432 3924 2777 4004 respondet
2796 3926 2965 3985 Lesa.
3002 3942 3144 3985 cum
3175 3924 3311 3984 aliis
3330 3944 3395 3987 n.
3432 3928 3578 3988 115.
3613 3946 3805 4007 posse
3830 3928 3976 4007 ejus-

2434 4017 2607 4078 modi
2650 4035 2949 4096 personas
2994 4017 3217 4078 terreri
3248 4017 3494 4095 verhiS,
3548 4024 3618 4082 et
3665 4021 3794 4100 leg.
3845 4020 3975 4082 Im·

2434 4108 2594 4191 apud
2615 4108 2959 4185 Labeonem,
2993 4109 3048 4187 ξ.
3088 4107 3498 4188 Οαωεειόηαη,
3534 4112 3602 4171 ff.
3638 4111 3715 4174 de
3736 4114 3973 4197 njun'ain,

2433 4202 2542 4263 ubi
2570 4202 2796 4264 dicitur
2826 4222 2840 4262 ε
2897 4223 2925 4259 (ι
2954 4202 3374 4275 Quaestionem
3404 4203 3774 4285 intelligere
3802 4208 3977 4268 debe-

2433 4313 2596 4371 mus,
2659 4298 2722 4356 et
2765 4297 3079 4356 tormenta
3136 4297 3199 4356 et
3244 4296 3533 4374 corporis
3588 4299 3880 4363 dolorem
3904 4298 3973 4361 ad

2435 4387 2779 4449 eruendam
2806 4387 3170 4459 veritatem;
3232 4388 3405 4449 nuda
3433 4407 3593 4469 ergo
3644 4393 3977 4472 interroga-

2432 4481 2542 4558 tio,
2568 4481 2840 4541 vellavis
2867 4480 3109 4542 territio
3140 4498 3265 4540 non
3296 4482 3577 4560 pertinet
3596 4484 3687 4545 ad
3717 4485 3840 4547 hoc
3866 4486 3977 4545 edi·

2435 4579 2626 4636 ctum.
2658 4596 2688 4632 n
2725 4574 2906 4635 Ratio
2927 4578 3139 4636 autem
3169 4591 3305 4635 esse
3334 4579 3573 4654 potest,
3604 4578 3761 4657 quia
3792 4580 3978 4645 coium

2434 4666 2807 4746 prohibetur
2832 4670 3162 4746 torquere3
3207 4671 3450 4727 terrere
3475 4674 3703 4731 autem
3727 4672 3831 4732 vel
3871 4671 3979 4731 mi·

2436 4760 2571 4821 nari
2598 4777 2723 4820 non
2755 4762 2850 4821 est
2874 4762 3172 4839 torquere
3191 4805 3209 4831 ,
3260 4760 3371 4820 sed
3398 4764 3495 4823 est
3520 4763 3757 4824 modus
3786 4763 3979 4824 diver-

2437 4872 2541 4914 sus
2572 4852 2914 4930 indagandi
2945 4852 3314 4928 veritatem,
3369 4854 3477 4932 qui
3511 4872 3643 4914 non
3673 4856 3982 4917 inve-itur

2435 4944 2807 5025 prohibitus.
2866 4944 3058 5005 Addit
3102 4947 3317 5006 tamen
3342 4946 3519 5007 Lesa.
3557 4946 3687 5012 hoo
3726 4948 3978 5028 intelligi

2437 5039 2516 5098 de
2545 5041 2783 5099 terrore
2814 5040 3077 5113 remoto,
3115 5036 3311 5125 quiin
3341 5038 3492 5099 solis
3523 5040 3746 5101 verbis
3772 5048 3980 5103 θυω-

2437 5130 2641 5192 chinae
2671 5130 3025 5192 ostensione
3057 5130 3218 5191 sistit
3258 5150 3274 5193 ε
3319 5148 3444 5192 nou
3489 5132 3572 5192 de
3600 5135 3977 5215 propinquo,

2438 5228 2508 5286 ut
2533 5242 2677 5286 cum
2709 5224 2847 5302 quis
2876 5223 3181 5303 spoliatur
3216 5226 3283 5284 ct
3307 5223 3568 5303 ligatur,
3600 5228 3703 5288 vei
3734 5228 3980 5306 quande

2440 5338 2514 5380 ex
2569 5315 3053 5379 circumstantiis
3109 5319 3460 5392 constaret,
3523 5320 3981 5385 confessionem

2438 5430 2587 5473 vere
2619 5429 2754 5472 esse
2786 5413 3094 5472 extortam
3119 5428 3231 5487 per
3255 5414 3521 5487 metum,
3549 5417 3613 5473 et
3644 5430 3777 5473 non
3803 5432 3985 5495 spon»

2439 5510 2714 5567 tancam.
2747 5503 2940 5566 Addit
2969 5503 3201 5564 Sanch.
3237 5521 3302 5565 n.
3337 5506 3437 5566 ¹2.
3466 5522 3718 5585 senem,
3748 5508 3849 5569 vel
3875 5505 3983 5567 mi·

2442 5615 2661 5660 norem
2704 5595 3179 5678 quatuordecim
3228 5597 3415 5660 annis
3459 5614 3652 5677 posco
3709 5600 3982 5681 torqueri
