4263 6376
1175 329 1646 392 DISPUTATIO
1690 329 1965 406 XXXIX,

163 525 346 570 nem.
380 507 507 571 Sed
537 510 776 584 contra,
811 506 960 587 quia
988 505 1191 585 potuit
1216 505 1441 585 aliquis
1471 523 1545 568 ex
1577 504 1712 570 offl-

162 601 271 663 cio
304 600 423 662 sibi
449 600 740 680 imposito
798 599 1066 678 obligari
1122 599 1204 661 ad
1259 599 1707 676 accusandum,

164 694 424 756 etiamsi
452 711 578 755 non
606 693 964 754 immineret
980 693 1219 753 malum
1239 691 1303 753 in
1326 692 1630 769 futurum,
1652 695 1715 756 et

165 788 312 868 ipse
331 788 633 850 bonafide
647 787 894 866 putavit
912 786 1209 848 delictum
1229 785 1477 864 probari
1503 803 1707 864 posse,

167 881 327 963 quia
358 886 538 944 erant
565 880 689 941 duo
715 883 909 943 testes
933 926 948 956 ,
991 880 1158 941 unde
1202 880 1255 940 si
1285 879 1464 940 aliter
1491 880 1712 941 tertius

167 992 306 1036 non
347 995 413 1036 se
460 977 718 1051 offerat,
769 973 1023 1035 deficiet
1061 976 1394 1036 accusator
1440 975 1710 1052 negante

171 1086 308 1131 uno
340 1087 417 1129 ex
442 1067 564 1129 illis
593 1067 860 1129 duobuS.
995 1119 996 1122 ,

257 1164 355 1224 An
385 1180 531 1223 vero
564 1161 718 1222 iniis
733 1159 982 1222 casibus
1010 1176 1261 1238 semper
1286 1158 1365 1220 sit
1382 1162 1711 1238 peccatum

167 1272 372 1334 grave
399 1272 523 1316 non
555 1273 619 1314 se
650 1256 873 1316 offerre
904 1254 985 1314 ad
1031 1252 1494 1315 testificandum
1520 1299 1536 1328 ,
1585 1270 1712 1316 non

97 1365 108 1396 ¹
171 1367 397 1410 omnes
422 1347 824 1410 conveniunt.
858 1347 1064 1427 Aliqui
1096 1347 1262 1407 enim
1293 1346 1529 1421 dicunt,
1563 1350 1713 1409 tunc

97 1441 109 1452 ’
167 1443 382 1504 solum
410 1461 545 1504 esse
560 1444 890 1522 peccatum
908 1459 1100 1520 grave
1118 1439 1369 1521 quando
1393 1439 1711 1519 proximus

168 1536 362 1599 estin
391 1540 671 1598 extrema
698 1533 1069 1596 necessitate
1091 1580 1107 1610 ,
1158 1537 1227 1595 ut
1270 1532 1323 1596 si
1371 1533 1712 1596 amissurus

167 1631 256 1692 sit
283 1631 498 1706 vitam,
530 1630 628 1690 vel
661 1648 735 1689 ea
764 1627 896 1689 sine
927 1627 1150 1707 quibus
1183 1646 1299 1686 sua
1323 1627 1421 1687 vel
1453 1645 1711 1689 suorum

167 1723 312 1786 vita
335 1722 605 1802 peribit;
660 1739 840 1784 secus
896 1721 959 1782 in
1017 1720 1155 1782 aliis
1209 1720 1705 1783 necessitatibus

169 1818 332 1878 Cum
370 1817 537 1878 enim
583 1816 720 1877 haec
766 1815 845 1876 sit
892 1814 1190 1893 obligatio
1240 1814 1593 1891 charitatiS,
1648 1817 1713 1879 et

169 1912 313 1972 haec
338 1927 466 1971 non
495 1910 730 1988 obliget
754 1908 835 1971 ad
886 1907 1385 1970 subveniendum
1426 1908 1709 1987 proximo

165 2004 232 2063 in
295 2003 514 2083 quavis
561 2001 964 2077 necessitate,
1015 2019 1142 2062 non
1189 2000 1493 2079 obligabit
1537 2005 1713 2063 extra

165 2098 546 2175 proedictum
602 2114 843 2158 casum.
889 2097 1064 2156 Hanc
1116 2094 1494 2156 sententiam
1539 2094 1710 2156 nullo

164 2194 428 2252 auctore
456 2191 669 2266 citat0,
703 2190 894 2251 refert
924 2188 1155 2251 Sanch.
1189 2188 1296 2248 ubi
1337 2192 1527 2266 supra
1555 2188 1706 2250 dub.

163 2301 238 2344 11.
282 2302 453 2344 num.
490 2286 545 2345 1.
580 2285 717 2362 Ipse
746 2286 959 2344 tamen
988 2281 1211 2350 merito
1234 2299 1377 2342 cum
1394 2282 1566 2358 Soto,
1594 2284 1712 2342 Na-

160 2396 381 2454 varro‚
415 2382 477 2438 et
505 2376 803 2438 Corduba
831 2376 1214 2437 contrarium
1244 2375 1449 2451 docet,
1485 2393 1711 2453 nempe

163 2476 348 2533 extra
365 2471 801 2532 necessitatem
828 2471 1015 2531 etiam
1032 2473 1377 2531 extremam
1397 2487 1532 2530 esse
1555 2468 1713 2529 obli-

161 2566 492 2644 gationem
523 2582 808 2642 gravem.
859 2562 1015 2637 Quia
1062 2562 1208 2623 licet
1255 2579 1379 2622 non
1424 2566 1714 2622 tenamur

163 2660 250 2719 de
285 2661 493 2720 nostro
523 2657 858 2717 subvenire
899 2657 1183 2734 proximo
1231 2656 1294 2715 in
1334 2654 1554 2734 quavis
1604 2673 1715 2714 ne-

161 2753 483 2828 cessitate,
516 2751 630 2811 sed
658 2769 801 2810 cum
830 2749 1201 2812 limitatione
1221 2795 1237 2825 ,
1284 2749 1362 2809 de
1393 2766 1516 2828 quo
1555 2748 1713 2809 dixi-

160 2865 316 2907 mus
344 2845 575 2925 disput.
611 2847 743 2906 XV.
778 2843 849 2904 de
877 2843 1106 2903 damnis
1136 2842 1198 2902 in
1227 2842 1385 2902 bonis
1431 2842 1708 2922 formare,

163 2939 432 3001 section.
480 2955 594 3001 vn.
644 2937 793 3017 quia
841 2937 1136 2997 nimirum
1192 2939 1342 2997 tunc
1386 2935 1713 2997 subventio

166 3036 338 3094 esset
363 3049 509 3092 cum
554 3030 733 3111 gravi
779 3033 993 3091 nostro
1042 3030 1274 3090 damno
1310 3047 1323 3090 ε
1356 3028 1578 3107 regula
1619 3031 1713 3090 ta-

166 3143 315 3186 men
348 3123 663 3205 generalis
693 3127 809 3201 est,
843 3126 913 3184 ut
940 3122 1216 3184 charitas
1246 3121 1482 3201 obliget
1507 3121 1711 3201 gravi-

168 3224 267 3282 ter
296 3220 375 3279 ad
401 3218 898 3279 subveniendum
926 3216 1256 3295 indigenti,
1291 3216 1546 3295 quando
1579 3216 1710 3276 sine

169 3312 348 3392 gravi
387 3316 603 3373 nostro
658 3309 1057 3372 incommodo
1106 3309 1457 3388 respectivo
1496 3326 1713 3387 possu-

167 3424 332 3467 mus.
369 3405 624 3478 Quoties
651 3422 800 3482 ergo
849 3403 982 3463 sine
1028 3402 1135 3463 tali
1161 3407 1268 3464 tuo
1312 3401 1710 3463 incommodo

163 3504 350 3578 potes
378 3499 712 3559 subvenire
741 3497 1028 3576 proximo
1068 3495 1373 3574 indigenti
1400 3500 1508 3557 tuo
1538 3494 1713 3555 testi-

164 3593 407 3668 monio,
441 3591 520 3652 ad
548 3592 613 3651 id
641 3592 872 3652 teneris
895 3639 911 3667 ,
964 3609 1108 3651 cum
1135 3593 1285 3655 tunc
1331 3607 1456 3650 non
1485 3587 1714 3648 subve-

161 3687 310 3747 nias
340 3686 419 3746 de
447 3690 577 3762 tun,
604 3703 720 3747 nec
748 3685 1051 3746 damnum
1080 3702 1273 3762 grave
1293 3681 1711 3763 respectivum

159 3781 482 3840 incurras.

247 3873 586 3935 Dubitatur
613 3871 911 3948 secundo,
946 3875 1158 3933 utrum
1186 3870 1361 3932 testis
1417 3870 1643 3932 citatus
1677 3886 1714 3929 a

152 3967 384 4048 judice
409 3969 699 4028 teneatur
725 3985 803 4024 ex
851 3966 1094 4043 justitia
1148 3963 1510 4025 testificari?
1567 3964 1710 4023 Ger-

157 4065 305 4123 tum
337 4063 430 4119 est
451 4077 712 4137 peccare
741 4063 959 4119 contra
984 4057 1315 4135 justitiam,
1348 4057 1400 4116 si
1444 4055 1712 4116 scienter

157 4152 540 4215 testificetur
566 4152 791 4211 falsum
823 4151 1163 4230 positivum
1191 4154 1408 4210 contra
1436 4149 1711 4228 aliquem

158 4247 302 4307 sive
331 4245 397 4305 in
426 4244 713 4305 civilibus
742 4244 871 4304 sive
918 4243 980 4303 in
1039 4242 1488 4318 criminalibus»,
1535 4245 1606 4301 ut
1659 4240 1710 4300 si

158 4341 381 4401 dicam
409 4338 666 4399 domum
695 4356 832 4397 esse
867 4336 1052 4412 Petri,
1086 4353 1232 4395 cum
1263 4336 1343 4397 sit
1377 4334 1571 4411 Pauli,
1611 4333 1705 4394 vel

153 4436 193 4496 J
200 4449 480 4494 oannem
527 4431 892 4511 deliquisse,
953 4447 1098 4490 cum
1152 4446 1278 4490 non
1338 4428 1705 4508 deliquerit;

158 4531 361 4605 atque
390 4525 547 4585 adeo
577 4523 640 4583 in
672 4524 767 4585 his
792 4522 1040 4584 casibus
1079 4522 1278 4584 teneri
1328 4523 1581 4582 omnino
1628 4521 1710 4581 ad

153 4618 632 4681 restitutionem
663 4617 1059 4693 damnorum,
1095 4634 1234 4696 quae
1265 4620 1614 4695 sequuntur
1632 4633 1709 4675 ex

153 4714 327 4775 falso
359 4711 739 4773 testimonio.
774 4711 1048 4771 Dubium
1080 4714 1196 4786 est,
1249 4710 1501 4789 quando
1524 4728 1710 4788 nega-

150 4809 293 4870 tive
327 4824 392 4864 se
422 4804 613 4865 habet
641 4803 902 4866 celando
931 4803 1031 4864 vel
1073 4822 1200 4864 non
1240 4803 1512 4864 dicendo
1545 4803 1709 4863 veri-

150 4903 384 4975 tatem,
408 4901 469 4958 et
498 4916 572 4958 ea
600 4897 677 4958 de
708 4916 898 4958 causa
925 4896 1148 4976 aliquis
1199 4895 1429 4974 injuste
1459 4896 1709 4957 laeditur

151 4994 244 5054 ab
266 4990 651 5066 adversario,
686 5008 765 5050 an
793 4994 945 5051 tunc
971 4994 1191 5067 peccet
1217 4989 1416 5063 testis,
1451 5007 1576 5049 non
1607 5007 1707 5050 so-

149 5089 296 5148 lum
327 5087 546 5144 contra
576 5082 1001 5144 obedientiam
1029 5084 1127 5143 vel
1167 5083 1560 5157 charitatem,
1596 5083 1708 5144 sed

148 5180 358 5241 etiam
388 5180 608 5238 contra
631 5177 939 5255 justitiam
969 5195 1113 5236 cum
1143 5195 1333 5237 onere
1377 5177 1709 5237 restituen-

149 5273 219 5334 di
240 5272 271 5332 ⁴?
331 5271 736 5332 communior
818 5270 1126 5331 sententia
1177 5271 1384 5344 docet,
1444 5288 1705 5349 peccare

147 5367 386 5428 contra
409 5364 742 5443 justitiam,
778 5366 841 5424 et
875 5382 1018 5424 cum
1069 5382 1258 5424 onere
1307 5364 1702 5441 restituendi,

2013 328 2289 394 SEC'rlo
2334 328 2381 389 1.
3234 331 3352 394 759

1808 508 1867 567 8.
1902 509 1963 568 et
1993 523 2055 568 n.
2088 511 2188 569 44.
2225 511 2289 572 et
2313 506 2443 585 alii,
2494 524 2652 587 quos
2711 506 2991 587 sequitur
3036 506 3351 570 Malderus

1810 599 1873 658 in
1902 601 2199 678 praesenti
2230 605 2411 663 tract.
2448 603 2549 663 vl.
2588 619 2642 662 c.
2678 617 2747 662 11.
2778 600 2933 662 dub.
2968 604 3027 663 9.
3061 600 3222 663 Hinc
3251 601 3348 663 in-

1807 691 2019 754 ferunt
2046 694 2249 770 multi,
2283 694 2450 755 idem
2480 713 2615 756 esse
2646 693 2724 754 de
2782 697 2964 770 teste,
3026 711 3213 772 quem
3247 692 3346 773 ju-

1808 785 1926 846 dex
1947 786 2082 847 vult
2109 788 2324 867 citare,
2350 788 2483 866 ipse
2513 791 2724 850 autem
2778 787 2857 848 de
2913 786 3225 850 industria
3282 805 3349 848 se

1807 878 2158 957 abscondit,
2194 900 2270 943 ne
2300 882 2495 961 possit
2544 882 2633 943 illi
2690 883 3077 961 praeceptum
3118 879 3350 960 judicis

1807 971 2127 1040 intimari:
2164 975 2262 1040 vel
2292 975 2514 1039 saltem
2556 979 2892 1054 postquam
2947 974 3175 1038 citatus
3231 978 3343 1049 est,

1810 1065 2024 1130 dolose
2054 1066 2253 1134 eludit
2281 1068 2641 1132 citationem
2699 1087 2776 1130 ne
2833 1069 3215 1147 compareat,
3246 1067 3349 1128 vel

1808 1163 2142 1239 postquam
2187 1162 2560 1240 comparuit,
2623 1180 2700 1224 ne
2756 1162 3200 1239 interrogetur,
3260 1158 3347 1221 ita

1812 1253 2093 1316 Sanchez
2116 1254 2282 1320 dicto
2311 1255 2418 1319 lib.
2453 1257 2555 1319 vl.
2589 1273 2727 1336 cap.
2753 1254 3006 1319 111.dub.
3040 1257 3099 1317 3.

1889 1347 2009 1408 Alii
2039 1347 2287 1424 docent,
2306 1348 2425 1411 hoc
2455 1366 2578 1412 non
2609 1367 2743 1410 esse
2773 1351 3101 1426 peccatum
3129 1349 3346 1409 contra

1801 1439 2112 1518 justitiam
2143 1443 2683 1519 commutativam,
2719 1442 2829 1504 sed
2870 1445 3088 1504 contra
3142 1440 3345 1503 chari-

1809 1539 2026 1610 tatem,
2060 1539 2284 1600 contra
2304 1536 2762 1612 obedientiam,
2793 1536 2892 1598 vel
2921 1540 3141 1598 contra
3162 1534 3347 1614 justi-

1807 1628 1960 1690 tiam
1987 1629 2278 1707 legalem,
2330 1633 2440 1696 aut
2493 1635 2713 1694 contra
2757 1629 3126 1708 religionem
3173 1629 3352 1707 jura·

1807 1722 2038 1794 menti;
2073 1726 2263 1802 atque
2293 1722 2435 1786 ideo
2460 1742 2584 1786 non
2611 1725 2841 1786 afferre
2858 1722 3144 1786 debitum
3169 1722 3346 1785 resti-

1807 1815 2046 1880 tuendi.
2083 1818 2260 1878 Hauc
2290 1817 2445 1880 dicit
2474 1836 2609 1879 esse
2653 1816 3045 1896 probabilem
3096 1816 3346 1879 Lessius

1810 1909 1915 1971 ubi
1945 1927 2156 1987 supra,
2191 1911 2408 1989 etipse
2440 1911 2687 1974 videtur
2714 1911 2778 1973 in
2828 1927 2967 1972 eam
3010 1909 3341 1985 inclinare,

1809 2020 1938 2064 non
1965 2005 2179 2064 tamen
2223 2003 2415 2065 audet
2470 2003 2753 2068 definire.
2813 2003 3118 2066 Eamdem
3165 2003 3350 2066 docet

1810 2113 2100 2174 expresse
2129 2096 2361 2159 Melina
2389 2100 2475 2162 to.
2511 2115 2555 2160 1.
2588 2095 2659 2160 de
2683 2096 2884 2159 lustit.
2918 2096 3341 2174 disp.1.xxx111.

1809 2191 1984 2250 etto.
2017 2204 2113 2250 111.
2150 2188 2312 2267 disp.
2347 2192 2489 2254 700.
2524 2208 2587 2254 n.
2635 2193 2695 2252 4.
2739 2189 3124 2268 Theophilus
3182 2191 3349 2268 Ray-

1808 2281 2055 2343 naudus
2084 2279 2155 2342 de
2187 2282 2533 2359 monitoriis,
2568 2285 2732 2361 part.
2766 2283 2813 2348 1.
2850 2298 3104 2361 cap.111.
3140 2301 3337 2364 quaes.

1808 2377 1906 2436 24.
1925 2378 1988 2437 et
2015 2374 2119 2435 alii
2149 2376 2554 2442 recentiores,

1888 2470 1978 2530 Ex
2009 2467 2106 2529 his
2135 2469 2460 2531 sententiis
2487 2470 2663 2548 prior
2689 2473 2785 2531 est
2811 2469 2963 2532 satis
3005 2469 3345 2547 probabilis

1808 2566 2073 2641 propter
2114 2562 2558 2625 auctoritatem
2602 2563 2953 2640 praesertim
3002 2567 3093 2625 tot
3136 2564 3322 2626 docto

1806 2673 1947 2717 rum
1973 2675 1987 2716 ε
2013 2655 2324 2734 posterior
2350 2656 2617 2718 fortasse
2648 2660 2743 2718 est
2770 2657 3012 2719 verior:
3047 2660 3109 2718 et
3129 2657 3191 2718 in
3222 2658 3349 2735 pri-

1808 2749 1926 2810 mis
1944 2749 2262 2828 loquendo
2275 2749 2352 2811 de
2380 2753 2539 2813 teste
2572 2750 2679 2829 qui
2708 2769 2774 2812 se
2803 2750 3136 2814 abscondit
3163 2751 3352 2827 neip-

1810 2844 1863 2904 si
1888 2843 2212 2905 intimetur
2239 2843 2466 2924 judicis
2496 2849 2912 2924 praeceptum;
2961 2844 3064 2906 ille
3094 2844 3350 2923 quidem

1808 2937 2090 2998 nondum
2117 2937 2352 3016 ligatur
2378 2941 2717 3017 praecept03
2756 2956 2905 3001 nain
2933 2940 3343 3018 praeceptum,

1807 3030 1969 3091 sicut
1996 3030 2095 3090 lex
2125 3049 2249 3091 non
2281 3030 2521 3108 obligat
2565 3031 2871 3111 quamdiu
2914 3031 3055 3092 ‘non
3103 3032 3348 3094 intima-

1805 3127 1948 3186 tur:
1981 3127 2044 3184 et
2070 3122 2135 3184 in
2153 3122 2273 3184 hoc
2302 3128 2536 3202 puncto
2567 3125 2866 3186 convenit
2892 3125 3084 3186 etiam
3113 3124 3352 3186 Malde-

1807 3236 1953 3290 rus;
1985 3235 2181 3296 quare
2211 3216 2313 3277 ille
2343 3218 2623 3279 nondum
2676 3218 2954 3281 debebat
3010 3237 3082 3279 ex
3140 3218 3349 3281 officio

1810 3310 2017 3371 dicere
2045 3311 2399 3387 veritatem,
2435 3311 2546 3373 sed
2570 3313 2772 3373 solum
2820 3313 3226 3391 quaerebatur
3279 3316 3349 3374 ut

1809 3404 1866 3463 ei
1905 3403 2180 3464 officium
2209 3403 2666 3482 imponeretur:
2698 3406 2826 3467 imo
2854 3404 2974 3467 hoc
3002 3405 3211 3484 ipsum
3238 3405 3353 3469 ad-

1809 3496 2000 3558 mittit
2017 3495 2080 3555 in
2106 3514 2181 3557 eo
2212 3496 2310 3557 cui
2326 3498 2462 3575 ,iam
2490 3497 2772 3576 legitime
2801 3498 3117 3562 insinuata
3145 3505 3240 3561 est
3252 3499 3351 3577 ju-

1810 3589 1967 3648 dicis
1996 3589 2232 3666 citatio,
2267 3594 2329 3651 et
2357 3590 2512 3651 falso
2557 3595 2865 3670 praetextu
2895 3592 3190 3670 apposuit
3236 3594 3350 3655 im-

1810 3682 2263 3761 pedimentum,
2298 3686 2445 3744 utse
2474 3686 2823 3745 excusaret.
2850 3686 2937 3745 De
2954 3684 3059 3745 illo
3092 3683 3198 3764 qui
3214 3685 3351 3764 jam

1811 3794 1848 3835 a
1896 3774 2110 3854 judice
2160 3778 2471 3852 praesente
2543 3775 3042 3854 interrogaretur
3094 3777 3347 3854 probari

1810 3868 2000 3929 etiam
2028 3872 2254 3946 potest,
2292 3867 2442 3948 quia
2488 3887 2614 3930 non
2643 3872 2896 3932 tenetur
2940 3869 3195 3931 aliunde
3223 3875 3351 3932 tes-

1809 3962 1928 4023 tari
1962 3979 2208 4039 verum,
2265 3962 2386 4022 nisi
2414 3963 2513 4022 vel
2544 3979 2619 4023 ex
2647 3962 2959 4041 religione
3005 3964 3349 4043 juramenti

1809 4055 1908 4115 vel
1939 4073 2014 4114 ex
2045 4057 2361 4134 praecepto
2385 4053 2409 4131 j
2420 4056 2658 4128 udicis;
2693 4074 2844 4135 ergo
2895 4057 3162 4119 tacendo
3185 4058 3351 4120 veri-

1812 4149 2006 4208 tatem
2036 4167 2161 4209 non
2190 4152 2412 4226 peccat
2433 4154 2651 4210 contra
2683 4150 2870 4209 aliam
2890 4150 3209 4214 virtutem.
3244 4152 3351 4214 Di·-

1811 4244 1982 4317 cunt,
2014 4241 2216 4302 teneri
2249 4242 2442 4305 etiam
2469 4260 2543 4302 ex
2572 4242 2778 4303 officio
2809 4244 2983 4306 testis
3004 4244 3124 4306 sibi
3150 4245 3350 4325 impo-

1810 4334 1953 4410 sit0,
1987 4334 2150 4397 sicut
2172 4333 2369 4413 judex
2409 4338 2659 4397 tenetur
2686 4354 2764 4398 ex
2795 4337 3002 4399 officio
3064 4338 3348 4416 proferre

1809 4427 2186 4489 sententiam
2214 4447 2329 4506 pro
2358 4429 2645 4506 veritate,
2687 4433 2878 4510 atque
2918 4431 3062 4491 ideo
3112 4435 3351 4493 utrum-

1811 4538 1933 4600 que
1965 4539 2230 4599 peccare
2260 4527 2481 4585 contra
2531 4523 2864 4603 justitiam.
2926 4525 3052 4586 Sed
3101 4529 3344 4601 contra,

1811 4614 1961 4693 quia
1987 4614 2183 4694 judex
2210 4618 2462 4678 tenetur
2517 4636 2596 4677 ex
2647 4617 2852 4679 officio
2910 4621 3256 4695 assumpto,
3290 4621 3352 4679 et

1812 4725 1925 4785 per
1951 4725 2343 4788 consequens
2373 4729 2447 4770 ex
2478 4710 2659 4789 quasi
2691 4712 3018 4771 contractu
3046 4710 3348 4790 implicito

1809 4800 1873 4859 in
1905 4802 2333 4880 assumptione
2364 4803 2554 4865 officii
2586 4822 2602 4875 ;
2636 4803 2814 4864 testis
2866 4821 3017 4864 vero
3064 4804 3172 4882 qui
3220 4822 3345 4864 non

1807 4894 1942 4955 vult
1969 4900 2300 4973 acceptare
2333 4897 2610 4957 officium
2639 4897 2838 4973 testis,
2873 4897 3075 4957 solum
3125 4902 3353 4975 peccat

1809 4991 2026 5048 contra
2083 4989 2508 5052 obedientiam
2558 5008 2684 5051 non
2734 4991 3119 5067 acceptando
3169 4991 3345 5070 illud,

1808 5098 1935 5139 non
1967 5099 2116 5142 vero
2149 5088 2371 5144 contra
2403 5083 2685 5146 debitum
2706 5083 2968 5163 justitiae
3017 5088 3227 5146 ortum
3275 5105 3350 5146 ex

1812 5172 2017 5234 officio
2049 5181 2394 5254 assumpto,

1898 5272 2128 5333 Dicunt
2156 5269 2371 5349 aliqui,
2420 5271 2696 5332 officium
2726 5271 2904 5347 illud,
2942 5270 3089 5333 licet
3113 5289 3241 5333 non
3272 5273 3352 5335 sit

1810 5370 2025 5428 ateste
2056 5368 2475 5442 acceptatum,
2511 5383 2648 5424 esse
2677 5369 2889 5426 tamen
2912 5364 3047 5444 jam
3075 5383 3114 5426 a
3170 5384 3350 5446 supe-

3435 5417 3499 5459 An
3525 5415 3662 5458 officio

151 5463 248 5522 ita
311 5460 521 5535 Sotm,
573 5460 917 5535 Navarrus,
950 5458 1142 5519 etalii
1201 5458 1369 5539 apud
1420 5459 1706 5518 Lessium
1808 5461 1972 5521 tiore
2007 5458 2393 5536 impositum,
2420 5448 2525 5537 qui
2556 5459 2848 5538 supplere
2894 5462 3102 5536 potest
3129 5476 3351 5538 accep·
3398 5472 3606 5534 affligetur
3647 5469 3698 5511 do

146 5571 303 5631 ca.p
341 5566 483 5613 xxx.
516 5550 669 5615 dub.
700 5568 841 5614 vm.
891 5552 976 5614 Sa
1029 5552 1248 5628 verbo,
1293 5551 1602 5629 restitutio,
1637 5571 1698 5616 n.

1804 5553 2110 5615 tationem
2141 5551 2337 5629 ipsius
2381 5551 2590 5619 testis:
2627 5570 2775 5614 nam
2803 5552 3164 5631 respublica
3208 5571 3348 5634 pro·

3466 5524 3625 5580 iustis
3554 5524 3642 5566 uia.
