4263 6376
102 1206 164 1411 F‘ff}
102 1083 108 1103 '

1129 325 1597 387 DISPU'PATIO
1644 323 1832 397 XXV,
1885 322 2158 384 SECTIO
2203 322 2306 384 xi.

223 510 323 589 jam
347 527 410 569 ex
449 506 657 566 delicto
699 504 953 584 proprio
991 508 1302 579 tenentur,
1349 506 1417 563 ut
1446 500 1687 562 notavit

221 600 500 664 Abulensis
527 597 733 661 Matth.
769 613 913 657 xxv.
950 616 1055 675 qu.
1089 599 1228 657 268.
1283 601 1344 656 et
1372 594 1680 655 Hostiens.

219 697 269 755 in
290 693 503 755 Summa
529 692 615 752 tit.
647 689 716 750 de
741 689 932 749 usmis
951 692 1006 767 ἓ.
1044 690 1169 764 Qua
1184 708 1378 769 poena.
1415 689 1491 747 Et
1509 686 1570 745 in
1592 685 1689 745 his

220 785 546 847 conveniunt
572 784 854 844 doctores
872 781 1309 843 communiter.
1343 779 1691 840 videantur

218 878 411 940 Molina
451 876 599 954 disp.
630 879 768 937 332.
825 873 1074 937 Lessius
1122 874 1272 935 dub.
1320 875 1452 935 XX.
1514 872 1690 933 Salas

220 972 343 1031 dub.
371 987 521 1029 mu.
555 970 659 1049 qui
689 969 842 1028 alios
872 969 1160 1028 afferunt.

284 1062 586 1123 Difficultas
615 1065 729 1135 est,
779 1061 1031 1140 quando
1061 1061 1227 1120 bona
1266 1056 1686 1131 haereditaria,

220 1174 333 1235 quae
356 1156 427 1216 ad
455 1155 724 1215 haeredes
746 1158 1187 1232 pervenerunt,
1222 1158 1285 1215 et
1301 1150 1694 1213 sufficiebant

220 1249 283 1307 ad
309 1267 500 1308 usuras
526 1247 872 1321 solvendaS,
923 1246 974 1307 si
1017 1251 1236 1325 postea
1280 1264 1440 1305 unus
1482 1262 1552 1303 ex
1585 1260 1689 1303 co-

218 1340 523 1400 haeredibus
542 1340 810 1413 deficiat,
845 1343 907 1399 et
925 1338 1223 1398 solvendo
1250 1355 1428 1397 suain
1450 1341 1692 1414 partem

219 1452 317 1493 non
343 1433 430 1507 sit,
476 1450 547 1490 an
577 1432 683 1491 alii
713 1431 984 1491 debeant
1012 1431 1252 1491 solvere
1283 1435 1482 1491 totum
1515 1428 1693 1488 debi-

216 1532 322 1585 tum
348 1542 677 1600 usurarum,
726 1542 803 1583 an
849 1541 998 1583 vero
1035 1523 1236 1583 solum
1269 1520 1492 1600 singuli
1516 1520 1694 1599 juxta

215 1618 485 1695 portiones
511 1635 674 1693 suaS,
737 1613 822 1677 ita
867 1620 936 1675 ut
961 1615 1013 1675 si
1061 1622 1186 1677 tres
1231 1614 1514 1674 haeredes
1561 1614 1696 1673 fue-

214 1716 333 1770 runt
349 1730 415 1769 ex
432 1710 616 1788 aequis
637 1709 941 1787 partibus,
975 1708 1202 1786 singuli
1223 1709 1470 1769 solvant
1496 1705 1694 1766 solam

215 1803 424 1862 tertiam
451 1808 683 1880 partem
714 1802 954 1862 debiti?

279 1896 460 1955 Prima
509 1895 815 1955 sententia
861 1895 1031 1970 dicit,
1092 1893 1369 1969 singulos
1416 1891 1698 1951 haeredes

216 1988 411 2047 debere
438 1989 670 2047 solvere
702 1988 763 2047 in
793 1987 1087 2064 solidum,
1141 1986 1275 2046 aliis
1306 2004 1429 2045 non
1458 1986 1696 2044 solven-

216 2080 370 2140 tibus.
403 2082 485 2141 ita
512 2081 719 2157 glossa
749 2080 811 2139 in
849 2081 1014 2140 dicto
1045 2099 1100 2142 c.
1140 2079 1266 2139 Tua
1293 2098 1413 2154 nos,
1450 2082 1512 2138 et
1540 2076 1701 2137 anti-

216 2172 429 2251 quiores
455 2175 809 2234 canonislae.
845 2176 1071 2233 Navar.
1108 2173 1294 2233 etiam
1324 2190 1378 2232 c.
1402 2188 1554 2232 xvu.
1591 2190 1695 2230 nu.

215 2268 328 2325 278.
359 2271 415 2326 et
439 2284 545 2343 pro
575 2266 799 2325 cadem
818 2265 1148 2339 sententia,
1184 2282 1373 2343 quam
1395 2264 1703 2323 veriorem

218 2362 366 2434 putat
389 2359 553 2418 Salas
581 2358 644 2419 d.
680 2358 742 2418 d.
777 2374 945 2418 xmn.
1009 2377 1115 2418 nu.
1148 2360 1206 2417 3.
1270 2359 1450 2417 affert
1476 2355 1699 2433 Angel.

217 2450 443 2510 Abulen.
493 2453 665 2512 Host.
703 2452 855 2528 Veg.
907 2452 1133 2528 Lopez,
1194 2449 1699 2521 Ancharranum,

217 2550 267 2602 et
290 2543 380 2617 Sa,
435 2562 698 2621 quorum
729 2543 919 2622 aliqui
965 2542 1234 2621 probant
1275 2561 1347 2601 ex
1380 2560 1475 2615 eo,
1537 2538 1706 2620 quod

218 2635 395 2695 omnia
421 2636 580 2696 bona
637 2635 904 2695 usurarii
959 2635 1085 2694 sint
1139 2634 1562 2713 hypothecam
1591 2650 1705 2711 pro

219 2728 392 2787 usuris
419 2728 580 2806 quod
609 2735 825 2789 tamen
878 2746 1068 2805 supra
1113 2727 1339 2786 falsum
1382 2745 1514 2786 csse
1544 2725 1706 2785 vidi-

219 2838 351 2881 muS.
380 2821 493 2881 Alii
521 2840 594 2881 ex
625 2821 793 2881 dicto
823 2839 878 2882 c.
918 2821 1042 2880 Tua
1069 2838 1191 2895 nos,
1225 2821 1288 2878 in
1320 2819 1527 2879 verbis
1556 2819 1711 2879 cita-

218 2914 299 2973 tis.
351 2913 465 2974 Sed
508 2912 593 2973 ibi
633 2932 755 2973 non
802 2912 1050 2988 dicitur,
1108 2911 1385 2988 singulos
1428 2928 1710 2970 seorsum

217 3005 351 3066 filios
384 3007 569 3067 teneri
601 3007 666 3065 in
696 3004 987 3080 solidum,
1035 3004 1143 3063 sed
1174 3004 1333 3063 filios
1362 3003 1584 3078 teneri,
1621 3002 1712 3061 ni·-

218 3099 415 3158 mirum
442 3117 512 3159 eo
542 3098 756 3174 mod0,
793 3116 916 3176 quo
948 3097 1113 3175 patri
1141 3096 1506 3157 succedunt.

284 3192 554 3253 Secunda
582 3209 734 3270 ergo
765 3190 1070 3251 sententia
1099 3191 1468 3266 communis,
1519 3194 1583 3250 et
1609 3208 1718 3248 ve-

219 3286 327 3345 rior
350 3293 454 3361 est,
485 3285 767 3364 singulos
786 3284 983 3345 teneri
1013 3285 1214 3344 solum
1246 3284 1324 3343 ad
1343 3289 1583 3362 partem
1607 3282 1716 3342 de-

221 3378 311 3437 biti
330 3377 499 3456 juxta
552 3395 916 3438 mensuram
970 3377 1032 3435 in
1061 3395 1184 3455 qua
1229 3376 1575 3436 succedunt
1603 3375 1716 3434 de-

219 3471 425 3532 functo.
481 3474 571 3533 lta
599 3470 876 3546 Medina,
913 3469 1108 3548 Cajet.
1143 3471 1349 3543 SotuS,
1398 3470 1714 3544 Silvester,

223 3564 480 3625 Panorm.
530 3582 692 3644 quos
721 3564 901 3623 affert
943 3567 1005 3623 et
1048 3563 1330 3642 sequitur
1355 3561 1586 3623 Molina
1615 3560 1722 3621 ubi

217 3674 365 3734 supr.
411 3658 698 3717 Emman.
735 3655 989 3733 Rodrig.
1040 3656 1264 3714 Navar.
1318 3658 1381 3715 et
1422 3654 1522 3713 alii
1554 3652 1723 3732 apud

221 3748 373 3808 Salas
399 3748 458 3809 d.
493 3767 667 3809 num.
703 3751 760 3807 3.
798 3747 977 3807 Ratio
1010 3752 1122 3822 est,
1158 3747 1304 3825 quia
1334 3747 1496 3807 sicut
1524 3746 1720 3808 actio-

222 3859 314 3900 nes
339 3841 608 3902 defuncti
669 3840 1035 3900 dividuntur
1079 3839 1239 3899 inter
1284 3839 1565 3898 haeredes
1612 3856 1723 3917 pro

221 3939 340 3994 rata
367 3934 766 4002 baereditatiS,
803 3933 886 3993 ita
911 3938 974 3994 et
1002 3950 1195 3992 onera
1225 3933 1495 4010 passiva,
1538 3935 1726 4009 atque

223 4026 410 4088 debita
435 4027 629 4087 dividi
662 4026 913 4099 debent,
973 4030 1043 4084 ut
1088 4030 1335 4084 constat
1375 4042 1446 4083 ex
1479 4025 1518 4084 l.
1553 4041 1618 4083 11.
1656 4025 1722 4084 C.

223 4117 281 4178 de
303 4118 505 4180 hcet-ed.
550 4120 765 4180 action.
811 4118 942 4180 etl.
993 4116 1180 4177 Paeto
1207 4136 1614 4193 suceessorum,
1657 4117 1723 4176 C.

222 4211 282 4270 de
295 4215 495 4293 poetis.
531 4216 691 4273 Nam
717 4211 863 4271 licet
890 4210 1114 4287 singuli
1145 4214 1599 4288 repraesentent
1627 4208 1729 4267 de-

224 4304 503 4381 functum,
530 4324 654 4366 non
679 4302 1195 4377 tamentolaliter,
1220 4302 1328 4362 sed
1352 4321 1425 4362 ex
1447 4307 1644 4380 parte,
1671 4305 1733 4362 et

224 4415 417 4459 omnes
429 4400 612 4458 simul
631 4395 1586 4475 repraesentantsslumtotaliter:
1610 4413 1731 4454 non

225 4509 355 4568 ergo
374 4490 846 4568 habentsinguli
864 4488 1070 4549 omnia
1090 4506 1284 4548 onera
1300 4487 1574 4547 defuncti
1599 4489 1737 4564 post

225 4582 505 4644 bonorum
528 4583 932 4653 divisionem3
967 4581 1316 4640 sicutenim
1343 4580 1508 4639 bona
1537 4580 1734 4638 divisa

225 4674 474 4752 fuerunt,
509 4678 598 4737 ita
627 4681 691 4735 et
718 4693 907 4735 onera
942 4694 956 4733 ε
996 4692 1190 4752 quare
1219 4673 1382 4732 sicut
1409 4673 1735 4731 deficiente

225 4775 350 4845 post
374 4770 745 4829 divisionem
776 4775 904 4826 uno'
930 4765 1179 4825 haerede
1203 4810 1219 4840 ‚
1282 4784 1403 4824 non
1442 4763 1741 4825 accrescit

227 4862 348 4937 ejus
373 4862 573 4939 portio
615 4860 753 4920 aliis
795 4857 1260 4928 conaeredibus;
1319 4858 1407 4918 ita
1449 4876 1562 4917 nec
1606 4857 1742 4936 ejus

230 4973 402 5014 onera
432 4955 669 5015 debent
697 4953 830 5012 aliis
859 4969 1218 5012 accrescere
1252 4997 1265 5012 .
1303 4969 1445 5009 nam
1473 4950 1576 5029 qui
1606 4968 1742 5009 sen-

229 5046 581 5107 titcommod
592 5064 695 5107 um
712 5044 898 5105 debet
920 5050 983 5105 et
997 5061 1184 5104 onera
1201 5043 1452 5118 sentire,
1474 5048 1579 5103 ete
1603 5061 1745 5103 con-

231 5144 335 5200 tra.
369 5142 496 5201 Non
529 5145 628 5200 est
657 5157 805 5216 ergo
838 5137 915 5197 ab
944 5137 1063 5196 hac
1093 5134 1407 5195 communi
1439 5134 1748 5197 sententia

232 5233 660 5306 recedendum,
706 5250 844 5310 quae
874 5230 938 5289 in
965 5227 1427 5289 naturalissima
1455 5227 1747 5306 aequitate
1850 5245 2062 5289 coram
2101 5227 2335 5301 multis,
2389 5230 2579 5304 negat
2606 5225 2837 5310 Molina
2884 5225 2990 5285 ibi.
3051 5227 3391 5290 Affirmant

231 5324 511 5387 fundatur

539 5515 698 5574 Tou.
734 5513 859 5572 vll.

3196 323 3307 381 257

2465 821 2522 900 ς.
2554 823 2613 881 3.

2178 1088 2267 1149 De
2289 1089 2474 1168 poenz's
2502 1089 2928 1151 usurariorum.

1874 1343 2086 1401 Restat
2114 1340 2332 1401 ultimo
2361 1340 2498 1400 loco
2529 1358 2715 1417 agere
2767 1341 2845 1401 de
2875 1343 3077 1420 poenis
3105 1362 3320 1403 usura·

3470 1351 3589 1411 238

1791 1433 1905 1505 rii;
1941 1432 2085 1512 qnia
2118 1450 2263 1492 vero
2296 1433 2600 1511 ejusmodi
2623 1452 2825 1512 poenae
2847 1433 3151 1513 impositae
3180 1441 3326 1497 sunt
3421 1475 3640 1519 usuraria

1792 1526 2090 1587 usurariis
2123 1526 2400 1603 notoriis,
2452 1527 2831 1604 praemittere
2863 1533 3128 1606 oportet,
3179 1548 3318 1589 eum
3382 1529 3566 1572 ⁰⁰¹⁰r³¹¹⁸
3588 1525 3683 1581 «ιώ

1793 1617 2092 1698 appellari
2125 1618 2462 1694 notorium,
2523 1637 2634 1678 seu
2682 1620 3080 1679 manifestum
3111 1639 3317 1681 usura-

1793 1712 1977 1771 rium.

1879 1804 2105 1880 Primo,
2155 1804 2262 1883 qui
2291 1803 2429 1864 talis
2458 1808 2551 1863 est
2582 1803 2949 1864 notorietate
2979 1804 3146 1881 facti,
3182 1808 3329 1885 quia

1797 1915 2018 1957 usuras
2047 1902 2296 1958 exercet
2320 1896 2532 1955 multis
2561 1896 3111 1974 conspicientibuS,
3146 1899 3231 1959 ita
3262 1903 3331 1960 ut

1798 1990 1967 2049 nulla
1995 1990 2194 2067 possit
2221 1988 2733 2067 tergiversatione
2763 1980 2973 2050 celari.
3033 1991 3130 2050 Ad
3161 1990 3330 2070 quod

1798 2100 1921 2143 non
1952 2082 2294 2160 requiritur
2346 2099 2536 2140 usura
2584 2082 2884 2159 formali8‚
2945 2083 3054 2142 sed
3103 2083 3333 2143 sufficit

1798 2175 2101 2251 virtualiS,
2138 2174 2339 2253 qualis
2370 2178 2483 2249 est,
2519 2174 2571 2232 si
2591 2192 2780 2252 supra
2792 2173 3034 2252 justum
3064 2175 3334 2254 pretium

1800 2268 2032 2329 vendat
2058 2273 2315 2347 propter
2344 2266 2598 2326 dilatam
2629 2266 2809 2344 pretii
2838 2266 3231 2339 solutionem,
3267 2273 3339 2329 ut

1802 2380 1944 2422 cum
1975 2363 2278 2437 NavarrO,
2339 2358 2659 2434 Silvestre,
2722 2360 3063 2420 Panormit.
3111 2366 3174 2421 et
3202 2360 3337 2420 aliis

1804 2453 2033 2513 docent
2059 2451 2292 2513 Molina
2320 2450 2479 2528 disp.
2511 2453 2648 2511 333.
2688 2449 2853 2525 Ouod
2877 2470 3035 2525 vero,
3070 2458 3132 2512 et
3160 2453 3337 2514 Salas

1805 2546 1954 2606 duh.
1990 2561 2156 2606 xnvi.
2219 2563 2323 2604 nu.
2361 2548 2416 2604 1.
2479 2547 2540 2603 et
2567 2543 2773 2621 colligi
2803 2543 3054 2604 videtur
3082 2564 3157 2603 ex
3186 2563 3326 2622 cap.

1805 2638 1909 2700 Ad
1931 2646 2213 2711 nostram,
2246 2636 2316 2696 de
2342 2636 2626 2716 emptione
2653 2644 2706 2695 et
2735 2635 3083 2699 venditione.

1890 2730 2178 2791 Secundo
2208 2729 2574 2790 manifestus
2601 2727 2921 2788 usurarius
2952 2729 3199 2806 dicitur,
3233 2729 3341 2808 qui

1811 2825 1948 2885 talis
1976 2828 2072 2883 est
2100 2822 2470 2883 notorieiate
2493 2821 2676 2900 juris,
2713 2821 2963 2900 quando
2997 2840 3224 2902 nempe
3246 2821 3344 2902 ju-

1811 2917 1966 2977 dicis
1993 2916 2302 2976 sententia
2356 2916 2433 2974 de
2465 2932 2537 2975 eo
2568 2913 2825 2974 crimine
2858 2914 3193 2976 damnatus
3223 2922 3336 2976 est.

1812 3016 1908 3071 An
1938 3027 2085 3068 vero
2116 3007 2386 3068 sufficiat
2414 3025 2549 3066 esse
2577 3007 2639 3065 in
2676 3006 2915 3086 judicio
2960 3008 3340 3084 convictum,

1814 3106 2151 3180 antequam
2206 3098 2658 3159 condemnetur
2683 3145 2698 3175 ‚
2768 3118 2999 3178 negare
3055 3099 3350 3161 videntur

1814 3194 2110 3270 Villagut‚
2156 3196 2374 3254 Covar.
2409 3192 2710 3253 Bernard.
2747 3193 2917 3269 Diaz,
2964 3193 3253 3254 Menoch.
3288 3198 3352 3254 et

1816 3288 1918 3348 alii
1940 3285 2107 3364 apud
2140 3285 2316 3346 Salas
2346 3303 2449 3345 nu.
2474 3288 2531 3345 4.
2570 3285 2693 3345 Sed
2724 3286 3108 3346 contrarium
3137 3288 3354 3347 tenent

1818 3381 2105 3440 doctores
2161 3379 2578 3438 communiter
2632 3378 2883 3457 quando
2939 3397 3051 3456 per
3091 3378 3352 3439 idoneos

1818 3476 2005 3533 testes
2035 3488 2248 3530 coram
2271 3469 2482 3549 judice
2525 3470 2760 3529 crimen
2792 3475 2885 3530 est
2914 3470 3098 3548 plane
3127 3470 3355 3550 proba·

1817 3570 1973 3639 tum,
2009 3580 2165 3642 quos
2195 3563 2463 3622 afferunt
2492 3567 2554 3623 et
2581 3568 2928 3642 sequuntur
2960 3564 3101 3625 Mol.
3136 3580 3349 3642 supra,

1822 3662 1883 3718 et
1912 3655 2087 3716 Salas
2121 3674 2183 3715 n.
2221 3658 2277 3716 1.
2327 3660 2389 3715 et
2419 3654 2495 3713 dc
2527 3655 2811 3716 convicto
2851 3673 3142 3733 expresse
3172 3655 3358 3716 docet

1824 3751 1906 3811 Sa
1936 3747 2102 3825 apud
2136 3748 2312 3809 Salas
2341 3766 2402 3807 n.
2435 3751 2495 3807 4.
2549 3747 2598 3807 si
2631 3765 2775 3805 eum
2807 3748 3164 3809 convictum
3194 3767 3351 3825 esse,

1822 3841 2146 3919 vulgatum
2176 3840 2255 3899 sit
2289 3839 2522 3901 multis,
2584 3841 2715 3898 Non
2764 3845 2974 3900 tamen
3019 3840 3358 3902 sufficitla-

1825 3935 2048 3994 horare
2066 3932 2320 3991 infamia
2341 3931 2509 4009 apud
2526 3931 2753 3991 multos
2771 3936 2832 3992 et
2846 3932 3098 4009 prohOS,
3116 3931 3360 3993 etiamsi

1826 4026 2085 4087 infamia
2122 4024 2291 4102 apud
2316 4023 2595 4101 judicem
2638 4024 2958 4102 probetur,
3007 4030 3070 4085 et
3099 4042 3362 4085 concur-

1827 4124 1926 4180 rat
1954 4137 2114 4178 unus
2163 4117 2358 4192 testiS,
2418 4116 2513 4175 vel
2558 4117 2747 4177 etiam
2802 4116 2979 4177 multi
3037 4135 3161 4177 non
3192 4117 3363 4178 omni

1830 4211 2195 4288 exceptione
2236 4208 2526 4286 majores,
2589 4208 2697 4287 qui
2741 4226 2883 4268 cum
2942 4208 3198 4268 infamia
3237 4228 3364 4270 non

1831 4304 2065 4364 faciant
2117 4302 2367 4380 plenam
2422 4301 2855 4380 probationem
2877 4348 2891 4377 ,
2953 4320 3067 4362 nec
3122 4301 3364 4363 etiamsi

1833 4415 1973 4457 eam
2005 4395 2083 4455 ob
2113 4412 2368 4454 causam
2414 4395 2746 4453 dainnetur
2790 4412 2978 4471 poena
3018 4395 3231 4473 aliqua
3260 4415 3367 4455 ex-

1838 4486 2250 4550 traordinaria
2309 4486 2677 4556 arbitraria3
2737 4505 2850 4546 nec
2906 4487 2956 4545 si
3012 4487 3136 4547 sint
3189 4487 3367 4547 multi

1835 4586 2024 4643 testes
2078 4580 2428 4656 singulares
2457 4579 2623 4637 circa
2680 4579 2960 4638 diversos
2999 4585 3194 4655 actus,
3253 4579 3369 4640 nisi

1836 4680 1930 4735 tot
1956 4673 2098 4748 sint,
2159 4678 2229 4732 ut
2255 4671 2594 4731 accedente
2625 4671 2881 4730 infamia
2901 4718 2915 4747 ,
2977 4672 3211 4734 faciant
3239 4674 3372 4751 ple-

1841 4785 1986 4827 nam
2019 4765 2474 4844 probationem,
2534 4782 2648 4823 nec
2677 4763 2725 4821 si
2775 4764 3004 4824 indicia
3032 4765 3156 4826 sint
3186 4765 3372 4825 simul

1842 4876 1985 4919 cum
2004 4857 2282 4931 infamia,
2318 4857 2432 4915 nisi
2453 4856 2775 4916 evidenter
2795 4857 3060 4935 probent
3092 4877 3370 4934 usuram,

1844 4951 1921 5010 de
1952 4950 2178 5028 quibus
2207 4950 2462 5008 Covarr.
2490 4949 2592 5008 ΙΙΙ.
2642 4947 2874 5010 Variar.
2911 4967 3050 5028 cap.
3085 4966 3179 5012 111.
3215 4970 3276 5012 n.
3308 4954 3370 5013 4.

1844 5043 2097 5118 Molina,
2133 5046 2195 5101 et
2227 5041 2403 5102 Salas
2433 5040 2587 5101 locis
2616 5040 2786 5101 citat.

1925 5137 2020 5195 An
2054 5151 2201 5194 vero
2232 5133 2501 5193 sufficiat
2556 5132 2863 5192 confessio
2895 5132 3380 5212 extrajudicialis

3488 2733 3605 2795 939

3531 5155 3651 5215 2⁴0

3465 5281 3531 5325 Au
3549 5276 3713 5322 sufficia

1853 5321 2073 5398 Angel.
2122 5320 2370 5380 Silvest.
2418 5318 2678 5379 Tabien.
2726 5317 2945 5378 Armil.
2995 5323 3055 5379 et
3084 5319 3188 5380 aiii
3219 5321 3383 5399 apud
3492 5332 3700 5388 concessio

1855 5414 2030 5475 Salas
2060 5431 2120 5473 n.
2148 5415 2207 5473 3.
2242 5411 2493 5490 quando
2524 5409 2828 5472 confessio
2857 5412 2929 5472 fit
2956 5410 3016 5471 in
3044 5414 3263 5474 mortis
3292 5432 3375 5475 ar·

2990 5508 3061 5565 {7

3458 5383 3754 5438 minimulu-
