4263 6376
1236 309 1706 371 DISPUTA'PIO
1754 310 1968 385 XXVI,
2019 312 2292 372 SEC'PIO
2339 314 2439 374 IV.

254 480 372 555 alii,
396 482 619 561 quibus
647 483 815 546 favet
842 486 1096 562 FumuS,
1130 486 1305 547 verb.
1331 486 1564 567 emptio,
1597 507 1770 548 num.

255 578 345 635 28.
371 576 501 651 Ego
541 576 726 636 etiam
770 596 843 636 ex
889 577 950 636 vi
999 578 1160 654 juris
1209 580 1454 657 positivi
1500 580 1775 640 concedo

255 685 373 728 non
410 687 547 727 esse
592 669 840 747 culpam
871 669 1178 729 venialem
1214 691 1226 731 :
1264 671 1410 750 quia
1454 672 1625 750 leges
1672 671 1777 731 ad-

253 760 471 836 ductae,
507 769 574 822 ut
599 762 759 821 bene
790 762 1097 841 ponderat
1124 764 1354 823 Melina
1383 765 1520 824 loco
1562 765 1773 839 citat0,

254 852 535 912 videntur
564 855 763 914 solum
821 855 989 933 loqui
1023 855 1100 915 de
1151 857 1509 934 negotiante
1557 875 1670 935 per
1711 875 1778 917 se

256 947 472 1023 ipsum,
507 965 630 1006 non
662 947 741 1007 de
783 947 885 1008 illo
940 948 1045 1027 qui
1093 953 1286 1009 totam
1336 968 1554 1009 curam
1601 949 1779 1011 alteri

258 1038 563 1116 relinquit,
614 1044 676 1099 et
709 1040 838 1117 ipse
877 1040 1046 1101 nullo
1087 1041 1275 1101 modo
1322 1060 1387 1101 se
1435 1042 1683 1121 ingerit.
1713 1043 1782 1104 Si

256 1150 395 1207 ergo
424 1130 610 1209 culpa
638 1150 773 1191 esse
805 1137 1043 1209 potest,
1079 1132 1213 1193 hoec
1244 1134 1362 1194 erit
1403 1138 1657 1212 propter
1685 1134 1779 1195 in-

257 1223 597 1283 decentiam
630 1231 849 1285 contra
875 1224 1080 1303 legem
1111 1227 1459 1288 naturalem
1479 1274 1494 1303 ,
1546 1233 1609 1289 et
1635 1246 1780 1288 con-

258 1320 344 1376 tra
389 1317 805 1378 reverentiam
861 1318 1056 1395 ipsius
1111 1324 1346 1395 statuS,
1407 1339 1547 1399 quai
1596 1321 1783 1398 culpa

254 1408 583 1487 aliquando
617 1410 845 1487 poterit
881 1428 1015 1469 esse
1058 1412 1337 1472 mortalis
1381 1412 1622 1473 ratione
1653 1431 1780 1472 ma-

254 1501 353 1578 gni
381 1501 700 1573 scandali;
752 1502 1089 1581 aliquando
1132 1505 1392 1565 venialis
1440 1505 1644 1565 solum
1687 1523 1782 1565 ra-

257 1594 413 1653 tione
440 1594 723 1654 scandali
752 1595 906 1655 levis
929 1641 944 1669 ‚
984 1596 1078 1654 vel
1105 1596 1393 1675 aliqualis
1434 1597 1784 1659 distractio·

259 1686 344 1746 nis
370 1690 431 1747 et
459 1685 671 1747 nimiae
701 1687 1134 1764 applicationis
1159 1735 1173 1763 ,
1209 1707 1399 1768 quam
1446 1708 1659 1751 secum
1692 1690 1786 1749 af-

257 1779 365 1839 fert
393 1780 494 1838 illa
524 1779 866 1858 negotiatio
883 1780 1160 1842 mediata
1195 1782 1582 1861 :aliquando
1616 1783 1785 1843 nulla

258 1872 366 1933 crit
383 1871 593 1949 culpa,
629 1873 878 1951 quando
901 1872 1073 1951 justa
1090 1874 1170 1934 sit
1189 1874 1248 1933 id
1265 1893 1457 1935 causa
1474 1875 1743 1936 faciendi
1765 1894 1779 1937 :

149 2008 156 2019 .
260 1972 315 2025 et
340 1965 476 2025 ideo
507 1965 642 2043 ipse
674 1967 862 2026 etiam
891 1967 1140 2027 Lessius
1187 1972 1248 2028 et
1294 1967 1402 2028 alii
1428 1970 1780 2044 consulunt,

157 3669 206 3709 int

261 2077 330 2117 ne
355 2058 462 2119 fiat
484 2059 621 2117 sine
664 2058 835 2135 justa
883 2059 1093 2138 aliqua
1135 2078 1346 2136 causa,
1380 2060 1527 2139 quia
1560 2079 1784 2140 parum

259 2151 545 2211 decorum
575 2151 848 2212 videtur.
881 2152 1157 2212 Advcrto
1190 2160 1399 2212 autem
1449 2172 1630 2232 posse
1665 2152 1787 2213 hoc

260 2248 575 2322 peccatum
609 2244 852 2303 veniale
882 2244 1026 2303 oriri
1076 2245 1411 2323 aliquando
1456 2266 1529 2305 ex
1579 2246 1788 2323 prohi-

260 2336 479 2396 bitione
510 2336 955 2406 ecclesiastica,
991 2336 1090 2398 cui
1122 2342 1322 2415 potest
1351 2338 1574 2399 leviter
1600 2358 1789 2417 repu-

260 2448 440 2507 gnare
493 2430 600 2488 illa
646 2429 1027 2507 negotiatio;
1076 2430 1328 2508 quando
1370 2431 1609 2493 scilicet
1662 2450 1787 2492 non

261 2528 381 2583 tota
409 2541 560 2582 cura
591 2522 847 2582 omnino
877 2522 1252 2601 relinquitur
1279 2523 1461 2597 laico,
1487 2542 1663 2601 aquo
1693 2524 1789 2583 lu-

261 2634 426 2675 crum
454 2615 754 2692 accipias,
789 2615 895 2673 sed
928 2615 1158 2675 retines
1187 2615 1299 2675 tibi
1331 2615 1789 2694 aliquantulum

263 2727 439 2782 curae,
474 2706 893 2781 sollicitando,
935 2707 1288 2784 dirigendo,
1314 2708 1703 2784 instruendo,
1730 2712 1792 2770 et

265 2802 430 2880 quasi
482 2800 1101 2879 superintendendo,
1160 2819 1298 2878 quae
1355 2801 1604 2862 videtur
1656 2820 1790 2862 esse

265 2893 540 2972 aliqualis
601 2892 945 2971 negotiatio
1015 2911 1127 2971 per
1183 2894 1601 2970 temetipsum.
1658 2896 1790 2956 Imo

264 2992 422 3046 tanta
451 2991 669 3064 posset
712 3003 846 3044 esse
901 2984 1036 3045 haec
1079 2986 1689 3064 superintendentia,
1726 2990 1794 3047 ut

266 3079 611 3157 perveniret
640 3077 722 3137 ad
754 3078 1001 3155 culpam
1031 3079 1382 3153 mortalem,
1419 3079 1562 3158 quia
1593 3080 1796 3159 perin-

266 3171 335 3232 de
388 3177 552 3232 esset
609 3190 684 3231 ac
739 3170 788 3230 si
833 3188 946 3249 per
996 3170 1302 3232 famulum
1360 3172 1789 3250 negotiareri8‚

267 3267 424 3344 quod
465 3266 652 3325 estin
702 3263 906 3341 rigore
955 3264 1261 3343 negotiari
1305 3284 1417 3342 per
1457 3269 1516 3326 te
1564 3266 1790 3343 ipsum,

267 3364 326 3418 et
349 3359 688 3436 opponitur
715 3358 948 3417 directe
996 3363 1059 3417 et
1106 3358 1383 3434 graviter
1428 3358 1551 3436 legi
1598 3360 1796 3419 eccle-

269 3451 541 3512 siasticae.

343 3545 564 3617 Quinta
602 3542 942 3603 difficultas
974 3547 1085 3618 est,
1122 3562 1199 3602 an
1238 3544 1318 3604 ob
1347 3545 1795 3605 necessitatem

274 3637 503 3715 possint
531 3635 940 3697 ecclesiastici
969 3636 1203 3716 absque
1219 3642 1478 3714 peccato
1509 3638 1796 3712 negotia-
1823 3691 1828 3696 ,

271 3731 361 3790 ri?
397 3730 725 3792 affirmant
753 3729 1097 3789 communit
1113 3747 1169 3788 ‘r
1218 3730 1524 3790 doctores,
1563 3730 1795 3791 Molina

275 3824 371 3883 ubi
423 3842 638 3902 supra,
697 3824 752 3900 ἓ.
795 3821 990 3882 Tertio
1043 3821 1460 3882 observandum
1515 3831 1618 3899 est,
1679 3826 1797 3883 Na-

274 3935 479 3976 varrus
500 3914 694 3993 capit.
725 3931 868 3975 xxv.
918 3933 1090 3974 num.
1123 3918 1254 3977 110.
1293 3918 1395 3976 Sa.
1428 3921 1491 3977 ct
1544 3916 1791 3991 Zerola,

276 4027 408 4068 cum
436 4008 572 4068 aliis
604 4025 764 4086 quos
794 4009 977 4067 ass'ert
1006 4012 1067 4067 et
1108 4009 1390 4086 sequitur
1419 4008 1591 4070 Salas
1623 4027 1794 4069 num.

274 4107 328 4161 Ἰ.
360 4107 418 4163 61
444 4100 764 4179 colligitur
793 4118 865 4160 ex
923 4118 1060 4178 cap.
1125 4100 1360 4176 Dilecti,
1419 4100 1490 4161 de
1534 4100 1791 4177 decimis,

277 4194 371 4254 ubi
401 4192 695 4254 monachi
726 4192 1064 4253 conductos
1097 4192 1410 4253 habebant
1436 4211 1623 4272 agros
1652 4193 1803 4253 alie-

276 4307 400 4361 nos,
433 4294 496 4347 et
538 4287 831 4347 doctores
861 4286 1347 4364 interpretantur
1407 4287 1556 4345 illud
1615 4287 1801 4346 fuisse

278 4384 524 4458 propter
582 4379 1046 4450 necessitatem,
1103 4396 1243 4437 cum
1296 4379 1510 4438 Glossa
1584 4379 1691 4453 ibi,
1742 4384 1804 4439 61

280 4473 481 4532 Glossa
514 4472 574 4531 in
619 4491 758 4549 cap.
793 4470 1093 4546 Pervenit,
1144 4471 1317 4531 verb.
1378 4470 1800 4549 conductione-3,

279 4564 412 4626 dist.
447 4581 697 4625 Lxxxvl.
733 4564 828 4625 Ad
861 4563 1029 4642 quod
1078 4564 1267 4624 etiam
1298 4564 1446 4624 facit
1472 4565 1805 4625 concilium

279 4658 729 4719 Eliberitanum
760 4657 1211 4735 cap.x1x.unde
1260 4657 1425 4716 idem
1456 4657 1687 4718 Molina
1713 4659 1807 4717 in-

280 4750 389 4811 fert
411 4769 593 4829 posse
617 4750 941 4828 religiosos
971 4750 1129 4822 illos,
1165 4750 1269 4830 qui
1294 4750 1353 4809 in
1381 4750 1680 4810 Brasilica
1706 4769 1806 4811 re-

280 4843 454 4920 gione
476 4844 814 4904 attendunt
840 4844 922 4904 ad
951 4844 1425 4904 conversionem
1453 4843 1800 4921 gentilium,

281 4937 467 5015 etqui
523 4938 717 4998 rebus
762 4936 972 4997 multis
1020 4954 1093 4996 ex
1142 4935 1438 5015 Hispania
1494 4936 1570 4996 ad
1627 4955 1805 4997 suam

285 5030 799 5090 sustentationem
855 5029 1156 5107 indigent,
1209 5048 1324 5088 nec
1373 5029 1669 5107 pecunias
1721 5029 1808 5091 ibi

283 5117 506 5183 habent
540 5141 703 5201 quas
733 5123 983 5182 mittant
1006 5122 1068 5180 in
1085 5122 1449 5200 Hispaniam
1478 5140 1590 5200 pro
1621 5122 1807 5183 rebus

283 5211 392 5271 illis
419 5214 884 5293 comparandiS,
917 5214 1163 5276 mittere
1176 5231 1418 5273 merces
1447 5214 1621 5286 alia3‚
1659 5234 1807 5294 qua·

288 5323 416 5364 rum
446 5306 530 5367 ibi
550 5307 738 5386 eopia
768 5313 880 5380 est,
915 5311 983 5368 ut
1011 5325 1084 5367 ex
1111 5325 1326 5366 earum
1358 5304 1556 5384 pretio
1579 5307 1641 5366 in
1672 5307 1810 5368 His-

289 5399 465 5475 pania
521 5406 892 5479 comparent
945 5399 1058 5460 sibi
1118 5400 1502 5461 necessaria:
1563 5399 1806 5479 hocque

593 5495 755 5556 Tou.
787 5495 916 5554 vll.

3288 318 3405 378 273

1879 508 1992 566 per
2007 489 2372 567 epycheiam
2406 492 2625 553 saltem
2656 492 2895 553 licitum
2915 511 3071 568 esse,
3107 511 3183 553 ne
3206 493 3407 554 victus

1879 581 2126 642 defectu
2162 583 2367 643 desint
2421 584 2690 662 operarii
2750 586 3079 646 necessarii
3136 586 3215 645 ad
3262 606 3410 666 pro-

1882 673 2098 734 vinciae
2129 673 2292 735 illius
2331 677 2823 738 conversionem.
2858 680 2935 738 Et
2962 678 3214 757 quidem
3269 699 3405 739 cer-

1880 770 2012 826 tum
2043 772 2137 827 est
2163 767 2334 845 leges
2389 769 2862 847 ecclesiasticaS‚
2895 773 3094 851 qualis
3124 777 3217 832 est
3246 772 3403 851 hoec,

1881 876 2003 918 non
2033 859 2312 937 obligare
2340 868 2704 923 occurrente
2736 864 3102 925 necessitate
3146 883 3406 944 propor-

1880 951 2141 1027 tionata,
2174 958 2242 1014 ut
2270 958 2514 1015 constat
2542 955 2600 1013 in
2640 956 2780 1031 lege
2807 955 3052 1035 jejunii,
3112 958 3411 1018 audiendi

1882 1043 2161 1120 missam,
2183 1050 2244 1106 et
2272 1046 2427 1107 aliis.

2336 1472 2757 1555 sEcho
2842 1475 2949 1555 W.

1987 1770 2074 1829 De
2096 1774 2288 1852 pretio
2294 1774 2461 1852 justo
2489 1774 2549 1833 in
2577 1776 2880 1856 emptione,
2912 1785 2967 1837 et
2993 1777 3315 1840 venditione

2500 1880 2801 1942 servando.

1964 2145 2218 2206 Justitia
2249 2146 2432 2225 hujus
2462 2152 2819 2210 contractus
2848 2150 3163 2228 dependet
3189 2151 3413 2231 majori

1887 2256 1960 2296 ex
1989 2243 2166 2314 parte
2196 2258 2269 2299 ex
2291 2240 2535 2317 justitia
2563 2242 2768 2320 pretii,
2804 2243 2934 2303 sive
2965 2244 3132 2303 enim
3153 2247 3417 2307 excedat

1886 2329 2015 2389 sive
2047 2331 2319 2406 deficiat,
2372 2352 2496 2393 non
2550 2341 2838 2399 servatur
2891 2338 3214 2416 aequalitas
3255 2340 3418 2400 inter

1886 2424 2347 2501 contrahenteS,
2384 2445 2571 2505 quam
2594 2428 2834 2507 justitia
2866 2430 3151 2493 intendit.
3202 2426 3421 2493 Viden-

1889 2536 2038 2595 ergo
2070 2523 2184 2593 est,
2211 2520 2379 2598 quod
2414 2521 2493 2581 sit
2520 2522 2791 2599 pretium
2814 2526 3077 2601 justum,
3114 2526 3281 2604 quod
3337 2526 3417 2586 ab

1889 2617 2169 2689 emptore
2200 2611 2360 2689 exigi
2392 2618 2453 2673 et
2482 2613 2616 2672 dari
2644 2614 2850 2675 debet.
2886 2616 3122 2694 Duplex
3154 2622 3246 2678 est
3274 2636 3416 2695 pre-

1887 2703 2041 2764 tium
2065 2705 2328 2781 justum,
2361 2705 2627 2766 alterum
2656 2707 3006 2784 legitimum
3049 2726 3158 2768 seu
3189 2709 3415 2787 legale,

1892 2796 2058 2874 quod
2091 2797 2226 2873 lege
2257 2797 2354 2857 vel
2384 2798 2637 2859 dec-reto
2694 2800 2991 2878 principis
3034 2803 3130 2861 vel
3188 2804 3421 2880 magis-

1889 2894 2090 2951 tratus
2118 2894 2420 2951 statutum
2449 2893 2966 2966 est,considerata
2997 2895 3296 2973 qualitate
3328 2896 3420 2955 rei

1892 2988 1953 3042 et
2025 2983 2161 3042 aliis
2244 2984 2534 3044 omnibus
2591 2984 3108 3051 circumstantiis:
3156 2989 3423 3049 alterum

1894 3076 2153 3153 vulgare
2167 3096 2273 3136 seu
2300 3078 2601 3153 naturale,
2637 3078 2803 3156 quod
2819 3080 3000 3157 juxta
3025 3099 3423 3142 communem

1895 3167 2221 3229 hominum
2253 3171 2731 3232 {estimationem
2762 3178 2822 3233 ct
2841 3171 3149 3251 judicium
3195 3175 3426 3237 consti-

1898 3267 2098 3323 tutum
2133 3268 2244 3338 est,
2280 3282 2401 3322 non
2451 3283 2525 3323 ex
2555 3264 2738 3324 unius
2778 3266 2874 3325 vel
2905 3267 3160 3327 alterius
3181 3268 3425 3346 privato

1897 3358 2145 3430 affectu,
2180 3356 2287 3415 sed
2319 3375 2393 3415 ex
2422 3357 2760 3431 communi,
2788 3357 2970 3436 juxta
3022 3359 3247 3437 legem,
3282 3359 3426 3421 Pre-

1896 3447 2000 3522 tia,
2035 3449 2100 3508 ff.
2136 3446 2215 3508 ad
2253 3447 2432 3528 leqem
2488 3448 2835 3510 Falcidiam.
2899 3453 3174 3513 Pretium
3228 3454 3427 3531 legiti-

1895 3559 2066 3600 mum
2090 3540 2329 3620 justum
2361 3546 2473 3617 est,
2502 3543 2745 3620 quoties
2773 3561 2895 3602 non
2926 3550 3169 3605 constat
3216 3547 3428 3626 inique

1897 3633 2283 3709 muneribus,
2319 3635 2483 3710 odio,
2520 3635 2617 3694 vel
2642 3636 2993 3712 ignorantia
3033 3655 3241 3698 crassa
3284 3640 3427 3700 duci

1897 3727 2285 3805 superiorem
2326 3727 2386 3785 in
2436 3747 2507 3786 eo
2566 3729 2889 3807 taxandozg
2913 3734 2976 3789 et
3029 3730 3113 3790 illi
3172 3732 3427 3792 omnino

1896 3820 2189 3881 standum
2212 3824 2306 3880 cst
2334 3840 2348 3887 ;
2386 3824 2517 3880 tum
2549 3822 2694 3899 quia
2722 3823 3005 3900 superior
3057 3824 3277 3883 melius
3320 3843 3429 3903 po·

1897 3918 2016 3973 test
2046 3913 2356 3973 {estimare
2386 3913 2883 3975 circumstantias
2940 3933 3158 3975 omnes
3190 3917 3270 3976 ad
3295 3918 3433 3995 jus·

1897 4011 2025 4066 tam
2055 4004 2436 4065 taxationem
2452 4006 2801 4066 faciendam
2834 4027 2846 4068 ε
2884 4011 3013 4068 tum
3036 4009 3179 4086 quia
3212 4028 3431 4088 respu-

1901 4098 2063 4158 blica
2091 4097 2153 4156 in
2186 4098 2421 4158 bonum
2476 4098 2793 4176 publicum
2851 4099 3180 4178 disponere
3228 4107 3433 4180 potest

1901 4193 1978 4251 de
2011 4190 2190 4251 bonis
2238 4191 2655 4268 subditorum,
2690 4197 2752 4253 et
2804 4192 3139 4271 prohibere
3187 4214 3265 4255 ne
3295 4197 3431 4273 plus

1901 4284 2234 4362 accipiant,
2267 4284 2365 4344 vel
2404 4285 2610 4344 minus
2665 4285 2815 4346 dent
2843 4305 2954 4364 pro
2982 4306 3050 4347 re
3080 4288 3311 4366 aliqua,
3370 4294 3435 4352 et

1902 4377 2154 4456 quando
2177 4376 2349 4454 justa
2378 4377 2757 4456 percipiendi
2817 4396 3003 4438 causa
3035 4381 3231 4455 adest,
3268 4401 3428 4460 prae-

1903 4477 2082 4548 cepto
2113 4471 2461 4548 parendum
2496 4477 2609 4531 est.
2647 4472 2777 4530 Hoc
2808 4489 2957 4549 ergo
2991 4474 3257 4550 pretium
3290 4494 3431 4534 con-

1903 4564 2061 4624 sistit
2089 4564 2150 4621 in
2219 4563 2597 4639 indivisibili,
2635 4583 2748 4624 nec
2798 4564 2986 4626 habet
3038 4567 3432 4627 latitudinem

1903 4656 2011 4716 sed
2070 4655 2658 4735 quomodocumque
2716 4658 3074 4720 excedatur.
3131 4658 3435 4734 iniustitia

1905 4748 2333 4822 committitur,
2361 4766 2481 4807 non
2512 4757 2758 4810 servato
2792 4750 2990 4828 pretio
3011 4750 3180 4829 justo
3213 4753 3433 4813 incon-

1904 4847 2127 4903 tractu.
2166 4841 2337 4902 Solet
2364 4846 2573 4901 autem
2606 4841 2725 4902 hoc
2755 4843 3024 4922 pretium
3048 4844 3434 4924 frequentius

1906 4935 2102 4996 taxari
2161 4935 2223 4994 in
2270 4935 2537 5012 gratiam
2586 4942 2961 5015 emptorum,
3024 4943 3093 4998 ut
3150 4939 3436 5000 venditor

1907 5046 2026 5088 non
2047 5027 2242 5106 possit
2261 5027 2423 5088 ultra
2455 5028 2603 5088 illud
2637 5029 2956 5108 accipere:
2993 5034 3055 5090 ct
3081 5034 3229 5090 tunc
3268 5050 3435 5110 emp·

1905 5126 2002 5182 tor
2031 5125 2238 5198 potest
2287 5120 2540 5199 quidem
2569 5121 2774 5182 minus
2821 5121 2993 5196 dare,
3054 5141 3169 5183 nec
3216 5130 3438 5201 peccat

1907 5218 2117 5274 contra
2142 5213 2451 5292 justitiam
2482 5214 2823 5275 dummodo
2855 5215 3121 5292 pretium
3151 5219 3436 5279 naturale

1907 5306 2194 5366 infimum
2246 5307 2535 5385 attingat.
2596 5307 2951 5387 Aliquando
3026 5314 3238 5370 tamen
3276 5312 3438 5374 solet

1907 5400 2202 5460 constitui
2233 5399 2295 5459 in
2322 5400 2588 5474 gratiam
2604 5401 2967 5476 venditoriS,
3001 5406 3212 5464 utnon
3243 5406 3441 5481 possit

3043 5498 3119 5558 18

3562 2172 3639 2230 38

3466 2301 3595 2365 Prelii
3614 2301 3654 2344 16
3685 2298 3764 2341 ‘ti-

3465 2361 3765 2451 asiam
