4263 6376
604 1112 681 1171 99

543 1238 757 1301 Sententia

544 1304 771 1355 comm-unit

528 1346 623 1400 quid
644 1345 770 1391 dicat.

596 4085 712 4145 100

522 4208 758 4265 expuo-nm·

848 375 929 437 86

849 547 1009 610 filios
1053 546 1370 626 legitimos
1417 548 1478 607 in
1528 546 1710 609 tertio
1764 548 2075 610 bonorum
2099 593 2115 625 ,
2173 547 2381 626 quoad

850 642 1011 702 hanc
1059 641 1249 702 etiam
1294 644 1538 720 partem
1575 659 1757 720 posse
1785 641 2067 720 spurium
2094 641 2387 719 pupillari

848 733 1284 795 substitutione
1313 733 1679 805 succedere;
1713 734 1857 812 quia
1889 733 1994 794 illa
2022 734 2208 794 etiam
2240 753 2386 813 pars

849 831 984 888 erat
1005 825 1138 904 jam
1167 826 1331 886 facta
1361 827 1615 904 proprIa
1641 826 1880 905 pupilli,
1901 827 1986 887 ita
2018 832 2084 888 ut
2110 827 2383 886 moriens

847 923 1058 998 posset
1082 937 1221 980 eam
1253 937 1375 979 non
1407 919 1542 979 aliis
1570 919 1864 980 fratribus
1883 965 1898 995 ,
1949 919 2060 980 sed
2087 924 2381 980 extraneo

846 1012 1221 1092 relinquere,
1248 1012 1298 1072 si
1328 1012 1543 1072 testari
1571 1012 1895 1091 potuisset.

929 1104 1087 1181 Dixi,
1109 1105 1330 1165 stando
1360 1106 1423 1165 in
1448 1105 1713 1181 ratione,
1735 1105 1933 1183 magis
1951 1106 2197 1184 placere
2227 1105 2380 1165 mihi

846 1197 1010 1257 banc
1036 1198 1409 1259 sententiam
1443 1218 1456 1258 :
1492 1217 1638 1257 nam
1666 1199 2003 1260 auctoritas
2031 1200 2382 1260 communis

848 1293 943 1350 est
969 1291 1029 1350 in
1068 1292 1481 1367 contrarium,
1518 1296 1580 1351 et
1608 1291 1777 1368 quod
1808 1292 1944 1369 plus
1984 1296 2098 1368 est,
2130 1291 2380 1352 videtur

847 1401 983 1443 esse
1011 1387 1228 1443 contra
1267 1383 1331 1442 id
1356 1429 1372 1458 ,
1406 1382 1572 1462 quod
1607 1382 1837 1443 dicitur
1864 1384 1926 1443 in
1954 1383 1996 1445 l.
2030 1383 2180 1445 Siw's
2203 1431 2218 1460 ,
2277 1385 2385 1465 qui

844 1493 920 1535 ex
946 1475 1135 1552 bouils,
1185 1492 1268 1536 vl.
1312 1477 1373 1535 ff.
1420 1475 1489 1536 de
1516 1476 1754 1555 vulyari
1776 1486 1831 1537 et
1846 1477 2148 1558 pupillari
2168 1477 2380 1537 substi-

842 1568 1079 1644 tutione,
1113 1567 1217 1627 ubi
1248 1567 1336 1628 ita
1363 1567 1591 1629 dicitur
1621 1589 1634 1629 z
1698 1591 1726 1626 «
1754 1570 1818 1630 Si
1847 1570 1921 1646 is,
1956 1570 2063 1649 qui
2092 1574 2171 1629 eii
2198 1570 2379 1631 bonis

838 1659 1154 1722 testatoris
1182 1659 1449 1720 solidum
1479 1679 1703 1740 capere
1734 1680 1854 1722 non
1887 1663 2119 1741 possit,
2152 1663 2376 1724 substi-

839 1755 1009 1814 tutus
1046 1753 1127 1813 sit
1172 1752 1251 1812 ab
1282 1771 1354 1813 eo
1385 1752 1698 1832 impuberi
1724 1754 1848 1814 filio
1880 1754 2013 1834 ejus
2037 1802 2053 1832 ,
2104 1756 2377 1816 solidum

838 1864 915 1906 ex
943 1864 1017 1905 ea
1045 1864 1231 1907 causa
1261 1846 1503 1924 capiet,
1537 1845 1715 1925 quasi
1763 1865 1799 1906 a
1846 1848 2083 1926 pupillo
2114 1849 2325 1928 capiat
2356 1869 2371 1909 ;

841 1939 951 1999 sed
984 1937 1101 2000 hoc
1129 1938 1216 2000 ita
1235 1938 1630 2018 interpretari
1651 1938 1936 2000 Julianus
1964 1945 2177 2002 noster
2202 1941 2377 2002 vide-

839 2033 965 2106 tur,
1000 2036 1070 2090 ut
1096 2049 1171 2090 ex
1198 2030 1400 2108 boniS,
1434 2050 1574 2110 quae
1604 2030 1915 2092 testatoris
1943 2033 2211 2110 fuerant,
2243 2053 2377 2094 am-

839 2124 1004 2203 plius
1034 2141 1258 2202 capere
1288 2142 1412 2184 non
1449 2123 1663 2202 possit.
1702 2123 1878 2197 Quod
1908 2125 1958 2184 si
1997 2126 2231 2204 pupillo
2262 2126 2377 2186 ali-

841 2215 994 2295 quid
1027 2221 1330 2292 praeterea
1358 2216 1733 2296 acquisitum
1761 2220 1944 2293 esset,
1978 2222 2085 2278 aut
2104 2219 2156 2278 si
2176 2219 2378 2280 exhae·

840 2307 1059 2369 redato
1090 2314 1254 2369 esset
1281 2308 1680 2385 substitutu3‚
1742 2327 1867 2370 non
1914 2309 2205 2388 impediri
2231 2331 2375 2372 eum

841 2419 1100 2480 capere,
1155 2402 1328 2480 quasi
1361 2420 1395 2461 a
1427 2402 1661 2481 pupillo
1704 2403 1929 2481 capiat.
1968 2425 1996 2460 »
2060 2404 2157 2465 Ad
2187 2423 2376 2485 quam

838 2494 1045 2572 legem
1070 2494 1409 2572 respondet
1437 2498 1686 2570 Acesta,
1720 2495 1889 2556 illam
1919 2497 2260 2575 procedere
2301 2517 2374 2559 eo

839 2590 1144 2665 tempore,
1179 2605 1302 2666 quo
1330 2587 1611 2665 legitima
1638 2588 1978 2649 liberorum
2008 2608 2133 2650 non
2163 2610 2376 2652 nume-

837 2679 1098 2742 rabatur
1133 2679 1295 2740 inter
1324 2681 1609 2759 proprias
1634 2681 1905 2742 filiorum
1934 2683 2280 2760 facultates,
2316 2686 2379 2745 et

839 2771 982 2833 ideo
1012 2776 1301 2852 poterant
1326 2772 1436 2832 filii
1463 2774 1715 2852 gravari
1741 2773 2123 2853 inlegitima,
2151 2779 2215 2837 at
2233 2795 2377 2837 cum

841 2865 1031 2926 hodie
1087 2870 1494 2927 numerentur
1552 2867 1716 2927 inter
1768 2869 2051 2946 proprias
2104 2869 2376 2930 filiorum

838 2959 1199 3035 facultateS,
1249 2977 1430 3019 secus
1457 2959 1853 3021 sentiendum
1895 2980 2050 3022 esse.
2112 2964 2258 3023 Haec
2287 2967 2376 3024 ta-

838 3071 987 3113 men
1018 3053 1340 3132 responsio
1373 3070 1497 3112 non
1537 3053 1839 3122 satisfacit
1883 3055 2169 3131 omnino,
2229 3056 2377 3135 quia

840 3144 1197 3207 substitutio
1244 3144 1566 3225 pupillaris
1596 3165 1774 3226 aeque
1815 3146 1947 3207 fieri
1979 3152 2184 3226 potest
2210 3148 2376 3210 circa

839 3237 1028 3314 bona,
1055 3257 1195 3318 quae
1227 3243 1404 3317 pater
1432 3239 1727 3320 relinquit
1757 3240 1882 3300 filio
1920 3241 2134 3317 libere,
2171 3242 2269 3302 vel
2298 3261 2374 3302 ex

840 3332 1212 3393 necessitate
1264 3352 1277 3393 ε
1328 3333 1487 3393 ratio
1531 3333 1720 3393 etiam
1770 3352 1955 3412 supra
2000 3335 2167 3396 facta
2194 3354 2372 3415 aeque

838 3424 1066 3503 probat
1093 3425 1170 3484 de
1200 3424 1478 3503 utrisque
1503 3425 1706 3503 boniS‚
1740 3445 1884 3487 cum
1913 3426 2079 3488 circa
2107 3431 2371 3508 utraque

838 3520 1017 3596 pater
1045 3534 1170 3576 non
1221 3516 1510 3596 disponat
1541 3537 1653 3579 suo
1685 3520 1936 3580 nomine
1962 3566 1976 3595 ,
2030 3521 2140 3580 sed
2169 3521 2371 3582 solum

838 3610 1091 3669 nomine
1120 3609 1366 3689 pupilli:
1402 3611 1566 3689 quod
1599 3630 1748 3691 ergo
1777 3617 1954 3691 pater
1986 3617 2197 3691 posset
2222 3619 2370 3677 tunc

837 3701 947 3762 illa
973 3702 1140 3763 bona
1170 3721 1289 3763 non
1320 3703 1674 3782 relinquere
1718 3705 1952 3783 pupillo
1979 3751 1994 3782 ,
2030 3724 2155 3766 non
2185 3708 2363 3785 tollit,

840 3795 1009 3874 quod
1055 3795 1105 3855 si
1145 3795 1681 3874 relinquerentur,
1729 3802 1938 3875 posset
1980 3804 2199 3877 postea
2244 3819 2367 3861 non

838 3905 975 3963 suc,
998 3888 1109 3948 sed
1131 3888 1349 3966 pupilli
1379 3889 1630 3949 nomine
1661 3889 1738 3950 de
1767 3890 1887 3951 illis
1916 3891 2097 3951 bonis
2124 3894 2362 3970 testari,

838 3998 979 4058 quae
1000 3982 1134 4059 jam
1162 3980 1447 4043 absolute
1476 3981 1738 4043 fuissent
1764 3983 1930 4044 faeta
1958 3984 2204 4062 pupilli.

919 4073 1138 4148 Video,
1174 4073 1379 4135 adhuc
1396 4075 1759 4154 responderi
1781 4094 1986 4154 posse,
2021 4077 2367 4156 legitimam

838 4166 962 4227 filio
994 4166 1267 4228 debitam
1313 4167 1445 4228 fieri
1477 4168 1730 4229 omnino
1761 4169 2008 4247 propria
2057 4170 2223 4230 bona
2252 4189 2369 4249 pu·-

507 4261 574 4305 tex
590 4265 771 4316 quadan
834 4259 964 4339 pilli
996 4278 1069 4319 ex
1099 4258 1238 4338 lege
1268 4259 1424 4339 ipsa,
1459 4264 1647 4339 atque
1697 4260 1837 4321 ideo
1885 4266 2127 4340 patrem
2159 4263 2367 4343 dispo-

547 4315 743 4362 difficilis.

837 4352 1126 4429 ponendo
1170 4352 1246 4413 de
1286 4352 1428 4428 illis,
1476 4353 1809 4431 disponere
1856 4354 1934 4415 de
1983 4356 2187 4432 bonis,
2223 4375 2366 4435 quae

835 4445 1090 4506 omnino
1138 4449 1285 4506 sunt
1327 4445 1568 4524 pupilli,
1631 4465 1752 4507 non
1786 4446 1863 4507 de
1909 4448 2037 4508 suis
2071 4468 2084 4509 :
2120 4453 2188 4509 at
2216 4468 2365 4510 vero

833 4556 973 4617 quae
1011 4542 1188 4616 pater
1216 4538 1451 4617 absque
1491 4538 1860 4601 necessitate
1888 4544 1998 4601 aut
2024 4541 2236 4602 debito
2266 4560 2366 4602 re·

830 4629 1059 4710 linquit
1083 4631 1342 4709 pupille,
1363 4650 1487 4691 non
1503 4632 1640 4692 fieri
1656 4633 1908 4693 omnino
1935 4632 2102 4693 bona
2118 4635 2358 4713 pupilli,

830 4723 950 4784 nisi
977 4727 1285 4803 quatenus
1313 4727 1492 4802 pater
1517 4725 1656 4786 fieri
1676 4726 1828 4802 vult,
1855 4745 1930 4786 ex
1960 4726 2139 4806 cujus
2166 4727 2365 4787 libera

826 4816 1149 4878 voluntate
1186 4820 1512 4878 transeunt
1545 4838 1557 4878 :
1594 4837 1787 4896 quare
1833 4837 1977 4880 cum
2008 4826 2189 4899 pater
2220 4820 2367 4882 velit

826 4926 970 4969 cum
1014 4909 1122 4970 illa
1167 4908 1535 4971 limitatione
1581 4911 1870 4988 transire,
1925 4916 1994 4973 ut
2040 4916 2363 4974 transeant

822 5001 904 5061 ad
925 5002 1227 5079 spurium,
1250 5020 1373 5063 non
1400 5003 1693 5064 videntur
1718 5004 1882 5066 lacta
1909 5005 2077 5066 bona
2105 5007 2358 5066 omnino

821 5093 1078 5173 propria
1107 5095 1348 5174 pupilli,
1398 5096 1509 5156 scd
1560 5097 1769 5157 adbuc
1797 5098 1913 5161 sub
1951 5098 2359 5176 dispositione

824 5187 1034 5266 aliqua
1063 5188 1256 5267 ipsius
1284 5191 1478 5268 patris
1505 5208 1784 5267 manere,
1817 5196 2003 5271 atque
2031 5191 2176 5252 ideo
2205 5210 2354 5270 spu-

822 5279 1009 5356 rium,
1067 5281 1120 5340 si
1168 5300 1243 5342 ea
1293 5283 1583 5360 accipiat,
1635 5284 1919 5362 accipere
1966 5302 2107 5363 quoe
2148 5284 2357 5364 aliquo

819 5372 1008 5433 modo
1040 5378 1185 5435 sunt
1210 5374 1418 5436 adbuc
1449 5394 1523 5436 ex
1552 5380 1728 5454 parte
1756 5377 1922 5437 bona
1950 5378 2249 5456 parentis,
2295 5383 2357 5439 et

816 5464 1147 5544 subjacent
1172 5465 1309 5544 ejus
1338 5467 1749 5547 dispositioni.
1800 5472 2018 5530 Posset
2044 5471 2236 5532 etiam
2264 5470 2353 5529 di-

822 5558 899 5635 ci,
950 5560 1323 5621 sententiam
1351 5562 1385 5623 J
1393 5562 1584 5621 uliani
1615 5563 1677 5622 in
1707 5563 1811 5622 illa
1840 5563 1978 5641 lege
2006 5563 2224 5623 referri
2254 5583 2352 5624 so·

2005 372 2107 433 DE
2150 371 2504 434 JUSTITIA
2551 371 2651 432 ΕΤ
2694 371 2894 433 mnf:

2483 548 2614 609 lum
2643 565 2679 608 a
2701 545 3134 626 jureconsulto
3163 543 3497 607 Terentino
3542 543 3880 620 Clemente,
3915 562 4022 604 cu-

2476 641 2582 719 jus
2612 644 2706 700 est
2732 656 2807 700 ea
2834 638 2954 712 lex,
2989 657 3104 698 nec
3134 642 3345 699 tamen
3376 635 3737 715 approbari,
3772 654 3889 697 nec
3917 654 4021 697 re-

2485 733 2776 812 probari,
2835 730 2945 792 sed
2990 731 3190 792 solum
3246 730 3460 791 referri
3495 750 3508 790 :
3542 734 3780 791 certum
3803 734 4020 790 autem

2484 831 2598 900 est,
2616 823 3076 904 jureconsultos
3106 825 3242 884 illos
3272 824 3335 883 in
3365 823 3647 903 pluribus
3667 822 4017 884 contrarias

2484 920 2562 979 ad
2609 918 2877 979 invicem
2919 918 3258 979 sententias
3288 916 3602 992 habuisse,
3654 920 3844 995 atque
3871 914 4015 976 ideo

2482 1015 2692 1092 plures
2721 1029 2846 1073 non
2873 1028 3077 1086 veras,
3112 1010 3220 1070 sed
3249 1010 3330 1070 ad
3376 1024 3694 1070 summum
3722 1007 4015 1086 probabi-

2479 1106 2593 1167 les.

2561 1196 2765 1271 Quaeri
2795 1201 3018 1275 potest,
3070 1195 3243 1275 quid,
3293 1195 3346 1255 si
3373 1195 3621 1273 spurius
3666 1193 3799 1272 ipse
3829 1192 4015 1253 insti·
4185 1208 4239 1266 ι(

2478 1292 2736 1354 tituatur
2765 1290 2965 1351 haeres
2993 1308 3030 1348 a
3058 1293 3257 1367 patre,
3292 1293 3355 1348 et
3381 1292 3640 1365 rogetur
3669 1286 3766 1347 vel
3787 1286 4015 1365 jubea-
4133 1334 4239 1385 Quid

2478 1390 2581 1447 tur
2635 1383 2810 1444 alteri
2869 1382 3086 1459 capaci
3154 1381 3481 1441 restituere
3537 1378 4016 1440 haereditatem?
4075 1389 4239 1483 «ξιξ-ξεῖ

2479 1480 2664 1556 Resp.
2723 1475 3171 1537 institutionem
3201 1473 3398 1552 spurii
3451 1490 3575 1533 non
3630 1472 3966 1533 subsistere
3989 1517 4007 1548 ,
4089 1506 4238 1556 ouem¹

2479 1571 2625 1650 quia
2649 1569 2789 1631 talis
2818 1569 3019 1629 hoeres
3047 1568 3121 1628 fit
3147 1567 3460 1643 dominuS,
3495 1571 3559 1627 et
3584 1566 3812 1627 retinet
3829 1583 4018 1644 quar-
4074 1549 4238 1644 ,2252

2477 1667 2606 1725 tam
2636 1660 3174 1733 Trebellianicam‚
3209 1678 3349 1738 quae
3370 1659 3583 1737 spurio
3612 1676 3734 1719 non
3752 1661 4018 1736 possunt

2478 1759 2855 1832 competere.
2890 1752 3137 1814 valebit
3181 1757 3390 1813 tamen
3427 1750 4010 1826 fideicommissum,

2477 1848 2639 1909 sicut
2679 1848 2728 1907 si
2759 1846 3010 1926 spurius
3067 1845 3292 1905 deinde
3349 1843 3664 1905 institutus
3719 1848 3903 1919 esset,
3943 1848 4019 1905 et

2477 1941 2637 2002 alius
2691 1939 2748 1999 ei
2803 1938 3280 2000 substitueretur
3334 1936 3690 1998 substitutio
3747 1936 4008 1998 valeret.

2476 2037 2570 2096 Ita
2596 2028 2740 2094 cum
2775 2032 2911 2093 aliis
2940 2031 3151 2093 multis
3182 2030 3414 2093 Sanch.
3449 2029 3600 2091 dub.
3632 2045 3802 2091 xxw.
3829 2047 4006 2092 num.

2474 2130 2536 2189 5.
2573 2130 2636 2187 et
2661 2129 2720 2187 6.

2557 2218 2915 2281 Secundum
2945 2217 3205 2278 dubium
3237 2216 3583 2296 principale
3613 2233 3749 2276 esse
3779 2219 4007 2293 potest,
4189 2219 4241 2278 1(

2474 2312 2641 2373 iniis
2686 2310 2965 2385 casibuS,
3012 2310 3075 2370 in
3124 2309 3351 2389 quibus
3395 2308 3642 2386 spurius
3681 2308 4012 2369 restituere
4105 2345 4241 2388 Cum

2476 2405 2666 2467 debet
2691 2403 2858 2464 bona
2893 2420 2933 2463 a
2961 2408 3136 2481 patre
3166 2406 3445 2481 accepta,
3496 2401 3598 2462 cui
3627 2400 3853 2461 debeat
3879 2419 4016 2462 res-—
4076 2400 4241 2495 {32¹2

2473 2498 2739 2559 tituere?
2778 2495 2857 2557 de
2904 2495 3025 2556 hoc
3072 2496 3203 2573 agit
3231 2498 3420 2574 Vasq.
3472 2493 3535 2554 d.
3567 2494 3624 2572 ἓ.
3669 2495 3799 2554 Vll.
3851 2493 4006 2554 dub.

2473 2607 2570 2652 111.
2605 2594 2668 2651 et
2711 2606 2798 2651 ιν.
2834 2592 2897 2651 et
2948 2607 3165 2649 rursus
3212 2589 3359 2650 dub.
3399 2606 3457 2649 v.
3518 2605 3690 2647 num.
3752 2588 3886 2647 1¹8.
3950 2590 4017 2647 et

2475 2702 2691 2745 rursus
2718 2681 2868 2742 dub.
2905 2698 3086 2743 xvm.
3120 2681 3185 2741 in
3215 2681 3443 2760 quibus
3488 2679 3641 2740 locis
3670 2679 3876 2739 varias
3914 2696 4012 2739 re·

2475 2777 2597 2838 fert
2625 2775 2963 2836 sententias
2990 2774 3346 2853 aliquorum
3382 2772 3744 2846 dicentium,
3778 2771 4014 2832 debere

2474 2869 2801 2929 restituere
2845 2867 3020 2943 fison,
3065 2867 3331 2927 aliorum
3379 2865 3723 2926 dicentium
3777 2864 4014 2925 debere

2475 2961 2802 3022 restituere
2825 2959 3304 3022 succedentibus
3322 2958 3403 3019 ab
3425 2957 3740 3034 intestam,
3765 2956 4016 3019 etiamsi

2474 3055 2583 3115 alii
2612 3073 2688 3114 ex
2714 3058 3087 3116 testamento
3136 3052 3417 3113 hoeredes
3447 3051 3591 3111 siut.
3626 3050 3749 3112 Sed
3778 3050 3840 3110 in
3883 3050 4014 3128 pri-

2474 3147 2593 3208 mis
2622 3147 2790 3227 quod
2819 3146 3044 3208 attinet
3080 3145 3161 3208 ad
3191 3147 3434 3217 fiscum,
3484 3143 3617 3223 ipse
3646 3144 3836 3222 Vasq.
3871 3160 4008 3204 me-

2472 3242 2593 3302 rito
2623 3241 2686 3301 id
2734 3244 2945 3319 negat,
2992 3258 3135 3300 cum
3178 3239 3235 3299 ei
3284 3255 3406 3298 non
3437 3237 3761 3311 debeatur,
3796 3236 3911 3297 nisi
3940 3236 4007 3297 in

2471 3352 2727 3413 poenam
2756 3338 2819 3394 et
2846 3337 2988 3413 post
3020 3332 3416 3394 sententiam.
3448 3333 3610 3391 Ante
3631 3328 4007 3391 sententiam

2470 3440 2621 3487 vero
2668 3426 3180 3505 distinguendum
3227 3423 3476 3484 videtur
3509 3443 3522 3484 :
3559 3439 3705 3481 nam
3733 3421 3831 3481 vel
3861 3439 4006 3499 spu-

2469 3520 2600 3580 rius
2628 3519 2847 3581 habuit
2875 3518 3113 3598 aliquid
3144 3537 3217 3579 ex
3246 3521 3620 3578 testamento
3653 3514 3867 3593 patris,
3901 3514 4005 3577 vel

2470 3612 2693 3674 habuit
2719 3612 2782 3672 in
2812 3612 2941 3673 vita
2973 3611 3163 3690 patris
3193 3628 3305 3688 per
3331 3609 3757 3672 donationem.

2551 3706 2617 3767 Si
2667 3704 2887 3766 habuit
2927 3722 3003 3764 ex
3046 3707 3440 3774 testamento,
3492 3701 4004 3781 distinguendum
4188 3708 4243 3766 1(

2468 3817 2718 3859 rursum
2747 3801 2876 3869 est;
2923 3796 3069 3875 quia
3101 3796 3198 3857 vol
3226 3795 3447 3855 habuit
3475 3794 3730 3869 directe,
3764 3794 3864 3854 vel
3905 3793 4004 3853 in-
4131 3833 4243 3885 Quid

2470 3892 2727 3966 directe,
2760 3909 2986 3969 nempe
3015 3888 3336 3950 mediante
3364 3887 3511 3963 alic,
3545 3887 3645 3947 cui
3676 3892 3853 3964 pater
3872 3888 4005 3965 jus·
4121 3899 4243 3981 {522³

2468 3986 2549 4046 sit
2571 3990 2641 4045 ut
2667 3984 3028 4044 restitueret
3053 3982 3181 4043 filio
3229 3981 3463 4059 spurio.
3513 3980 3579 4042 Si
3624 3979 3846 4041 habuit
3888 3980 4002 4039 im·
4068 3951 4243 4035 ”anm

2466 4078 2740 4139 mediate
2770 4083 2833 4138 et
2859 4076 3121 4150 directe,
3156 4074 3344 4135 debet
3372 4074 3524 4134 dare
3554 4073 3659 4133 illa
3687 4072 3886 4151 primo
3916 4072 4003 4133 lo·
4118 4052 4243 4089 '⁶¹¹¹‘

2468 4190 2540 4232 co
2584 4170 2939 4230 haeredibus
2986 4168 3304 4243 institutis,
3358 4168 3409 4228 si
3444 4167 3589 4242 sint,
3641 4170 3704 4227 et
3730 4165 3804 4225 iis
3847 4165 4005 4225 defi-

2467 4265 2774 4325 cientibus
2802 4263 2990 4325 debet
3018 4262 3168 4323 dare
3194 4260 3677 4322 succedentibus
3704 4259 3787 4320 ab
3815 4259 4003 4320 intes-

2466 4362 2596 4419 tato
2633 4377 2645 4418 :
2682 4356 2851 4436 quod
2882 4355 2929 4415 si
2965 4356 3097 4434 ipse
3153 4355 3403 4433 spurius
3434 4358 3599 4415 esset
3625 4352 3809 4413 simul
3857 4369 4004 4412 cum

2464 4450 2601 4511 aliis
2633 4449 2834 4510 baeres
2874 4448 3214 4523 institutuS,
3247 4447 3435 4508 debet
3463 4447 3612 4507 dare
3654 4443 4003 4506 cohaeredi-

2465 4543 2582 4603 bus
2612 4542 2966 4621 capacibuS,
3019 4541 3246 4620 quibus
3280 4540 3423 4619 jure
3469 4537 3871 4600 accrescendi
3921 4555 4002 4598 ea
4093 4586 4104 4591 -

2463 4653 2611 4714 pars
2638 4636 2914 4697 advenit.
2950 4634 3126 4707 Quod
3165 4634 3218 4695 si
3246 4633 3524 4694 haeredes
3577 4631 3864 4706 instituti,
3897 4630 4000 4690 vel

2462 4729 2542 4789 ab
2595 4729 2887 4789 intestato
2941 4728 3180 4790 nollent
3248 4731 3600 4805 acceptare,
3651 4724 4000 4785 videndum

2463 4825 2578 4897 est,
2612 4840 2689 4880 an
2722 4820 2765 4880 ii
2793 4821 2920 4881 sint
2963 4819 3119 4882 tales
3148 4839 3185 4880 a
3223 4820 3454 4900 quibus
3502 4817 3751 4897 spurius
3798 4817 4001 4894 possit

2461 4912 2696 4993 aliquid
2761 4913 3045 4991 accipere
3080 4913 3180 4974 :si
3225 4912 3382 4974 tales
3428 4912 3572 4987 sint,
3619 4914 3824 4989 potest
3873 4907 4036 4985 sihi,

2456 5005 2751 5080 retinere,
2783 5005 2933 5084 quia
2972 5004 3106 5084 jam
3155 5023 3279 5066 non
3310 5004 3553 5082 accepit
3579 5022 3617 5063 a
3645 5006 3820 5080 parte
3865 5001 3997 5063 ullo

2457 5100 2670 5175 modo,
2703 5098 2815 5159 sed
2843 5098 2925 5158 ab
2970 5098 3089 5157 illis
3135 5102 3356 5176 sponte
3385 5096 3715 5168 dantibus;
3757 5094 3996 5156 sivero

2458 5209 2662 5270 neque
2691 5191 2772 5251 ab
2799 5190 2874 5250 iis
2904 5190 3102 5268 possit
3127 5189 3434 5268 accipere,
3455 5188 3603 5267 quia
3623 5194 3768 5249 sunt
3795 5188 3997 5265 patris

2456 5283 2928 5363 consanguinei,
2964 5302 3001 5343 a
3031 5283 3257 5362 quibus
3299 5281 3405 5341 tilii
3454 5282 3847 5351 clericorum,
3888 5281 3994 5341 vel

2454 5377 2888 5456 religiosorum
2929 5377 2993 5436 in
3024 5375 3322 5454 Hispania
3368 5393 3492 5435 non
3535 5379 3794 5452 possunt
3825 5372 3996 5432 acci—

2455 5487 2602 5547 pere
2626 5515 2641 5544 ,
2703 5468 3041 5529 dicendum
3096 5473 3212 5543 est,
3265 5468 3433 5546 quod
3477 5484 3624 5528 mox
3678 5466 3988 5543 dicemus,

2452 5562 2704 5643 quando
2736 5562 2868 5641 ipse
2897 5566 3078 5641 pater
3107 5561 3321 5621 vivens
3351 5579 3476 5622 non
3504 5560 3637 5621 vult
3655 5562 3990 5637 acceptare
