4263 6376
638 1219 752 1279 125

552 1343 762 1400 &mptum
783 1344 820 1386 si

576 1398 794 1453 fidejubeat

535 1458 566 1492 1
621 1452 646 1493 d
665 1463 812 1505 respon

894 286 1010 346 434

972 461 1243 523 Intertur
1268 460 1470 540 primo
1493 506 1509 537 ,
1568 460 1620 520 si
1649 477 1938 538 campsor
1970 458 2321 538 periculum
2349 457 2425 518 il-

890 555 999 615 lud
1028 555 1091 614 in
1121 573 1185 614 se
1214 555 1534 633 suscipiat,
1559 572 1739 632 posse
1763 552 1998 633 aliquid
2018 552 2159 631 plus
2178 571 2290 632 pro
2321 570 2424 631 pe-

888 648 1084 709 riculo
1114 648 1216 709 illo
1248 648 1517 726 exigere,
1551 647 1802 727 quando
1831 646 2176 725 periculum
2203 663 2423 705 revera

890 746 985 804 est
1016 762 1030 802 :
1065 741 1211 820 quia
1239 741 1399 801 sicut
1423 741 1485 800 in
1515 745 1733 801 mutuo
1763 745 1969 819 potest
1997 738 2231 817 aliquid
2260 737 2422 798 ultra

888 839 1119 896 sortem
1151 833 1312 911 exigi
1343 834 1421 894 ob
1440 834 1785 912 periculum
1807 851 2025 893 verum
2048 849 2423 910 recuperan-

889 926 985 988 dae
1014 927 1216 1003 sortiS‚
1250 931 1320 987 ut
1346 927 1617 987 vidimus
1646 945 1787 987 cum
1820 925 2135 987 communi
2167 929 2421 985 senten-

884 1021 972 1082 tia
1000 1025 1257 1098 agentes
1287 1019 1363 1079 de
1392 1025 1648 1092 mutuo;
1699 1020 1788 1080 sic
1838 1019 1902 1079 in
1931 1017 2177 1080 cambio
2207 1016 2420 1078 dicen-

885 1113 1036 1173 dum
1065 1113 1202 1174 erit.

965 1207 1234 1268 Infertur
1261 1205 1560 1283 secundo,
1585 1205 1635 1265 si
1657 1223 1947 1285 campsor
1972 1204 2103 1284 ipse
2121 1222 2233 1282 pro
2256 1220 2421 1264 cam-

883 1301 1092 1379 psario
1133 1298 1476 1378 fidejubeat
1516 1300 1684 1378 apud
1729 1298 1863 1377 ejus
1906 1296 2412 1377 respondentem,

884 1411 1065 1472 posse
1094 1392 1332 1471 aliquid
1363 1410 1474 1470 pro
1524 1392 1643 1453 hac
1693 1391 2095 1471 fidejussione
2142 1390 2412 1469 exigere,

582 1509 734 1554 entem,
761 1516 816 1547 aa
884 1503 1025 1546 cum
1056 1485 1135 1547 sit
1162 1485 1363 1564 pretio
1396 1484 1803 1560 aestimabiliS‚
1837 1489 1907 1545 ut
1932 1482 2160 1544 docent
2188 1481 2418 1560 praedi-

533 1557 833 1665 {22⁸}ssqu
882 1578 978 1641 cti.
994 1582 1280 1638 auctores
1331 1595 1346 1641 :

533 1664 651 1707 sione
672 1671 829 1720 petere.

626 2696 740 2755 126

528 2820 703 2864 Ratione
742 2833 822 2875 pe—

526 2874 644 2916 riculi
662 2875 821 2927 quando

527 2928 656 2981 possit
673 2928 824 2982 aliquid

526 2981 620 3034 plns
639 2993 825 3035 campsor-

599 3040 754 3089 petere.

1408 1577 1513 1657 qui
1561 1581 1770 1638 tamen
1816 1576 2151 1636 advertunt
2196 1575 2259 1634 id
2288 1593 2412 1635 non

879 1671 1217 1750 procedere
1264 1671 1515 1750 quando
1562 1669 1948 1748 respondens
1993 1668 2094 1728 ille
2125 1673 2290 1729 esset
2315 1667 2411 1727 sa-

875 1763 1082 1824 mulus
1109 1763 1209 1823 vel
1237 1763 1435 1824 factor
1462 1762 1827 1841 campsoriS,
1877 1765 1940 1823 et
1968 1781 2042 1822 ex
2072 1760 2413 1840 campsoris

875 1855 1140 1936 pecunia
1167 1855 1552 1934 respondens
1612 1875 1624 1915 :
1682 1859 1832 1916 tunc
1879 1854 2046 1914 enim
2089 1853 2411 1933 fidejussio

874 1951 1018 2010 ficta
1049 1952 1239 2025 esset,
1274 1966 1418 2008 cum
1448 1948 1737 2008 dominus
1785 1952 1848 2008 et
1888 1948 2158 2007 famulus
2189 1946 2411 2006 eadem

874 2060 1140 2120 persona
1170 2045 1538 2119 reputentur
1561 2087 1575 2114 ‚
1624 2046 1687 2102 et
1717 2059 1899 2101 nemo
1930 2040 2126 2118 possit
2153 2038 2410 2117 fidejus-

873 2153 978 2195 sor
1003 2152 1138 2196 esse
1168 2134 1335 2212 apud
1365 2152 1431 2193 se
1459 2134 1688 2212 ipsum.
1739 2136 1957 2194 Posset
2001 2138 2214 2193 tamen
2263 2138 2410 2193 tunc

873 2246 1164 2305 campsor
1191 2246 1303 2305 pro
1335 2226 1615 2306 periculo
1646 2226 1750 2287 illo
1800 2225 1968 2305 quod
2020 2226 2084 2285 in
2114 2245 2181 2285 se
2212 2226 2407 2286 susci-

871 2322 983 2401 pit,
1015 2321 1064 2381 si
1095 2321 1247 2381 alias
1277 2320 1630 2382 cautionem
1650 2365 1666 2395 ‚
1701 2319 1925 2398 pignus
1949 2369 1963 2395 ,
2025 2319 2124 2380 vel
2152 2318 2406 2398 fidejus-

871 2432 1077 2475 sorem
1150 2414 1393 2492 accepit
1465 2413 1702 2473 nullum
1726 2457 1742 2487 ‚
1814 2413 2085 2491 pretium
2154 2412 2409 2491 aliquod

873 2507 1143 2585 exigere,
1179 2505 1432 2586 quando
1453 2506 1802 2584 periculum
1825 2524 2043 2567 verum
2073 2509 2188 2584 est,
2220 2510 2291 2566 ut
2318 2504 2410 2564 di-

869 2601 1097 2660 ximus·

952 2693 1132 2754 Circa
1158 2692 1401 2772 praxIm
1416 2696 1625 2752 tamen
1650 2690 1835 2770 hujus
1866 2691 2170 2753 doctrinae
2188 2692 2408 2752 adver-

871 2790 1004 2848 tere
1034 2789 1298 2863 oportet,
1330 2803 1468 2844 eam
1499 2803 1624 2844 non
1656 2802 1789 2845 esse
1821 2784 2292 2864 intelligendam
2321 2784 2409 2845 ita

874 2883 944 2941 ut
986 2896 1098 2957 pro
1129 2877 1445 2939 communi
1476 2877 1751 2956 periculo
1783 2878 2021 2956 aliquid
2069 2879 2233 2939 ultra
2266 2895 2411 2956 pre-

872 2972 1030 3033 tium
1067 2989 1399 3032 commune
1420 2969 1645 3031 cambii
1673 2970 1958 3049 exigatur
1983 2990 1995 3031 :
2023 2970 2246 3030 namin
2266 2988 2409 3048 pre-

874 3065 960 3126 tio
987 3064 1090 3123 illo
1122 3062 1438 3124 communi
1467 3063 1738 3125 taxando
1771 3062 1983 3124 habita
2019 3067 2112 3124 est
2139 3063 2296 3124 ratio
2326 3062 2409 3123 ad

873 3157 1221 3238 periculum
1251 3155 1420 3235 quod
1450 3155 1866 3218 communiter
1895 3173 2029 3217 esse
2059 3156 2236 3218 solet.
2289 3157 2408 3216 De-

872 3251 982 3311 bet
1006 3268 1156 3328 ergo
1203 3249 1464 3326 intelligi
1495 3249 1573 3308 de
1603 3249 1879 3328 periculo
1911 3249 2120 3327 aliquo
2151 3248 2403 3327 majori,

873 3343 1042 3423 quod
1091 3343 1151 3401 in
1199 3342 1511 3422 aliquibus
1555 3342 2035 3403 circumstantiis
2061 3341 2265 3402 timeri
2297 3359 2410 3419 po-

872 3441 1013 3513 test,
1047 3441 1109 3497 et
1134 3454 1247 3514 pro
1278 3453 1399 3514 quo
1431 3435 1701 3514 pretinm
1732 3434 1986 3513 aliquod
2032 3438 2244 3512 posset
2278 3435 2408 3494 exi-

870 3530 956 3608 gi.
991 3529 1170 3591 Unde
1198 3528 1412 3588 inferri
1443 3528 1631 3588 etiam
1663 3531 1905 3605 potest,
1958 3526 2208 3605 quando
2239 3543 2411 3587 eam-

870 3641 1087 3701 psores
1116 3622 1341 3701 pignus
1370 3640 1407 3680 a
1435 3627 1781 3699 campsario
1814 3619 2163 3698 accipiunt,
2212 3619 2311 3680 vel
2338 3619 2402 3680 fi-

871 3714 1257 3795 dejussorem
1283 3732 1595 3790 securum,
1631 3712 2010 3773 descendere
2040 3730 2147 3772 eos
2176 3712 2408 3772 debere

870 3808 935 3868 in
963 3808 1161 3886 pretio
1192 3807 1446 3868 cambii.
1481 3808 1574 3867 Ita
1600 3805 1854 3867 Toletus
1896 3806 2003 3866 lib.
2037 3807 2113 3866 V.
2148 3805 2411 3866 Summoe

871 3918 965 3962 ca.
998 3918 1103 3961 ιιι.
1137 3919 1310 3961 ηηῐη.
1347 3903 1406 3960 2.
1460 3898 1627 3977 quod
1671 3898 1981 3977 approbat
2010 3898 2199 3959 etiam
2231 3897 2408 3959 Salas

870 3994 1035 4055 dicto
1067 3994 1215 4054 dub.
1250 4008 1378 4054 xx1.
1411 4010 1583 4052 num.
1617 3996 1676 4055 4.
1712 3991 1888 4052 Ratio
1913 3995 2123 4052 autem
2144 4009 2278 4051 esse
2298 4009 2406 4071 po-

868 4092 1011 4164 test,
1045 4087 1191 4166 quia
1232 4084 1503 4164 pretium
1534 4102 1868 4144 commune
1898 4084 2128 4145 cambii
2160 4088 2408 4145 taxatur

870 4179 1085 4241 habita
1130 4179 1371 4240 ratione
1417 4178 1495 4237 ad
1543 4178 1694 4237 illud
1742 4177 2121 4255 periculum;
2173 4196 2322 4255 ergo
2354 4177 2407 4237 si

869 4275 1136 4353 exigitur
1182 4272 1406 4351 pignus
1434 4272 1532 4332 vel
1584 4272 1918 4349 fidejussor
1964 4271 2044 4330 ad
2073 4269 2406 4331 vitandum

868 4367 1251 4445 periculum,
1313 4365 1577 4425 diminui
1623 4365 1812 4425 debet
1851 4363 2078 4424 cambii
2106 4363 2400 4443 pretium.

869 4463 1017 4520 Haec
1042 4465 1251 4520 tamen
1280 4458 1623 4519 admonitio
1654 4475 1876 4535 parum
1905 4455 2093 4533 utilis,
2116 4455 2180 4515 ni
2198 4456 2400 4530 fallor,

870 4552 947 4612 ad
977 4552 1220 4629 praxim
1250 4555 1344 4612 est
1389 4571 1403 4610 :
1457 4569 1603 4611 nam
1634 4551 1863 4630 pignus
1894 4567 2021 4610 non
2050 4551 2213 4611 solet
2242 4549 2407 4627 exigi

869 4645 1286 4706 communiter
1313 4646 1377 4703 in
1407 4644 1675 4718 cambiO,
1714 4642 1828 4703 nisi
1861 4643 2024 4703 adsit
2052 4642 2403 4721 periculum

868 4738 1123 4817 aliquod
1153 4737 1526 4816 particulare
1557 4740 1620 4796 et
1637 4736 1841 4813 majus
1868 4734 2219 4807 ordinario;
2255 4752 2404 4814 qua-

869 4851 935 4892 re
963 4851 1105 4892 raro
1137 4851 1210 4892 ea
1252 4831 1329 4891 de
1377 4848 1565 4891 causa
1597 4828 1867 4906 pretium
1897 4828 2122 4888 cambii
2155 4828 2402 4888 ordina-

867 4926 1027 4986 rium
1076 4922 1551 4984 diminuendum
1595 4920 1744 4996 erit,
1795 4938 1938 4979 cum
1983 4938 2124 4980 raro
2176 4920 2403 4998 pignus

867 5020 1168 5097 exigatur,
1204 5022 1266 5078 et
1295 5013 1629 5093 aliquando
1654 5013 1843 5073 etiam
1865 5013 2070 5074 timeri
2100 5012 2298 5091 possit
2324 5031 2402 5072 ne

866 5112 931 5172 in
959 5112 1092 5190 ipso
1122 5111 1381 5190 pignore
1411 5105 1756 5185 periculum
1785 5107 2013 5182 lateat,
2056 5105 2225 5185 quod
2253 5106 2405 5165 alie-

867 5224 1019 5264 num
1045 5204 1345 5263 furtivum
1375 5201 1474 5275 sit,
1509 5199 1608 5260 vel
1639 5198 1897 5260 minoris
1935 5199 2199 5260 fortasse
2230 5199 2406 5259 valo-

861 5297 947 5358 ris
993 5314 1183 5375 quam
1227 5297 1549 5373 appareat.
1605 5292 1960 5370 Fidejussor
2015 5290 2204 5352 etiam
2260 5308 2401 5351 raro

863 5390 1152 5469 exigitur,
1186 5387 1301 5446 nisi
1333 5385 1585 5466 quando
1620 5389 1713 5446 est
1754 5385 2024 5463 speciale
2053 5384 2402 5464 periculum

860 5484 926 5543 in
955 5481 1304 5561 campsario
1335 5480 1431 5540 vel
1459 5478 1899 5557 respondente,
1925 5482 1988 5539 et
2013 5484 2163 5539 tunc
2191 5476 2401 5545 adbuc
2501 5472 2600 5537 vel
2629 5474 2899 5553 pretium
2928 5480 3174 5539 taxetur
3192 5475 3373 5556 juxta
3397 5475 3670 5555 pretium
3698 5478 3879 5556 quod
3912 5498 4065 5542 cur.

2048 282 2153 343 DE
2193 280 2551 343 JUSTITIA
2595 281 2696 343 ET
2737 282 2938 343 JURE

2522 457 2750 537 inipso
2794 458 3163 538 fidejussore
3200 461 3412 524 timeri
3454 465 3661 542 potest
3704 463 4052 544 periculum

2522 569 2855 613 commune
2871 557 2934 614 et
2949 553 3335 615 ordinarium
3354 556 3620 617 aliorum
3633 557 4051 629 cambiorum;

2523 664 2715 724 quare
2748 664 2861 706 nec
2888 650 3037 707 tunc
3067 648 3379 726 oportebit
3404 649 3753 712 diminuere
3782 652 4057 729 pretium

2522 739 2907 799 ordinarium
2917 739 3142 800 cambii
3160 740 3239 801 ob
3252 741 3685 820 fidejussorem
3699 748 4053 822 acceptum:

2522 851 2726 911 neque
2750 831 2886 893 haec
2915 834 3193 911 pericula
3222 835 3572 898 consistunt
3597 838 3660 897 in
3690 837 4054 898 indivisibili

2520 925 2599 986 ad
2630 944 2960 986 commune
2991 927 3261 1004 pretium
3289 929 3654 1006 taxandum,
3679 929 3788 991 sed
3818 930 4059 992 habent

2518 1017 2913 1080 latitudinem
2957 1019 3123 1080 intra
3169 1039 3360 1099 quam
3404 1022 3611 1101 maj0r
3644 1023 3893 1102 aliqua,
3953 1023 4057 1084 vel

2518 1111 2726 1171 minor
2751 1112 3053 1173 securitas
3098 1114 3528 1192 respondentis
3585 1133 3712 1177 non
3753 1117 3916 1178 solet
3940 1135 4054 1175 va-

2518 1203 2681 1264 riare
2709 1204 2940 1264 cambii
2962 1206 3256 1283 pretium,
3291 1207 3406 1268 nisi
3438 1209 3728 1269 notabilis
3754 1208 3857 1269 sit.

2598 1296 2822 1368 Quinto
2855 1297 3178 1360 dubitatur
3198 1345 3214 1376 ,
3248 1317 3330 1360 an
3357 1300 3596 1363 licitum
3625 1303 3705 1363 sit
3731 1301 4055 1363 cambium

2516 1390 2597 1450 ad
2627 1390 2929 1450 incertam
2959 1391 3332 1453 solutionem
3355 1439 3370 1467 ,
3415 1413 3475 1454 v.
3508 1413 3570 1473 g.
3606 1395 3719 1455 das
3747 1394 4054 1473 pecunias

2516 1484 2729 1543 Romae
2776 1483 2858 1543 ad
2902 1482 3234 1545 solvendas
3278 1485 3388 1546 tibi
3419 1487 3752 1549 Placentiae
3791 1488 3874 1548 ad
3904 1506 4053 1565 pre·

2514 1576 2669 1637 tium
2697 1576 2817 1636 fori
2842 1579 2992 1637 tunc
3021 1595 3354 1640 occurrens
3383 1583 3664 1659 tempore
3693 1580 4052 1658 solutionis,

2514 1668 2684 1748 quod
2710 1669 2981 1748 pretium
3010 1675 3105 1731 est
3139 1670 3447 1733 incertum
3466 1718 3482 1749 ,
3531 1692 3684 1733 cum.
3705 1673 4051 1752 aliquando

2513 1767 2773 1837 crescat,
2809 1762 3148 1842 aliquando
3177 1764 3539 1826 decrescat?
3582 1767 4046 1844 Respondetur‚

2509 1854 2750 1915 licitum
2779 1854 2843 1914 id
2858 1872 3017 1931 esse,
3044 1855 3298 1934 quando
3326 1857 3567 1936 aequale
3587 1857 4050 1937 estpericulum

2511 1946 2930 2022 decrementi,
2983 1951 3044 2008 et
3087 1950 3405 2027 augmenti
3449 1949 3610 2011 iufra
3637 1951 3734 2011 vel
3765 1969 3961 2030 supra
3987 1951 4051 2012 id

2510 2039 2678 2118 quod
2726 2058 2890 2099 nunc
2928 2039 3171 2118 justum
3215 2042 3484 2121 pretium
3527 2047 3709 2105 esset.
3772 2044 3972 2105 Secus
4000 2044 4047 2105 si

2508 2131 2893 2209 probabilius
2922 2138 3087 2194 esset
3113 2140 3523 2212 augmentum
3552 2136 3651 2196 vel
3682 2137 4050 2197 decremen-

2508 2230 2664 2299 tum,
2697 2228 2847 2285 tunc
2875 2224 3041 2285 enim
3070 2224 3374 2304 injustum
3404 2233 3567 2290 essct
3588 2247 3663 2288 ex
3683 2235 3864 2307 parte
3895 2230 4047 2290 dan-

2507 2316 2586 2377 tis
2613 2317 2711 2377 vel
2737 2317 3119 2396 accipientia
3174 2319 3264 2379 Ita
3303 2322 3488 2382 Sotus
3517 2323 3647 2382 VII.
3695 2320 3765 2381 de
3774 2322 4045 2403 justitia,

2509 2428 2614 2488 qu.
2649 2426 2760 2470 xn.
2796 2414 2912 2471 art.
2945 2415 3004 2470 4.
3036 2411 3271 2489 Angles
3300 2431 3406 2492 qu.
3440 2411 3510 2474 de
3535 2414 3795 2491 cambiis,
3829 2421 3953 2478 art.
3972 2418 4043 2479 V.

2509 2502 2660 2564 dub.
2711 2519 2797 2563 1v.
2845 2502 3035 2563 dissic.
3082 2507 3141 2564 2.
3196 2506 3373 2566 Salas
3420 2506 3570 2567 dub.
3621 2523 3718 2567 xl..
3770 2527 3952 2570 num.
3989 2523 4043 2571 1.

2510 2595 2748 2655 Filliuc.
2782 2595 2890 2655 ubi
2920 2614 3112 2675 supra
3154 2615 3293 2676 cap.
3324 2614 3411 2659 x1.
3463 2618 3637 2661 num.
3671 2603 3813 2662 493.
3850 2607 3919 2663 et
3943 2603 4048 2663 alii

2509 2706 2666 2766 quos
2695 2689 2985 2749 afferunt.

2588 2783 2737 2841 Haec
2765 2785 2977 2842 tamen
3005 2783 3354 2844 communis
3374 2783 3658 2847 doctrina
3678 2786 4047 2851 difficultate

2510 2892 2631 2935 non
2661 2879 2854 2952 caret,
2886 2875 3033 2953 quia
3060 2876 3125 2935 in
3153 2877 3470 2955 emptione
3500 2884 3563 2940 et
3594 2880 3959 2942 venditione
3989 2887 4053 2945 et

2507 2966 2675 3026 idem
2705 2966 2828 3028 dici
2857 2967 3046 3028 debet
3093 2968 3156 3028 in
3203 2970 3665 3048 permutatione
3686 3018 3702 3048 ‚
3751 2974 3836 3033 ad
3874 2973 4050 3054 judi-

2509 3059 2781 3120 candum
2811 3059 2889 3120 de
2910 3059 3156 3139 justitia
3184 3063 3369 3139 pretii
3397 3067 3461 3124 et
3488 3069 3850 3127 contractus
3872 3114 3887 3143 ‚
3923 3085 4050 3128 non

2510 3157 2602 3214 est
2631 3152 3048 3214 attendendus
3066 3153 3244 3215 valor
3257 3154 3344 3215 rei
3364 3160 3645 3236 tempore
3658 3163 4044 3235 co‘ntractuS,

2508 3247 2618 3307 sed
2639 3247 2813 3307 valor
2838 3266 3024 3326 quem
3042 3247 3300 3310 habebit
3319 3251 3571 3329 quando
3584 3253 3897 3314 tradenda
3916 3259 4046 3316 est:

2470 3346 2477 3352 “
2510 3357 2703 3418 quare
2734 3340 2840 3418 qui
2870 3341 3021 3400 emit
3057 3358 3223 3401 nunc
3253 3341 3525 3403 triticum
3553 3345 3938 3406 tradendum
3967 3347 4052 3407 si-

2508 3433 2572 3493 bi
2601 3436 2743 3510 post
2772 3437 2898 3493 tres
2925 3450 3174 3493 menses
3192 3479 3208 3509 ‚
3260 3452 3385 3494 non
3416 3435 3604 3496 debet
3632 3437 3879 3499 solvere
3910 3457 4052 3517 pre·

2507 3525 2593 3587 tio
2625 3543 2746 3604 quo
2778 3544 2945 3586 nunc
2976 3525 3162 3601 valet,
3196 3525 3308 3586 sed
3339 3545 3463 3606 quo
3496 3528 3729 3591 valebit
3757 3536 4050 3610 tempore

2509 3637 2632 3698 quo
2652 3618 3028 3679 tradendum
3061 3624 3186 3695 est,
3237 3622 3307 3680 ut
3349 3620 3621 3682 vidimus
3662 3629 3928 3700 agentes
3972 3624 4051 3685 de

2509 3710 2823 3788 emptione
2854 3716 2917 3771 et
2942 3710 3324 3788 venditione,
3358 3716 3423 3774 et
3448 3732 3665 3774 omnes
3694 3717 4054 3777 communi-

2506 3806 2605 3864 ter
2630 3803 2924 3865 fatentur.
2977 3805 3132 3865 Cum
3161 3822 3310 3882 ergo
3342 3804 3659 3867 cambium
3688 3807 3770 3869 sit
3795 3827 4053 3887 permu-

2507 3897 2659 3959 tatio
2687 3896 2970 3975 pecunioe
3001 3915 3113 3974 pro
3141 3896 3408 3975 pecunia
3431 3944 3447 3974 ,
3502 3918 3629 3960 non
3677 3901 3799 3962 erit
3828 3906 4055 3963 contra

2505 3990 2676 4068 leges
2706 3988 2956 4065 cambii,
2988 3989 3114 4050 imo
3144 3990 3346 4068 magis
3367 3992 3549 4069 juxta
3575 3992 3712 4054 illas
3759 3996 3938 4074 quod
3968 4014 4057 4055 ae·

2505 4082 2792 4143 stimetur
2832 4081 3100 4159 pecunia
3136 4087 3356 4161 postea
3403 4083 3768 4162 recipienda
3810 4087 3876 4147 in
3925 4088 4056 4149 alio

2503 4175 2681 4251 loco,
2742 4192 2866 4235 non
2913 4174 3262 4235 secundum
3310 4176 3794 4239 {estimationem
3853 4199 4055 4259 quam

2506 4286 2672 4328 nunc
2700 4267 2913 4344 habet,
2944 4267 3056 4327 sed
3086 4286 3278 4347 quam
3308 4268 3571 4330 habebit
3599 4272 3855 4350 quando
3886 4274 4060 4335 reci-

2504 4360 2734 4441 pienda
2761 4364 2876 4421 est.
2912 4361 3115 4434 Quare
3143 4361 3195 4421 si
3213 4379 3287 4423 eo
3318 4366 3599 4441 tempore
3629 4368 3892 4443 propter
3914 4385 4059 4426 ma-

2496 4455 2703 4533 jorem
2732 4453 3014 4532 pecuniae
3044 4453 3292 4531 copiam
3322 4472 3396 4515 eo
3425 4455 3564 4516 loco
3592 4454 3897 4534 futuram,
3938 4477 4057 4537 pe-

2505 4548 2688 4607 cunia
2716 4546 2923 4606 minus
2951 4545 3220 4622 valebit,
3274 4551 3337 4608 et
3374 4547 3518 4608 ideo
3566 4546 3773 4627 majus
3796 4549 4060 4612 lucrum

2505 4639 2787 4718 exigetur
2833 4658 2948 4718 pro
3005 4639 3413 4701 translatione
3466 4640 3716 4702 virtuali
3758 4644 4060 4721 pecuniae

2504 4732 2583 4792 ab
2611 4731 2714 4792 illo
2745 4731 2880 4792 loco
2910 4732 2976 4792 in
3005 4732 3174 4792 hunc
3204 4733 3429 4805 alium3
3464 4734 3687 4795 merito
3709 4753 3882 4797 nunc
3910 4738 4061 4798 fieri

2504 4829 2707 4905 potest
2734 4829 2986 4904 pactum
3017 4825 3095 4886 de
3126 4844 3202 4887 ea
3221 4825 3447 4905 majori
3467 4826 3751 4906 pecunias
3767 4847 4058 4893 summa.

2505 4919 2571 4980 Si
2596 4936 2744 4979 vero
2775 4922 3028 4997 propter
3067 4916 3372 4997 majorem
3400 4920 3683 4998 pecunioe
3710 4924 4063 5000 penuriam

2501 5016 2651 5072 tunc
2680 5011 2766 5071 ibi
2793 5011 3068 5073 futuram
3094 5056 3109 5088 ,
3143 5012 3282 5090 plus
3312 5012 3590 5073 creditur
3631 5017 3781 5075 tunc
3809 5016 4064 5079 valoris

2503 5105 2794 5165 habitura
2819 5105 3091 5184 pecunia
3125 5105 3435 5167 tradenda
3462 5105 3550 5166 ibi
3579 5125 3615 5166 a
3642 5109 4059 5186 campsario3

2500 5197 2730 5276 poterit
2756 5197 2977 5258 merito
2995 5197 3380 5276 campsarius
3402 5198 3653 5278 exigere
3664 5218 3833 5261 nunc
3866 5201 4066 5264 dimi-

2503 5289 2823 5350 nutionem
2852 5308 3114 5351 summoe
3138 5336 3154 5366 ‚
3191 5295 3253 5351 et
3278 5290 3437 5351 lucri
3465 5292 3794 5354 reddendi.
3864 5295 4063 5357 Unde

2493 5381 2701 5462 justus
2729 5381 2978 5444 videtur
3006 5383 3233 5444 cambii
3261 5387 3621 5445 contractus
3644 5431 3660 5462 ,
3710 5385 3761 5445 si
3788 5385 4063 5449 lucrum

4170 1324 4223 1381 {2

4128 1450 4176 1489 Αιι
4189 1449 4224 1489 lin

4093 1503 4224 1566 cambiis
