4263 6376
1087 307 1554 365 DISPUTA'rlo
1603 307 1817 380 XXVI,
1870 307 2143 366 SECTIO
2190 307 2290 366 vl.

147 485 198 543 in
223 501 336 544 una
362 481 455 542 vel
487 481 678 543 altera
705 499 1003 541 mensura
1033 481 1365 542 excederet
1394 480 1455 540 in
1502 500 1645 560 pre-

148 579 238 649 110,
268 576 369 635 sed
395 576 441 633 si
474 575 537 634 in
565 575 777 635 multis
821 574 1154 649 mensuriS,
1199 579 1308 635 aut
1357 592 1647 634 excessus

146 668 399 729 modicus
423 669 503 729 sit
529 686 694 745 saepe
722 667 1024 746 repetitus
1102 669 1191 727 lta
1219 666 1431 726 Avilas
1479 666 1648 745 apud

147 763 299 822 Salas
324 761 466 820 dub,
497 776 667 821 xxw.
703 780 807 820 nu,
841 764 900 821 2.
935 759 1130 820 Addit
1158 759 1369 820 Salon.
1404 760 1465 818 in
1491 778 1651 838 111111-

144 854 282 915 561111
307 859 515 932 quaest.
547 855 873 914 LXXVIII.
907 860 1026 913 art.
1062 870 1105 913 1.
1168 857 1551 913 controvers,
1584 856 1643 913 9.

146 947 358 1006 etiamsi
387 946 444 1004 in
473 945 685 1005 multis
729 946 1038 1006 mensuris
1081 945 1414 1022 attingeret
1460 962 1652 1024 quan·

147 1041 358 1100 titatem
410 1057 547 1117 quae
591 1039 652 1096 in
709 1039 875 1099 furto
920 1044 1085 1101 esset
1130 1038 1362 1116 graviS,
1408 1055 1530 1097 non
1576 1054 1649 1097 eo

147 1133 260 1209 ipso
284 1131 407 1191 fore
453 1134 778 1209 peccatum
821 1131 1109 1207 mortale,
1170 1129 1317 1210 quia
1358 1130 1653 1209 princeps

148 1243 252 1283 non
277 1224 531 1285 intendit
560 1242 704 1283 cum
731 1228 905 1285 tanto
938 1223 1144 1301 rigore
1188 1223 1472 1301 obligare
1505 1239 1520 1286 ε
1559 1240 1655 1282 56-

148 1337 240 1377 6115
270 1317 402 1377 siin
435 1316 648 1377 multis
677 1316 985 1377 mensuris
1045 1316 1385 1377 multorum
1429 1334 1654 1394 argen-

148 1416 359 1470 teorum
411 1410 696 1469 cumulus
754 1409 953 1471 fieret,
1029 1409 1228 1482 Quam
1281 1409 1653 1470 sententiam

147 1502 321 1581 rejicit
345 1502 506 1562 idem
539 1502 718 1564 Salas
747 1520 918 1563 num.
951 1504 1010 1563 3.
1047 1501 1196 1581 quia
1233 1501 1514 1561 divinare
1561 1501 1656 1560 vi-

148 1596 321 1665 detur,
353 1600 411 1655 61
437 1596 588 1673 quia
629 1595 890 1656 fortasse
938 1595 1259 1673 legislator
1299 1595 1363 1653 in
1392 1594 1656 1656 materia

146 1688 296 1767 gravi
326 1706 442 1748 non
472 1692 682 1767 potest
710 1688 931 1749 leviter
959 1688 1261 1766 obligare,

215 1782 329 1858 Ego
372 1780 640 1841 libenter
674 1780 854 1860 juxta
910 1780 1270 1859 supradicta
1317 1780 1655 1859 distingue-

148 1893 289 1934 rem:
314 1893 450 1932 nam
474 1873 576 1933 vel
607 1874 875 1952 pretium
903 1873 1043 1951 1636
1066 1879 1345 1934 taxatum
1364 1878 1458 1934 est
1486 1873 1655 1932 idem

146 1986 265 2025 cum
290 1966 479 2044 pretio
511 1966 782 2026 naturali
811 1970 921 2024 aut
948 1964 1213 2043 vulgari,
1231 1965 1400 2044 quod
1439 1966 1657 2026 fuisset

149 2059 361 2118 seclusa
386 2058 523 2135 lege
559 2077 574 2116 :
614 2061 676 2117 et
702 2061 848 2118 tunc
879 2057 1044 2116 idem
1065 2057 1401 2118 dicendum
1431 2058 1548 2119 erit
1575 2058 1654 2118 de

148 2150 445 2210 excedente
496 2150 771 2227 pretium
828 2150 1003 2225 illud,
1063 2167 1136 2209 ac
1184 2149 1261 2209 de
1317 2150 1655 2211 excedente

151 2242 381 2319 pretium
436 2260 771 2302 commune
803 2246 866 2304 et
892 2242 1151 2319 vulgare
1182 2242 1245 2301 in
1292 2241 1367 2302 iis
1414 2242 1650 2316 rebus;

148 2335 272 2412 quia
298 2341 437 2395 tunc
464 2335 568 2394 lex
597 2335 800 2394 solum
832 2353 895 2393 se
935 2334 1147 2410 habet,
1179 2340 1250 2397 ut
1276 2353 1466 2413 supra
1496 2334 1657 2393 dixi-

147 2445 281 2501 mus,
314 2426 486 2506 quasi
514 2428 826 2488 sententia
863 2426 1137 2506 juridica
1166 2426 1321 2487 dans
1342 2426 1447 2505 jus
1476 2445 1655 2506 emp-

149 2519 246 2577 tori
273 2520 344 2577 ad
373 2518 914 2579 solvendumillud
944 2518 1214 2597 pretium
1250 2539 1262 2579 :
1299 2536 1493 2598 quare
1523 2537 1659 2578 ma-

151 2610 278 2669 teria
307 2611 621 2671 sufficiens
651 2611 730 2671 ad
760 2616 1086 2690 peccatum
1136 2610 1402 2671 mortale
1430 2611 1494 2670 in
1521 2610 1659 2671 aliis

147 2703 361 2778 debitis,
393 2722 536 2782 quae
569 2722 643 2762 ex
671 2703 980 2763 sententia
1028 2708 1392 2765 transeunte
1431 2704 1493 2762 in
1524 2722 1658 2764 rem

141 2794 453 2873 judicatam
484 2796 819 2871 debentur,
879 2796 1148 2857 sufficiet
1203 2796 1393 2857 etiam
1424 2797 1486 2855 in
1536 2797 1655 2858 hac

147 2889 394 2948 materia.
455 2892 560 2948 An
587 2906 736 2948 vero
796 2888 1018 2947 eadem
1071 2889 1336 2949 materia
1366 2890 1654 2966 sufficiat,

148 2981 366 3059 quando
396 2999 494 3040 res
522 2999 562 3039 a
590 2980 800 3041 multis
828 2998 942 3059 per
969 2981 1217 3042 modica
1245 2982 1548 3053 aufertur,
1600 2985 1663 3043 et

148 3079 351 3151 quanto
378 3073 585 3153 maj0r
614 3072 691 3132 ad
743 3073 861 3133 hoc
891 3074 1196 3152 exigatur,
1249 3073 1518 3134 diximus
1563 3093 1660 3134 su-

148 3183 243 3243 pra
278 3166 517 3245 agendo
570 3166 647 3226 de
696 3165 877 3227 furtis
923 3166 1338 3228 modicorum,
1398 3167 1659 3239 Quando

149 3278 273 3319 vero
298 3260 390 3320 lex
420 3260 499 3320 ob
521 3259 727 3339 justas
756 3278 977 3320 causas
1006 3265 1180 3322 taxat
1197 3260 1467 3338 pretium
1496 3260 1663 3322 infra

147 3353 382 3430 pretium
412 3354 675 3432 vulgare
724 3353 910 3415 etiam
949 3352 1256 3429 infimum,
1293 3357 1355 3413 et
1391 3352 1656 3432 justum,

145 3452 304 3522 prout
344 3465 524 3525 posse
588 3445 928 3525 aliquando
973 3446 1115 3525 1636
1163 3447 1301 3506 fieri
1350 3446 1621 3508 diximus
1641 3491 1657 3524 ,

147 3545 273 3598 tunc
298 3558 413 3600 non
463 3540 658 3601 credo
705 3539 987 3618 obligare
1018 3558 1161 3599 cum
1192 3557 1267 3599 eo
1325 3539 1558 3618 rigore,
1597 3542 1667 3599 ut

147 3632 409 3710 quaelibet
434 3632 706 3693 materia
735 3633 890 3692 alias
908 3632 1216 3692 sufficiens
1233 3632 1310 3691 ad
1335 3636 1663 3710 peccatum

147 3742 313 3801 grave
326 3724 492 3801 furti,
524 3724 798 3786 sufficiat
814 3725 1001 3785 etiam
1023 3725 1103 3784 ad
1125 3727 1453 3803 peccatum
1468 3742 1665 3803 grave

147 3823 336 3877 contra
386 3817 700 3897 ejusmodi
757 3821 989 3877 taxam.
1050 3818 1229 3877 Ratio
1277 3835 1422 3877 vero
1480 3817 1665 3897 hujus

149 3909 488 3971 differentiae
511 3915 630 3986 est,
654 3911 820 3989 quod
846 3910 1100 3991 quando
1129 3909 1364 3971 taxatio
1385 3910 1455 3971 fit
1474 3910 1664 3988 priori

147 4003 327 4080 modO,
359 4005 499 4064 finis
529 4004 688 4081 legis
737 4007 830 4063 est
857 4004 1025 4083 quod
1063 4010 1371 4081 emptores
1402 4021 1525 4064 non
1557 4004 1667 4064 de-

146 4096 426 4174 cipiantur
455 4115 575 4157 nec
595 4101 905 4175 cogantur
922 4097 1166 4157 solvere
1186 4115 1375 4174 supra
1395 4097 1667 4175 pretium

142 4185 643 4266 justum,'Contra
674 4189 843 4249 bunc
873 4193 1083 4250 autem
1113 4189 1301 4249 finem
1330 4190 1433 4249 ille
1462 4208 1668 4252 exces-

147 4299 234 4340 sus
258 4283 458 4360 gravis
487 4283 631 4359 erit,
664 4282 772 4361 qui
800 4282 1012 4361 gravis
1042 4282 1197 4341 alias
1228 4283 1309 4343 sit
1349 4288 1568 4344 contra
1596 4283 1670 4343 fi-

149 4391 270 4434 nem
323 4380 382 4437 et
434 4380 823 4455 proeceptum
864 4374 1149 4454 justitiae.
1210 4375 1471 4448 Quando
1519 4394 1668 4437 vero

148 4469 352 4528 taxatio
380 4471 451 4529 fit
480 4469 812 4548 posteriori
843 4469 1056 4546 mod0‚
1076 4468 1216 4529 finis
1247 4469 1401 4547 legis
1423 4486 1546 4528 non
1577 4472 1672 4530 est

146 4561 443 4638 aequalitas
463 4561 749 4639 justitiae,
778 4562 888 4621 sed
909 4561 1165 4622 obviare
1197 4561 1671 4623 necessitatibus

146 4671 490 4730 pauperum,
527 4654 629 4713 vel
659 4654 1119 4730 communibus,
1152 4655 1300 4715 licet
1329 4635 1389 4714 id
1407 4655 1488 4715 sit
1528 4672 1671 4715 cum

145 4744 494 4807 detrimento
549 4746 793 4824 privato
849 4746 1269 4808 venditorum,
1333 4749 1401 4807 ln
1451 4746 1670 4807 ordine

145 4843 330 4898 autem
358 4840 437 4899 ad
470 4840 641 4899 bunc
666 4839 857 4899 finem
888 4858 1012 4899 non
1043 4839 1437 4918 reputabitur
1458 4839 1671 4918 gravis

145 4931 382 5008 quilibet
418 4951 713 4992 excessus
762 4950 955 5010 supra
998 4937 1207 4994 taxam
1245 4953 1257 4992 :
1293 4950 1416 4992 non
1445 4951 1671 5012 aggra-

146 5029 310 5084 vatur
351 5026 520 5084 enim
563 5025 924 5087 notabiliter
952 5025 1291 5086 necessitas
1320 5044 1671 5105 pauperum

147 5117 229 5177 vel
258 5119 670 5180 communitas
702 5138 776 5179 ex
794 5137 865 5179 eo
889 5119 1056 5199 quod
1089 5123 1359 5198 quatuor
1374 5119 1470 5180 vel
1489 5118 1670 5198 quin-

149 5229 254 5287 que
281 5217 612 5290 argenteos
653 5212 954 5274 solverint
982 5231 1172 5290 supra
1202 5213 1472 5291 pretium
1501 5218 1672 5275 taxa·

149 5307 287 5376 tum,
319 5305 427 5364 sed
476 5305 594 5364 hoc
642 5305 966 5365 moraliter
1020 5305 1495 5384 intelligendum
1553 5309 1668 5366 est.

149 5396 411 5474 Intelligo
461 5401 675 5458 autem
727 5396 1081 5459 notabiliter
1128 5417 1353 5458 nocere
1381 5397 1488 5458 fini
1518 5396 1673 5476 legis

152 5507 451 5548 excessum
487 5489 798 5568 illnm,qui
829 5490 875 5548 si
908 5490 1112 5550 licitus
1135 5497 1298 5553 essct
1318 5490 1673 5552 notabiliter

3166 307 3278 365 287

1745 481 2190 559 praejudicaret
2217 482 2295 544 ad
2354 484 2542 543 talem
2591 483 2780 543 finem
2812 486 3069 560 propter
3105 501 3281 543 suam

1744 574 2347 652 multiplicationem,
2380 582 2448 636 ut
2476 577 2884 654 explicuimus
2913 579 3170 653 agentes
3205 574 3283 633 de

1745 667 2007 727 materia
2037 668 2181 728 furti
2202 669 2412 747 gravis
2429 668 2545 731 dis.
2579 686 2708 730 111.
2732 688 2818 729 se,
2855 673 2912 729 2.
2940 671 3187 743 Fateor,
3210 687 3283 727 ex

1745 761 1947 840 primo
2004 760 2230 821 delicto
2265 763 2514 841 quando
2546 762 2904 822 venditores
2933 762 3285 840 depreben-

1748 853 2001 930 duntur,
2028 854 2227 913 solere
2259 854 2485 931 puniri,
2526 855 2770 915 etiamsi
2798 855 2858 913 in
2882 872 3004 914 uno
3039 854 3169 913 solo
3191 871 3285 912 ar-

1747 950 1973 1023 genteo
2005 946 2384 1007 excesserint
2400 947 2727 1007 vendendo
2741 947 2897 1007 duas
2911 947 3287 1025 velquatuor

1748 1039 1939 1100 libras
1951 1040 2245 1118 piscium3
2267 1039 2413 1118 quia
2441 1044 2907 1118 proesumuntur
2925 1040 3011 1101 ita
3040 1040 3286 1119 freque-

1749 1137 1847 1193 ter
1868 1132 2072 1193 facere
2095 1150 2236 1193 cum
2262 1132 2398 1191 aliis
2423 1138 2693 1194 :certum
2716 1137 2925 1193 tamen
2939 1139 3032 1194 est
3051 1133 3218 1212 quod
3235 1133 3285 1192 si

1750 1225 1855 1285 illa
1881 1225 2012 1284 sola
2043 1225 2178 1284 vice
2197 1224 2752 1304 deliquissentsine
2774 1226 2982 1286 animo
2999 1226 3284 1306 frequen-

1753 1318 1862 1398 ter]
1916 1317 2354 1397 delinquendi,
2417 1338 2541 1380 non
2590 1322 2954 1397 peccassent
3014 1319 3289 1397 graviter

1751 1415 2007 1490 propter
2033 1411 2407 1490 parvitatem
2436 1413 2738 1473 materiae,
2772 1412 2912 1472 Alia
2942 1412 3132 1472 dubia
3157 1432 3286 1472 ma-

1752 1504 1845 1582 gis
1867 1503 2208 1581 peculiaria
2223 1505 2388 1564 circa
2403 1505 2768 1584 praedictam
2788 1505 3015 1583 1636111,
3041 1512 3102 1566 61
3124 1505 3291 1566 611611

1753 1596 2020 1674 pretium
2054 1596 2231 1674 panis
2261 1598 2520 1673 cocti,et
2549 1615 2873 1658 excessum
2889 1598 3290 1659 moderatum

1752 1689 1812 1748 in
1843 1689 1948 1749 illo
1981 1689 2375 1768 permissum,
2409 1691 2609 1751 videri
2638 1694 2899 1769 possunt
2934 1691 3099 1769 apud
3132 1710 3291 1770 11116-

1754 1782 1951 1843 (116105
1981 1787 2288 1844 auctores,

2237 2193 2671 2279 sne'rlo
2736 2197 2849 2283 vl.

1761 2499 1977 2563 Utrum
2001 2500 2240 2580 quilibet
2266 2519 2524 2562 excessus
2567 2501 2662 2561 vel
2685 2501 2959 2582 defectae,
3008 2524 3085 2563 cm
3110 2504 3295 2564 solum

1837 2606 1897 2665 in
1922 2604 2161 2666 dimidio
2189 2607 2350 2687 justi
2367 2607 2552 2688 prelii
2603 2607 2814 2687 obliqet
2855 2607 2935 2668 ad
2973 2610 3292 2670 restitutio-

1835 2731 1985 2773 nem.

1839 2977 2018 3040 Ratio
2049 2978 2378 3038 dubitandi
2408 2979 2608 3041 oritur
2636 2999 2710 3039 ex
2738 2980 2981 3059 legibus
3010 2981 3297 3043 civilibus

1760 3075 1822 3132 et
1840 3070 2178 3147 canonicis,
2203 3070 2265 3130 in
2290 3072 2514 3150 quibus
2532 3073 2735 3133 solum
2753 3074 3119 3136 conceditur
3135 3076 3295 3137 actio

1760 3163 2047 3243 emptori,
2081 3168 2194 3224 aut
2218 3163 2547 3242 venditori,
2584 3166 2834 3245 qnando
2864 3167 3049 3229 1165115
3079 3173 3173 3230 651
3203 3169 3299 3229 ul-

1760 3262 1856 3320 tra
1881 3257 2210 3317 dimidium
2235 3256 2384 3336 justi
2420 3259 2622 3336 pretii,
2658 3261 2698 3320 1.
2734 3277 2804 3321 11.
2839 3263 2905 3322 C,
2938 3261 3009 3322 de
3046 3262 3295 3325 rese-ind,

1759 3351 2101 3427 venditione,
2135 3369 2273 3428 cap.
2312 3349 2461 3411 Cum
2487 3352 2703 3430 delecti,
2736 3372 2873 3434 cap.
2911 3353 3061 3416 Cum
3098 3374 3295 3432 causa,

1760 3443 1830 3505 de
1861 3443 2146 3525 emptione
2172 3453 2226 3503 et
2257 3443 2612 3519 venditione;
2647 3446 2708 3504 in
2731 3465 2854 3525 quo
2885 3465 3033 3508 casu
3062 3448 3165 3508 ille
3193 3450 3302 3528 qui

1761 3539 1923 3600 laesit
1938 3542 2188 3600 tenetur
2198 3537 2293 3597 vel
2310 3556 2654 3614 excessum,
2673 3544 2781 3600 aut
2794 3539 3107 3601 defectum
3121 3541 3302 3620 pretii

1761 3632 2062 3693 reducere
2091 3630 2173 3691 ad
2203 3631 2627 3709 aequalitatem
2657 3632 2838 3709 pretii
2871 3632 3044 3712 justi,
3078 3635 3175 3694 vel
3204 3653 3305 3695 re-

1762 3725 2047 3785 scindere
2077 3729 2492 3785 contractum,
2527 3725 2746 3803 Itaque
2761 3726 2812 3784 si
2840 3745 2974 3785 rem
2991 3728 3299 3788 valentem

1763 3822 1863 3880 20.
1898 3817 2098 3897 pretio
2131 3815 2353 3877 saltem
2382 3816 2620 3893 infimo,
2655 3818 2858 3879 emisti
2889 3823 2947 3880 9.
2984 3820 3175 3880 debes
3206 3821 3300 3880 vel

1763 3911 2117 3972 rescindere
2162 3912 2554 3970 contractum
2598 3910 2695 3969 vel
2727 3899 3302 3972 addere'undecim

1765 4022 1876 4084 pro
1907 4002 2130 4081 pretio,
2183 4003 2231 4062 E
2263 4007 2480 4063 contra
2518 4020 2690 4079 ver0,
2736 4004 2787 4063 si
2816 4022 2950 4064 rem
2992 4005 3302 4066 valentem

1765 4097 1967 4157 solum
1994 4098 2092 4156 20.
2129 4094 2328 4173 pretio
2358 4095 2547 4154 etiam
2577 4113 2822 4155 summo
2839 4096 3171 4160 vendidisti
3199 4101 3298 4159 31.

1767 4188 1959 4268 aliqui
1990 4188 2280 4248 dixerunt
2310 4203 2433 4246 non
2465 4187 2601 4247 dari
2630 4188 2940 4249 actionem
2971 4196 3188 4252 contra
3218 4195 3301 4268 te,

1768 4283 1885 4342 nisi
1907 4280 2266 4342 vendideris
2294 4299 2406 4358 pro
2435 4284 2536 4342 40.
2563 4282 2863 4342 Doctores
2894 4286 3108 4343 tamen
3140 4302 3310 4345 com-

1767 4376 2040 4437 muniter
2087 4379 2305 4435 tenent
2360 4374 2645 4434 eamdem
2705 4392 2837 4434 esse
2892 4377 3197 4437 rationem
3244 4378 3306 4438 in

1769 4477 2048 4548 emptore
2079 4473 2141 4527 61
2169 4467 2529 4539 venditore;
2566 4486 2758 4546 quare
2790 4469 3030 4530 etiamsi
3062 4489 3172 4550 pro
3202 4474 3302 4533 31.

1767 4560 2150 4635 vendideriS,
2213 4559 2380 4638 quod
2423 4560 2552 4619 sola
2583 4563 2680 4619 ΞΟ.
2733 4561 3004 4638 valebat,
3058 4564 3311 4625 dabitur

1770 4654 1929 4726 actio
1960 4657 2179 4713 contra
2206 4657 2287 4728 te,
2322 4658 2392 4713 ut
2420 4653 2513 4711 vel
2549 4655 2644 4712 11.
2682 4654 2927 4730 reddas,
2950 4656 3307 4717 1616011113,-

1770 4752 1940 4808 6111111
2002 4746 2345 4805 rescindas,
2406 4744 2699 4823 Alioquin
2778 4764 2900 4805 non
2956 4754 3311 4810 servaretur

1771 4839 2093 4919 aequalitas
2120 4839 2284 4898 inter
2313 4842 2645 4916 utrumque
2675 4837 3169 4901 contrahentem,
3204 4842 3311 4902 vi-

1771 4934 1995 4994 deatur
2021 4931 2167 4993 Mol,
2221 4930 2380 5009 disp,
2415 4933 2553 4991 349.
2607 4931 2723 4991 601.
2763 4935 2816 4991 1.
2853 4937 2914 4991 61
2946 4933 3124 4994 Salas
3154 4932 3304 4994 dub.

1771 5042 1938 5086 xxw.
1974 5042 2144 5083 num.
2180 5027 2237 5083 2.
2275 5024 2377 5102 qui
2412 5023 2565 5083 alios
2595 5024 2805 5084 refert.
2867 5024 3129 5095 Quando
3159 5044 3308 5086 vero

1770 5136 1870 5178 res
1899 5116 2209 5197 periit,vel
2233 5116 2592 5176 notabiliter
2619 5116 2998 5177 deteriorata
3019 5123 3131 5193 est,
3160 5119 3310 5198 quid

1771 5210 2126 5271 faciendum
2159 5209 2257 5284 sit,
2291 5213 2521 5269 tractat
2548 5208 2715 5268 idem
2734 5209 2879 5270 Mol.
2905 5208 3024 5271 loc,
3046 5212 3149 5273 cit,
3170 5231 3310 5292 quae

1775 5303 1921 5383 quia
1965 5302 2042 5361 ad
2101 5302 2307 5362 forum
2355 5301 2555 5361 solum
2603 5306 2929 5361 externum
2970 5304 3305 5382 pertinent,

1774 5395 1942 5474 apud
1986 5395 2192 5473 ipsum
2220 5394 2416 5454 videri
2461 5398 2742 5473 possunt.
2795 5395 2911 5467 Qui
2939 5396 3126 5457 etiam
3155 5399 3218 5459 in
3248 5401 3306 5478 ἓ.

1780 5488 1991 5550 Utrum
2021 5496 2233 5562 autem,
2266 5487 2426 5547 bene
2454 5491 2650 5562 notat,
2694 5487 2956 5549 rescisso
2986 5498 3308 5554 contractu

3444 3003 3569 3062 79,

3388 3127 3469 3170 Lex
3486 3142 3607 3183 quem

3390 3196 3439 3224 ex

3402 3238 3606 3291 reprobet.
