4263 6376
607 1704 723 1763 180

548 1828 759 1882 Quom-do

529 1896 634 1926 onus
652 1883 772 1925 addi-

542 1941 630 1979 tum
647 1937 768 1980 debet

522 2043 547 2085 d

570 2150 749 2206 pensari.

569 3316 671 3366 Quid
708 3316 760 3357 de

544 3373 679 3411 monle
698 3383 748 3410 ox·
775 3400 784 3408 .
801 3401 811 3420 ‚

518 3427 560 3464 01
603 3421 814 3475 rejiciente

517 3475 741 3530 periculum
772 3476 814 3518 iu

536 3529 811 3575 venditorem.

599 5347 713 5407 1852

851 316 971 376 320

852 491 1064 552 ficium
1091 492 1212 554 hoc
1238 510 1382 553 cum
1411 509 1640 572 magno
1669 491 1899 553 damno
1926 490 2177 571 publico
2197 509 2378 554 aver-

850 586 961 646 tat.

1274 1009 1694 1096 sEcho
1775 1007 1951 1094 Xlll.

947 1322 1037 1384 De
1061 1320 1326 1383 oneribus
1352 1319 1621 1400 emptori,
1649 1328 1750 1379 aut
1776 1315 2066 1379 venditori
2085 1333 2292 1396 super·-

1496 1424 1729 1487 additis.

935 1698 1171 1777 Regula
1219 1695 1530 1777 generalis
1573 1695 1681 1772 sit,
1735 1695 1976 1774 quoties
2020 1693 2169 1754 dato
2209 1691 2379 1772 justo

853 1792 1051 1870 pretio
1076 1838 1091 1868 ,
1144 1790 1399 1851 additur
1443 1787 1709 1867 emptori
1738 1789 1850 1847 aut
1874 1785 2185 1847 venditori
2226 1802 2383 1845 onus

855 1883 1107 1964 aliquod
1134 1884 1334 1963 pretio
1365 1880 1753 1956 aestimabile,
1787 1882 2145 1940 contractus
2174 1881 2270 1939 est
2293 1878 2384 1937 in—

508 1988 803 2054 adpiqionqsol
845 1977 1073 2059 justae,
1107 1980 1170 2037 et
1197 1976 1533 2055 aliquando
1561 1974 1680 2035 erit
1710 1972 2052 2034 usurarius.
2079 1972 2260 2033 Ratio
2293 1975 2386 2032 est

527 2049 791 2154 1,ξῖἷίᾞὲῗῖ
852 2071 1051 2145 clara,
1086 2068 1233 2149 quia
1272 2068 1543 2147 pretium
1572 2066 2019 2145 correspondet
2045 2064 2139 2125 rei
2166 2063 2387 2124 vendi-

851 2167 931 2225 tae
975 2182 989 2223 :
1032 2162 1082 2221 si
1130 2179 1278 2241 ergo
1326 2162 1490 2221 ultra
1536 2159 1808 2239 pretium
1846 2158 2086 2238 justum
2141 2156 2387 2235 cogitur

852 2260 1098 2335 emptor
1125 2254 1380 2333 aliquod
1402 2252 1571 2313 aliud
1594 2270 1750 2313 onus
1778 2251 1989 2311 subire
2014 2272 2029 2323 ;
2056 2250 2193 2330 jam
2222 2249 2386 2328 eogi-

851 2353 954 2412 tur
983 2349 1134 2409 dare
1164 2366 1240 2409 ex
1267 2350 1442 2426 parte
1474 2364 1588 2406 sua
1633 2344 1885 2423 aliquod
1934 2344 2097 2406 ultra
2144 2343 2386 2423 justum

852 2442 1144 2522 pretium.
1176 2442 1330 2501 Item
1356 2439 1410 2500 si
1436 2438 1724 2499 venditor
1737 2437 1896 2499 ultra
1914 2456 2048 2497 rem
2062 2436 2386 2499 venditam

852 2553 965 2614 pro
997 2554 1122 2614 qua
1150 2534 1336 2594 datur
1363 2532 1421 2592 ei
1450 2532 1651 2592 solum
1672 2532 1913 2610 justum
1940 2531 2211 2610 pretium
2238 2576 2254 2607 ‚
2287 2547 2386 2591 00-

853 2629 1022 2707 gitur
1047 2626 1213 2688 aliud
1247 2642 1404 2686 onus
1427 2624 1658 2699 subire,
1690 2640 1805 2702 pro
1827 2640 1949 2702 quo
1980 2624 2221 2684 nullum
2248 2641 2387 2702 pre-

855 2721 1012 2782 tium
1041 2718 1305 2798 accipit,
1349 2716 1480 2797 jam
1512 2716 1756 2795 cogitur
1781 2735 1896 2796 pro
1925 2715 2155 2776 minori
2185 2716 2386 2795 pretio

853 2832 989 2874 rem
1043 2831 1188 2873 cum
1233 2811 1337 2871 illo
1385 2828 1574 2871 onere
1621 2810 2025 2888 superaddito
2075 2810 2247 2870 dare.
2280 2811 2389 2869 'Ex

856 2924 982 2986 qua
1008 2904 1228 2983 regula
1254 2902 1433 2963 facile
1463 2903 1838 2963 deciduntur
1865 2902 2058 2963 dubia
2084 2902 2384 2981 practica,

857 3016 999 3079 quae
1024 2998 1089 3057 in
1115 2995 1235 3058 1100
1260 2995 1525 3057 materia
1553 3013 1879 3058 occurrere
1901 2997 2120 3058 solent.
2152 2998 2243 3057 Ex
2271 2996 2389 3058 hac

862 3110 1010 3171 ergo
1039 3091 1280 3169 regula.

941 3186 1209 3248 Infertur
1232 3181 1434 3264 primo
1459 3229 1474 3258 ,
1508 3180 1808 3263 injustum
1837 3201 1971 3245 esse
2000 3185 2390 3246 contractum

862 3281 1059 3356 illum,
1093 3278 1172 3338 de
1200 3295 1322 3357 quo
1351 3275 1584 3338 Molina
1607 3276 1768 3355 disp.
1804 3280 1940 3337 162.
1967 3296 2028 3337 0.
2064 3280 2119 3337 1.
2139 3278 2390 3357 quando

750 3382 796 3410 ⁰⁸
862 3375 927 3434 in
953 3377 1254 3435 autumno
1285 3369 1487 3431 emisti
1516 3370 1714 3448 pretio
1742 3374 1891 3431 tunc
1921 3371 2195 3431 currenti
2222 3371 2391 3431 mille

863 3486 1011 3531 oves
1038 3484 1181 3527 cum
1208 3468 1390 3545 paeto
1418 3468 1487 3526 ut
1515 3466 1843 3525 serventur
1871 3483 1908 3523 a
1934 3463 2259 3525 venditore
2289 3483 2393 3524 us-

862 3579 986 3642 que
1013 3560 1096 3621 ad
1123 3559 1402 3633 sunium,
1437 3561 1499 3617 et
1527 3556 1765 3617 fructus
1793 3556 2045 3618 interim
2062 3557 2141 3617 ad
2174 3561 2234 3619 te
2253 3576 2391 3637 per-

859 3656 1137 3728 tineam,
1194 3651 1542 3732 perieulum
1594 3668 1744 3710 vero
1811 3650 1890 3710 ad
1946 3650 2340 3712 venditorem
2374 3672 2387 3713 :

862 3749 1009 3830 quia
1059 3746 1356 3808 nimirum
1401 3743 1566 3805 ultra
1611 3761 1761 3805 oves
1811 3743 2056 3822 cogitur
2100 3746 2394 3807 venditor

859 3842 1096 3922 absque
1126 3840 1463 3918 augmento
1492 3837 1676 3917 pretii
1704 3837 1912 3898 subire
1942 3837 2292 3916 periculum
2323 3837 2393 3898 il—

857 3934 968 3996 lud
998 3932 1198 4012 pretio
1228 3930 1595 3992 aestimabile
1620 3976 1636 4006 ,
1696 3948 1809 4009 pro
1857 3947 1981 4009 quo
2029 3930 2291 3992 deberet
2327 3931 2390 3991 in

857 4027 1059 4106 pretio
1088 4023 1276 4100 addi,
1309 4022 1530 4102 quanti
1558 4021 1852 4082 aestimari
1902 4025 2109 4101 potest
2150 4023 2396 4102 pericu-

859 4122 990 4182 lum
1017 4118 1190 4193 illud,
1221 4122 1284 4179 et
1310 4117 1564 4195 insuper
1593 4116 1878 4177 custodia
1907 4120 1969 4177 et
1995 4135 2148 4177 eura
2163 4117 2241 4176 de
2262 4117 2395 4177 ovi-

857 4214 977 4274 bus
1005 4215 1135 4273 toto
1167 4210 1270 4270 illo
1310 4213 1614 4289 tempore.
1656 4209 1920 4271 Videtur
1948 4210 2139 4270 etiam
2180 4228 2393 4270 usura-

859 4307 990 4366 rius
1017 4305 1119 4364 ille
1150 4306 1537 4379 contractuS,
1571 4302 1719 4381 quia
1749 4302 1828 4362 ob
1859 4301 2264 4381 anticipatam
2295 4321 2394 4365 so-

857 4399 1160 4460 lutionem
1191 4395 1370 4474 pretii
1401 4394 1792 4474 accipiuntur
1819 4394 1922 4454 illa
1944 4395 2387 4473 emolumenta,

858 4490 1199 4571 rejiciendo
1248 4507 1438 4550 onera
1494 4488 1557 4548 10
1606 4488 2022 4564 venditorem,
2084 4492 2148 4549 et
2198 4489 2392 4550 multo

859 4584 1088 4646 clarius
1118 4585 1279 4644 esset
1306 4581 1627 4643 usurarius
1646 4627 1662 4658 ‚
1695 4580 1745 4642 si
1777 4580 2116 4643 adderetur
2140 4583 2394 4660 pactum

861 4677 1026 4758 quod
1059 4677 1120 4736 10
1148 4678 1182 4737 J
1189 4675 1334 4737 unio
1363 4675 1652 4736 venditor
1681 4673 1938 4737 deberet
1983 4674 2208 4735 eodem
2253 4693 2395 4754 pre-

858 4771 944 4832 tio
975 4788 1182 4830 emere
1212 4788 1248 4829 a
1276 4773 1337 4830 te
1368 4769 1622 4829 easdem
1652 4786 1799 4828 oves
1820 4816 1835 4843 ,
1889 4771 2224 4847 postquam
2264 4768 2396 4828 fru-

859 4868 996 4925 0105
1025 4867 1156 4924 1010
1182 4863 1288 4923 1110
1318 4865 1601 4940 tempore
1632 4861 1968 4939 percepisti
1997 4862 2236 4941 absque
2267 4861 2392 4922 ullo

858 4956 1135 5036 periculo
1170 4973 1184 5020 :
1215 4956 1334 5016 1100
1374 4955 1541 5015 enim
1592 4954 1743 5013 nihil
1791 4957 1954 5014 esset
1997 4954 2167 5014 aliud
2204 4973 2393 5033 quam

859 5053 1148 5111 mutuare
1177 5049 1448 5128 pretium
1477 5046 1654 5123 illud,
1690 5050 1752 5107 ct
1779 5047 1943 5108 ultra
1971 5052 2202 5109 sortem
2230 5048 2395 5108 acci-

863 5161 1011 5222 pere
1041 5143 1278 5202 fructus
1307 5145 1370 5202 et
1410 5140 1830 5202 emolumenta
1861 5140 2070 5200 ovium
2113 5143 2245 5201 toto
2289 5140 2391 5202 illo

859 5241 1164 5315 tempore.

941 5329 1213 5389 Infertur
1234 5327 1533 5403 secundo,
1585 5326 1887 5406 injustum
1915 5345 2051 5387 esse
2107 5329 2391 5388 contrac-

862 5425 995 5483 tum
1024 5421 1275 5500 quando
1306 5421 1460 5481 emis
1486 5439 1651 5481 nunc
1680 5421 1878 5500 pretio
1927 5419 2200 5481 currenti
2222 5420 2389 5480 mille

864 5532 1014 5578 oves
1041 5531 1163 5575 non
1193 5513 1583 5594 designando
1632 5512 1768 5574 illas
1808 5513 2244 5590 determinate,
2279 5513 2387 5572 sed

1999 308 2102 373 DE
2144 307 2502 376 JUSTITIA
2544 310 2645 376 ET
2686 315 2886 378 JURE

2479 493 2821 557 tradendas
2849 493 2962 557 tibi
2990 499 3209 574 postea
3228 498 3478 578 quando
3509 500 3649 580 plus
3675 502 4004 565 valebunt:
4057 524 4218 579 tulupa

2480 586 2628 665 quia
2671 606 2786 667 pro
2844 588 3184 668 anticipata
3236 591 3545 654 solutione
3599 595 3782 674 pretii
3836 596 4009 675 cogis
4081 579 4217 685 ,Ἐξ

2480 679 2871 741 venditorem
2901 682 3109 742 subire
3150 684 3500 763 periculum
3552 686 3728 765 illud,
3762 690 3812 749 si
3857 689 4010 750 inte·
4054 691 4217 783 md?

2478 771 2599 832 rim
2628 791 2775 833 oves
2808 774 2905 835 hae
2944 776 3044 835 vel
3102 776 3222 837 illae
3267 778 3638 857 moriantur,
3680 784 3742 841 et
3794 800 4010 843 rursus
4205 773 4214 785 ’

2480 865 2633 925 dare
2670 865 2807 926 illas
2864 868 3115 946 quando
3159 869 3300 949 plus
3354 870 3675 935 valebunt.
3708 873 4011 936 Videatur

2476 957 2709 1018 Molina
2736 959 2873 1021 loco
2902 960 3005 1024 cit.

2556 1051 2828 1113 Infertur
2882 1056 3097 1131 tertio,
3148 1056 3319 1118 idem
3373 1077 3508 1120 esse
3566 1060 3906 1122 dicendum
3960 1062 4010 1122 si

2478 1143 2634 1203 emis
2678 1144 2955 1206 triticum
2986 1148 3187 1225 pretio
3235 1169 3403 1212 0000
3433 1154 3710 1213 currenti
3763 1154 4013 1215 traden-

2478 1235 2629 1296 dum
2657 1235 2770 1298 tibi
2799 1242 3079 1318 tempore
3110 1259 3233 1322 quo
3264 1248 3552 1322 speratur
3597 1245 3737 1325 plus
3782 1247 4013 1309 valitu-

2478 1347 2639 1402 rum,
2664 1330 2811 1409 quia
2837 1335 2988 1393 tunc
3009 1333 3198 1395 etiam
3219 1336 3298 1397 ob
3326 1337 3735 1416 anticipatam
3754 1341 4011 1403 solutio·

2477 1441 2622 1482 nem
2677 1424 2861 1502 pretii
2906 1426 3138 1505 accipis
3169 1434 3579 1508 augmentum
3609 1433 3843 1493 valoris
3900 1435 4011 1495 tri-

2476 1515 2607 1592 tici,
2641 1518 2893 1596 quando
2924 1519 3035 1579 tibi
3070 1521 3386 1593 tradetur.
3445 1524 3621 1585 Idem
3676 1544 3820 1587 eum
3868 1546 4014 1606 pro·

2478 1611 2884 1688 proportione
2941 1612 3080 1690 erit,
3129 1614 3178 1674 si
3237 1634 3410 1677 emas
3482 1617 3761 1679 triticum
3808 1622 4013 1698 pretio

2477 1719 2642 1763 nunc
2671 1706 2943 1766 currenti
2970 1706 3347 1769 tradendum
3382 1708 3496 1770 tibi
3525 1713 3777 1789 quando
3806 1716 4015 1776 minus

2478 1794 2730 1948 ἑοι101111,
2764 1815 2888 1876 quo
2918 1816 3067 1859 casu
3095 1799 3400 1881 injustitia
3427 1803 3545 1865 erit
3575 1823 3649 1864 ex
3667 1811 3848 1884 parte
3866 1827 4017 1870 ven·

2526 1907 2542 1946 1
2576 1906 2722 1949 oris.

3168 2299 3226 2376 5.
3258 2300 3315 2360 1.

2830 2567 2916 2623 De
2940 2570 3134 2646 pacto
3163 2565 3663 2632 renovenda-ndi.

2564 2812 2835 2874 Dubium
2863 2814 3204 2895 principale
3233 2821 3326 2879 est
3344 2819 3422 2879 de
3453 2837 3663 2898 onere,
3688 2840 3799 2884 seu
3828 2828 4018 2903 paeto
4167 2857 4218 2918 {S

2482 2907 2969 2968 retrovendendi
2998 2910 3167 2987 quod
3196 2912 3542 2974 venditioni
3583 2914 3859 2977 additur.
3894 2921 4023 2979 Po-

2487 3003 2605 3060 test
2650 3004 2860 3062 autem
2888 3000 3009 3062 hoc
3036 3007 3289 3080 pactum
3336 3005 3546 3067 multis
3587 3008 3789 3069 modis
3818 3029 4022 3091 appo·
4071 2985 4217 3081 ..mm

2485 3093 2571 3153 ni.
2606 3094 2815 3154 Primo
2845 3094 2908 3153 in
2938 3096 3206 3172 gratiam
3236 3097 3426 3158 solius
3454 3099 3817 3177 venditoriS,
3870 3108 3940 3164 ut
3968 3106 4022 3164 si
4074 3095 4218 3200 ’ᾗῇ

2485 3186 2720 3248 vendas
2767 3186 3027 3248 domum
3069 3208 3144 3250 ea
3171 3190 3309 3269 lege
3341 3198 3409 3252 ut
3454 3193 3697 3272 quoties
3742 3197 4021 3274 pretium
4109 3202 4215 3242 „mn

2485 3279 2857 3357 reddideriS‚
2888 3284 3179 3342 teneatur
3193 3287 3439 3362 emptor
3459 3285 3716 3347 domum
3744 3288 4023 3350 111111·οἀ-
4127 3267 4216 3350 Β

2487 3371 2657 3432 dere.
2693 3372 3005 3449 SecundO,
3041 3374 3103 3433 in
3132 3376 3402 3452 gratiam
3444 3377 3636 3439 solius
3689 3383 4019 3461 emptoriS,

2486 3469 2556 3526 ut
2583 3465 2632 3525 si
2664 3483 2836 3526 emas
2867 3465 3122 3526 domum
3155 3466 3273 3528 hae
3317 3468 3457 3548 lege
3485 3474 3556 3531 ut
3582 3472 3833 3534 reddita
3862 3493 4024 3535 ven-

2487 3557 2671 3619 ditori
2704 3558 2913 3635 domo,
2949 3558 3176 3622 debeat
3215 3560 3347 3639 ipse
3403 3564 3674 3641 pretium
3715 3565 3830 3627 tibi
3879 3568 4027 3628 red-

2488 3652 2659 3714 dere.
2691 3652 2901 3713 Tertio
2930 3651 2995 3713 in
3014 3653 3284 3730 gratiam
3312 3656 3661 3736 utriusque,
3688 3662 3757 3719 ut
3775 3662 4027 3738 quoties

2486 3744 2778 3806 venditor
2802 3744 3149 3806 reddiderit
3175 3747 3469 3826 pretium,
3504 3748 3807 3811 reddatur
3837 3754 3899 3812 ei
3925 3772 4028 3814 res

2487 3837 2764 3913 vendita,
2799 3841 2863 3898 et
2905 3856 2938 3897 e
2968 3841 3188 3900 contra
3215 3839 3462 3918 quoties
3517 3847 3765 3922 emptor
3809 3846 4031 3906 reddi-

2489 3929 2651 3991 derit
2701 3929 3010 3991 venditori
3078 3950 3213 3991 rem
3283 3938 3583 4012 emptam,
3615 3937 3925 3999 reddatur
3969 3939 4029 4000 ei

2487 4022 2778 4102 pretium.
2813 4025 3050 4084 Rursus
3097 4029 3349 4102 pactum
3380 4026 3502 4088 1100
3531 4032 3738 4107 potest
3788 4033 4031 4111 apponi

2488 4133 2632 4176 cum
2661 4115 2961 4194 temporis
2991 4115 3535 4197 determinatione,
3569 4140 3629 4181 v.
3655 4140 3719 4200 g.
3753 4128 3824 4185 ut
3853 4124 3904 4183 si
3935 4125 4031 4184 in-

2489 4212 2587 4269 tra
2626 4227 2734 4269 sex
2781 4208 2878 4268 vel
2908 4212 3047 4270 octo
3077 4228 3273 4272 annos
3326 4212 3630 4274 reddatur
3684 4217 3961 4293 pretium
3989 4237 4033 4278 a

2489 4301 2839 4378 venditore,
2895 4302 3200 4363 reddatur
3254 4303 3310 4364 ei
3356 4323 3457 4365 res
3513 4307 3791 4385 vendita,
3825 4310 3928 4370 vel
3983 4330 4025 4370 e

2489 4397 2709 4455 contra
2734 4393 2785 4453 si
2825 4394 2989 4456 intra
3017 4395 3081 4454 id
3110 4398 3359 4475 tempus
3388 4397 3689 4459 reddatur
3743 4419 3847 4462 res
3874 4422 4031 4464 ven·

2491 4487 2623 4548 dita
2649 4487 2730 4548 ab
2751 4492 3054 4567 emptore,
3089 4489 3391 4550 reddatur
3437 4491 3493 4552 01
3534 4492 3831 4570 pretium.
3867 4496 4032 4557 Item

2492 4580 2881 4641 excludendo
2911 4585 3180 4660 tempus,
3216 4601 3302 4642 -v.
3335 4600 3397 4662 g.
3447 4587 3515 4646 ut
3565 4584 3732 4646 intra
3785 4604 4033 4649 annum

2492 4692 2616 4733 non
2645 4673 2841 4752 possit
2866 4675 3155 4736 venditor
3179 4693 3314 4735 rem
3355 4676 3688 4755 redimere,
3721 4679 3886 4741 bene
3915 4701 4039 4742 au-

2490 4771 2619 4830 tem
2647 4771 2788 4846 post
2815 4786 3071 4829 annum.
3105 4769 3386 4849 Denique
3417 4775 3624 4848 potest
3663 4777 3922 4852 pactum
3952 4774 4037 4834 il-

2489 4860 2597 4920 lud
2627 4860 2855 4940 apponi
2886 4861 3122 4939 absque
3143 4862 3443 4938 temporis
3473 4864 4033 4943 determinatione,

2490 4959 2561 5014 ut
2589 4954 3113 5033 quandocumque
3173 4956 3461 5015 venditor
3512 4957 3786 5035 pretium
3819 4960 4041 5019 reddi·

2489 5047 2591 5123 rit,
2625 5050 2955 5124 recuperet
2985 5066 3115 5106 rem
3146 5048 3486 5109 venditam.
3539 5049 3811 5110 Aliunde
3833 5052 4040 5113 etiam

2492 5143 2851 5218 potestesse
2872 5140 3220 5216 diversitas,
3258 5159 3482 5219 nempe
3531 5160 3605 5200 ex
3660 5149 3841 5219 parte
3883 5165 4043 5224 pre-

2487 5234 2580 5310 tii,
2615 5236 2685 5294 ut
2710 5233 2759 5292 si
2793 5236 3048 5311 pactum
3078 5234 3158 5294 sit
3187 5233 3263 5292 de
3292 5233 3659 5294 redimenda
3699 5253 3769 5294 re
3801 5238 4041 5298 eodem

2490 5326 2687 5406 pretio
2733 5344 2855 5404 quo
2903 5326 3158 5386 vendita
3184 5326 3321 5401 fuit,
3354 5326 3452 5386 vol
3482 5326 3709 5407 maiori
3738 5327 3838 5388 vel
3867 5330 4043 5392 forte

2490 5419 2740 5496 minori,
2800 5419 2899 5480 vel
2954 5418 3153 5496 pretio
3209 5418 3693 5481 indeterminato
3715 5464 3734 5495 ,
3796 5440 4042 5502 nempe

2491 5516 2794 5592 quantum
2823 5511 3056 5571 valebit
3109 5515 3390 5591 tempore
3432 5512 3991 5575 retrovenditionis
4022 5537 4038 5578 :
