4263 6376
496 1625 574 1680 Qu}
591 1626 751 1681 possint

529 1686 717 1722 mutuum

529 1733 643 1783 dure,
678 1738 720 1775 et

526 1788 726 1842 accipere.

816 301 928 360 166

814 480 1025 536 tamen
1045 494 1169 536 non
1200 481 1329 537 tam
1357 475 1592 536 attendi
1623 478 1895 554 speciem
1927 476 2254 555 physicam
2286 480 2348 536 et

813 569 1203 629 materialem
1216 568 1372 644 auri,
1395 568 1492 627 vel
1508 568 1773 645 argenti,
1808 587 1996 647 quam
2018 567 2347 628 formalem

813 660 1042 720 valoris
1070 681 1085 732 ς
1121 679 1312 739 quare
1343 661 1405 720 in
1435 661 1715 739 qualibet
1740 660 1863 720 alia
1892 661 2159 741 pecunia
2189 661 2346 739 ejus-

816 753 960 812 dem
990 752 1215 813 valoris
1236 752 1393 812 solvi
1416 757 1638 831 potest,
1674 753 1788 812 nisi
1813 753 1982 813 aliud
2011 754 2073 813 in
2097 758 2348 832 pactum

817 845 1154 906 deductum
1190 845 1302 921 sit,
1365 845 1442 904 de
1491 865 1613 924 quo
1656 849 1894 923 poste-a.
1955 846 2236 924 Denique
2277 865 2349 904 ex

815 942 1033 998 mutuo
1062 937 1323 998 resultat
1352 937 1650 1016 obligatio
1697 938 1758 997 in
1804 939 1990 998 dante
2022 957 2146 999 non
2177 957 2352 1016 repc-

817 1030 986 1093 tendi
1017 1031 1226 1090 statim
1258 1034 1569 1106 mutuum,
1609 1031 1721 1090 sed
1748 1035 2032 1110 tempore
2064 1031 2346 1109 praefixo,

817 1123 984 1203 quod
1015 1123 1064 1182 si
1094 1125 1421 1202 praefixum
1454 1142 1578 1184 non
1610 1125 1725 1184 fuit
1747 1171 1761 1199 ,
1815 1125 2070 1185 arbitrio
2095 1124 2348 1204 judiciS,

815 1217 915 1276 vel
968 1216 1116 1276 boni
1174 1216 1291 1277 viri
1346 1217 1485 1277 dete
1592 1217 1894 1277 inandum
1950 1221 2043 1278 est
2098 1217 2354 1297 aliquod

818 1313 1099 1387 tempuS,
1135 1328 1260 1388 quo
1291 1309 1499 1388 elapso
1578 1311 1775 1389 possit
1810 1310 2010 1389 repeti
2038 1315 2349 1385 mutuum,

821 1402 899 1462 de
930 1420 1052 1481 quo
1082 1402 1314 1462 Molina
1342 1403 1447 1462 ubi
1478 1422 1687 1480 supra,
1721 1405 1777 1481 ἓ.
1818 1402 2055 1478 Quando
2081 1402 2348 1464 solvitur.

902 1497 1153 1570 OmneS,
1189 1514 1294 1573 qui
1326 1496 1696 1556 contrahere
1726 1500 2018 1574 possunt,
2064 1501 2355 1556 mutuum

823 1588 996 1664 dare,
1032 1592 1094 1649 et
1122 1589 1407 1667 accipere
1437 1594 1716 1666 possunt,
1752 1590 1830 1648 de
1861 1590 2087 1667 quibus
2118 1589 2354 1649 dictum

825 1686 920 1742 est
948 1699 1133 1760 supra
1165 1681 1391 1759 disput.
1426 1698 1580 1741 xxn.
1615 1680 1691 1740 de
1714 1683 2135 1743 contractibus
2165 1682 2225 1741 in
2246 1700 2356 1760 ge-

824 1792 995 1849 nere,
1031 1778 1182 1834 sect.
1234 1792 1290 1836 x.
1340 1776 1406 1834 ln
1437 1774 1800 1852 particulari
1841 1778 2050 1835 autem
2081 1775 2355 1834 dubitari

824 1868 982 1928 solet
1028 1866 1104 1926 de
1152 1867 1454 1942 ecclesia,
1508 1868 1794 1943 civitate,
1847 1868 2247 1928 filiofamilias
2296 1871 2357 1928 et

822 1959 1079 2038 pupillo,
1115 1959 1214 2018 vel
1243 1959 1491 2019 minori.
1527 1960 1803 2020 Ecclesia
1827 1960 2078 2039 quippe,
2114 1965 2176 2021 ct
2196 1978 2359 2038 quae·

823 2053 974 2112 libet
1000 2052 1137 2112 loca
1176 2053 1280 2130 pia
1323 2070 1445 2111 non
1478 2052 1835 2130 obligantur
1877 2053 1956 2113 ad
1986 2052 2357 2113 solvendum

824 2150 1112 2206 mutuum
1143 2149 1501 2225 acceptum,
1533 2146 1650 2204 nisi
1682 2146 1955 2206 creditor
1982 2146 2245 2225 probet,
2295 2146 2357 2205 in

826 2256 1044 2299 eorum
1073 2237 1404 2299 utilitatem
1434 2256 1803 2307 conversum
1834 2237 2045 2315 fuisse,
2081 2242 2151 2298 ut
2177 2257 2358 2299 cons-

824 2334 917 2392 tat
943 2349 1017 2389 ex
1058 2330 1437 2392 Anthentica
1484 2330 1617 2391 Hoc
1655 2330 1764 2411 jus
1786 2340 2143 2412 porrectum,
2192 2334 2257 2392 C.
2291 2330 2361 2391 de

824 2443 1037 2484 sacros.
1070 2422 1338 2499 ecclesiis,
1374 2441 1512 2502 quae
1542 2424 1811 2485 refertur
1839 2425 2025 2484 etiam
2050 2427 2123 2486 X.
2156 2444 2261 2504 qu.
2293 2441 2353 2486 x.

826 2515 996 2596 quod
1037 2515 1204 2575 idem
1250 2516 1327 2575 de
1360 2515 1609 2577 civitate
1656 2516 1884 2578 dicitur
1912 2518 1974 2577 in
2006 2517 2246 2593 civitas,
2289 2519 2353 2578 ff.

823 2609 1119 2670 sicertum
1154 2617 1419 2690 petatur.
1480 2610 1603 2669 Sed
1647 2628 1793 2671 vere
1823 2610 1908 2670 ibi
1939 2629 2065 2671 non
2107 2611 2355 2687 dicitur,

827 2703 995 2783 quod
1026 2721 1182 2763 onus
1210 2702 1519 2781 probandi
1550 2702 1873 2763 incumbat
1903 2703 2218 2765 creditori.
2252 2704 2360 2764 Af-

824 2785 970 2868 ferri
1003 2799 1211 2856 autem
1242 2795 1402 2855 solet
1431 2795 1638 2856 adhuc
1670 2795 1857 2857 etiam
1888 2796 1983 2855 lex
2015 2813 2058 2857 1.
2107 2797 2260 2857 Cod.
2291 2796 2361 2857 de

824 2888 997 2948 solut.
1042 2895 1099 2947 et
1141 2887 1367 2947 liberat.
1414 2886 1538 2948 deb.
1574 2887 1733 2949 civit.
1793 2888 1899 2949 lib.
1951 2906 2036 2950 xl.
2100 2889 2223 2951 Sed
2273 2890 2357 2950 ibi

827 2980 1036 3059 agitur
1067 2998 1188 3040 non
1221 2980 1298 3039 de
1328 2984 1570 3056 mutuo,
1605 2981 1716 3041 sed
1747 2981 1824 3040 de
1855 2982 2164 3042 solutione
2185 3029 2199 3058 ,
2236 3001 2361 3062 qua

828 3073 1078 3134 debitor
1105 3073 1289 3134 solvit
1316 3073 1535 3149 actori,
1570 3092 1679 3133 seu
1710 3093 1889 3134 servo
1918 3075 2216 3150 civitatiS,
2251 3095 2359 3136 cu-

818 3166 924 3248 jus
952 3165 1260 3245 scriptura
1289 3166 1516 3227 dicitur
1545 3184 1672 3227 non
1692 3167 1958 3228 liberare
1982 3168 2351 3244 debitorem,

826 3261 943 3323 nisi
971 3261 1212 3340 probet,
1247 3278 1619 3320 conversum
1654 3261 1842 3321 fuisse
1871 3262 1933 3321 in
1966 3262 2114 3323 utile
2146 3262 2359 3325 civita-

825 3354 923 3429 tis,
959 3353 1125 3432 quod
1158 3354 1426 3414 solutum
1449 3358 1561 3414 est.
1597 3355 1801 3425 Quare
1832 3373 1955 3413 non
1980 3355 2113 3415 sine
2135 3355 2359 3417 funda-

823 3452 1034 3507 mento
1065 3445 1295 3507 Molina
1325 3446 1483 3524 disp.
1520 3463 1650 3507 ccc,
1683 3448 1738 3525 ἓ.
1766 3447 1914 3508 Hoec
1932 3456 2144 3525 autem,
2180 3449 2354 3525 dixit,

825 3558 949 3599 non
999 3558 1133 3598 esse
1183 3540 1470 3599 eamdem
1497 3541 1807 3600 rationem
1855 3542 2063 3619 quoad
2111 3542 2232 3602 hoc
2281 3543 2358 3602 de

826 3632 1108 3707 civitate,
1144 3637 1205 3692 et
1233 3632 1496 3693 ecclesia
1529 3654 1541 3693 :
1604 3633 1749 3712 quia
1789 3653 1889 3693 res
1937 3636 2252 3712 ecclesias,
2308 3637 2360 3696 si

823 3725 1174 3785 immobiles
1204 3724 1326 3786 sint
1352 3726 1924 3803 autinalienabileS,
1960 3746 2082 3787 non
2101 3734 2363 3806 possunt

825 3819 1133 3879 alienari?
1185 3837 1300 3878 nec
1345 3819 1610 3897 obligari
1666 3820 1744 3879 ad
1793 3820 2165 3881 solvendum
2220 3840 2360 3882 mu-

822 3917 1037 3988 tuum,
1091 3911 1208 3972 nisi
1250 3917 1493 3973 constet
1538 3913 1615 3972 de
1656 3913 1928 3974 evidenti
1960 3916 2353 3992 necessitate,

824 4006 923 4065 vel
978 4006 1242 4065 utilitate
1292 4006 1609 4077 ecclesiae3
1673 4026 1867 4087 quare
1917 4026 2121 4087 neque
2169 4009 2357 4071 etiam

824 4099 1125 4158 Praelatus
1172 4101 1235 4157 et
1280 4098 1620 4176 capitulum
1652 4105 1992 4178 potuerunt
2031 4101 2111 4161 ad
2143 4100 2261 4162 hoc
2291 4121 2356 4162 se

826 4190 1140 4269 obligare,
1184 4191 1317 4249 sine
1364 4190 1471 4250 tali
1521 4193 1888 4253 necessitate
1920 4193 2017 4253 vel
2064 4193 2351 4256 utilitate.

826 4287 907 4345 At
934 4302 1081 4343 vero
1125 4284 1587 4344 commissarius
1618 4285 1887 4346 civitatis
1935 4287 2137 4363 potuit
2179 4306 2244 4346 se
2274 4288 2354 4347 ad

826 4377 945 4437 hoc
975 4375 1274 4454 obligare,
1309 4380 1371 4437 et
1400 4376 1539 4438 ideo
1571 4397 1695 4437 non
1727 4383 1856 4454 est,
1892 4397 2003 4438 cur
2032 4396 2188 4439 onus
2219 4399 2358 4458 pro·

823 4468 1015 4529 bandi
1047 4469 1365 4530 incumbat
1393 4470 1707 4531 creditori.
1743 4473 2051 4532 Caeterum
2071 4518 2085 4547 ,
2120 4473 2227 4533 ubi
2258 4492 2357 4533 res

825 4562 1089 4624 civitatis
1111 4562 1537 4623 inalienabiles
1554 4564 1742 4624 etiam
1759 4569 2356 4646 essent‚proutsaepe

823 4659 1001 4730 sunt,
1048 4655 1215 4715 idem
1254 4657 1370 4717 erit
1408 4656 1743 4717 dicendum
1792 4657 1868 4716 de
1907 4656 2159 4718 civitate
2190 4663 2251 4720 et
2279 4659 2355 4718 de

823 4748 1106 4824 ecclesia,
1137 4766 1281 4808 cum
1316 4748 1536 4808 eadem
1566 4750 1722 4809 ratio
1749 4749 1991 4810 militet.

901 4843 1109 4903 Dictas
1141 4860 1289 4921 crgo
1333 4842 1503 4919 leges
1535 4842 1741 4921 quoad
1773 4847 2015 4903 mutum
2048 4843 2349 4920 ecclesiae,

817 4937 1090 4997 limitant
1117 4935 1369 5011 Molina,
1402 4935 1671 5011 LessiuS,
1708 4940 1771 4996 et
1808 4936 1933 5012 alii,
1973 4942 2040 4997 ut
2070 4956 2193 4997 non
2217 4956 2357 5016 pro-

821 5030 1036 5106 cedat,
1087 5029 1340 5108 quando
1376 5048 1496 5088 non
1530 5027 1647 5089 erit
1677 5031 2034 5090 neccssaria
2063 5031 2356 5091 alienatio

820 5123 909 5184 rei
938 5123 1276 5184 immobilis
1300 5169 1314 5197 ,
1362 5123 1461 5182 vet
1498 5122 1914 5183 inalienabilis
1956 5123 2037 5183 ad
2066 5128 2356 5184 mutuum

820 5216 1192 5276 solvendum
1227 5236 1239 5276 :
1273 5220 1423 5276 tunc
1453 5215 1642 5292 enim,
1678 5216 1730 5275 si
1755 5217 2063 5294 api-mlato
2097 5223 2158 5277 et
2188 5217 2358 5294 capi-

821 5308 949 5369 tulo
982 5314 1308 5387 acceptum
1336 5313 1429 5368 est
1457 5314 1769 5385 mutuum,
1806 5327 1928 5369 non
1955 5314 2352 5387 oportetcrc-

822 5401 1086 5461 ditorem
1111 5402 1453 5481 quidquam
1478 5402 1765 5480 probare.
1803 5403 1865 5463 Si
1889 5408 2097 5462 autem
2130 5403 2207 5463 ab
2231 5403 2352 5463 alio

821 5495 1181 5574 particulari
1208 5495 1684 5557 administrante
1708 5496 1873 5557 hona
1894 5497 2193 5573 ecclesiae,
2220 5496 2354 5576 ejus

1971 300 2072 358 DE
2115 299 2469 360 JUSTITIA
2516 300 2616 359 ET
2659 299 2859 360 JURE

2445 475 2696 536 nomine
2727 479 3014 535 mutuum
3047 481 3375 555 acceptum
3425 474 3582 546 fuit;
3633 474 3683 533 si
3726 475 3777 533 is
3812 492 3951 533 com·

2445 568 2805 628 missionem
2839 586 2959 628 non
2985 568 3260 629 hahebat
3286 568 3366 628 ad
3387 566 3823 646 accipiendum
3841 584 3954 625 mu-

2445 665 2625 721 tuum
2646 707 2661 737 ,
2694 661 2793 720 vel
2823 666 2990 722 certe
3025 679 3147 721 non
3181 661 3260 721 ad
3288 665 3534 722 tantum
3565 659 3827 720 ecclesia
3853 676 3954 718 non

2447 757 2716 828 tenetur,
2752 753 2868 812 nisi
2898 758 3208 832 quatenus
3238 754 3299 812 in
3323 752 3459 832 ejus
3480 752 3812 812 utilitatem
3839 769 3955 810 con-

2450 865 2698 906 versum
2730 851 2823 907 est
2857 866 2869 906 ε
2918 847 2968 905 si
3013 865 3160 906 vero
3193 845 3700 906 commissionem
3731 863 3850 904 non
3876 862 3958 902 ex·

2450 938 2655 1012 cessit,
2691 942 2939 998 tenetur
2969 937 3253 1012 ecclesia,
3288 942 3358 999 ut
3383 937 3699 1015 colligitur
3727 956 3801 996 ex
3829 955 3958 1014 capr

2455 1029 2622 1105 Quod
2639 1029 2980 1110 quibusdam
3009 1030 3078 1090 de
3090 1029 3350 1111 fidejuss.
3385 1030 3551 1108 quod
3580 1030 3753 1089 idem
3781 1029 3853 1088 de
3873 1029 3959 1088 ad-

2451 1123 2872 1183 ministratore
2917 1141 3128 1183 rerum
3178 1122 3444 1184 civitatis
3487 1121 3826 1182 dicendum
3862 1126 3954 1181 est.

2454 1216 2713 1288 Quando
2745 1234 2894 1275 vero
2925 1233 3296 1275 conversum
3343 1215 3591 1275 dicatur
3635 1214 3866 1293 aliquid
3910 1214 3959 1274 in

2453 1309 2785 1369 utilitatem
2828 1308 3106 1368 ecclcsiae
3132 1353 3146 1382 ,
3205 1308 3303 1366 vel
3347 1307 3647 1383 civitatis,
3699 1307 3963 1367 videatur

2453 1401 2621 1462 idem
2650 1400 2882 1462 Molina
2912 1400 3078 1461 dicta
3109 1400 3318 1479 disput
3348 1416 3480 1461 ccc.
3514 1401 3571 1478 ἓ.
3606 1399 3680 1461 In
3708 1419 3773 1460 re
3797 1409 3964 1459 autem

2441 1493 2777 1576 proposita.

2534 1586 2993 1647 Filiusfamilias
3023 1585 3100 1646 de
3122 1585 3265 1665 jure
3295 1587 3613 1647 communi
3639 1591 3854 1647 mutuo
3881 1603 3962 1646 ac·
4089 1598 4110 1656 3

2455 1685 2635 1759 cepto
2667 1698 2791 1739 non
2825 1680 3140 1757 obligatur
3170 1698 3245 1739 ex
3285 1680 3828 1742 senatusconsulto
3856 1680 3963 1740 Ma·
4001 1723 4124 1765 affl

2455 1773 2800 1834 cedoniano
2845 1772 3008 1834 facto
3052 1790 3175 1833 non
3230 1777 3358 1833 tam
3402 1773 3464 1834 in
3510 1774 3795 1834 favorem
3833 1772 3964 1832 filio·
4002 1783 4124 1872 ἐξ

2455 1884 2617 1941 rum,
2654 1884 2841 1944 quam
2870 1869 3237 1944 parentum,
3287 1884 3554 1944 quorum
3585 1866 3730 1925 vitae
3760 1865 3863 1925 filii
3888 1865 3968 1923 in-

2455 1959 2865 2032 sidiabuntur,
2901 1962 2968 2019 ut
2997 1958 3362 2020 haereditate
3397 1959 3575 2037 potiti
3607 1958 3819 2019 debita
3846 1976 3968 2019 con·

2455 2055 2656 2113 tracta
2682 2051 3018 2128 solverent,
3056 2056 3383 2113 utconstat
3401 2053 3529 2112 exl.
3569 2069 3611 2112 1.
3640 2055 3702 2112 et
3730 2070 3968 2131 sequen·

2455 2145 2622 2207 tibus
2651 2145 2714 2204 ff.
2750 2148 2814 2205 et
2841 2144 2992 2206 Cod.
3027 2142 3108 2204 ad
3139 2144 3643 2220 Macedonianum,
3692 2150 3757 2206 et
3792 2146 3844 2222 ἓ.
3877 2162 3970 2222 pe·

2457 2237 2744 2312 nultim0‚
2779 2237 2978 2299 lnstit.
3015 2236 3174 2318 quod
3197 2257 3326 2298 cum
3365 2257 3428 2298 eo
3457 2238 3563 2318 qui
3603 2238 3662 2297 in
3691 2237 3880 2297 aliena
3902 2246 3971 2296 cst

2444 2338 2771 2413 potestate:
2807 2330 2976 2409 quod
2999 2330 3395 2409 privilegium
3427 2331 3614 2392 etiam
3645 2330 3706 2390 in
3737 2331 3868 2391 foro
3895 2330 3971 2389 in·

2456 2428 2634 2486 terno
2663 2423 2873 2483 locum
2903 2423 3132 2500 habet,
3187 2424 3431 2484 etiamsi
3477 2423 3857 2484 filiifamilias
3890 2423 3972 2482 sui

2450 2516 2610 2597 juris
2637 2519 2856 2596 postea
2884 2515 3031 2577 facti
3060 2515 3201 2592 sint,
3230 2521 3290 2576 et
3319 2516 3508 2578 etiam
3531 2516 3743 2595 quoad
3775 2534 3971 2577 eorum

2455 2608 2858 2689 fidejussores
2878 2655 2892 2683 ,
2926 2608 3041 2668 nisi
3073 2609 3359 2669 animum
3387 2608 3725 2670 habuerint
3754 2609 3974 2670 donan-

2458 2703 2520 2765 di
2551 2720 2688 2762 eam
2718 2719 3030 2761 summam
3059 2701 3488 2778 filiofamilia8‚
3522 2702 3563 2763 l.
3599 2701 3727 2763 Sed
3748 2702 3804 2762 si
3821 2711 3975 2782 pater

2455 2798 2511 2875 §.
2545 2815 2660 2855 non
2685 2794 2891 2869 solum,
2912 2795 2975 2855 ff.
3011 2793 3091 2854 ad
3105 2794 3610 2871 Macedonianum,
3645 2814 3762 2855 nec
3791 2800 3975 2874 potest

2456 2887 2888 2950 filiusfamilias
2906 2887 3050 2947 huic
3072 2887 3396 2965 privilegio
3428 2888 3808 2963 renuntiare,
3843 2888 3973 2967 quia

2457 3001 2580 3043 non
2611 2983 2677 3041 in
2706 2982 2840 3060 ejus
2870 2981 3063 3040 sedin
3093 2986 3425 3060 parentum
3455 2981 3736 3041 favorem
3768 2981 3970 3041 tendit.

2458 3077 2523 3137 Si
2553 3080 2763 3136 tamen
2804 3073 3272 3148 filiusfamiliaS,
3329 3074 3428 3133 vel
3457 3073 3591 3152 ejus
3622 3078 3834 3152 pater,
3882 3077 3976 3132 aut

2457 3168 2786 3249 fidejussor
2815 3166 3017 3243 solvit,
3051 3167 3274 3229 solutio
3324 3167 3534 3228 valida
3564 3172 3696 3243 est,
3751 3186 3866 3228 nec
3893 3185 3973 3227 re·

2457 3263 2583 3342 peti
2612 3267 2850 3342 potest,
2886 3262 2935 3321 si
2966 3261 3150 3322 solvit
3182 3260 3260 3320 de
3291 3279 3364 3322 eo
3395 3262 3473 3321 de
3505 3279 3628 3340 quo
3660 3261 3975 3341 disponere

2456 3360 2725 3435 poterat,
2759 3355 2799 3415 l.
2832 3353 2888 3413 si
2908 3353 3330 3435 filiusfamilias
3350 3401 3365 3430 ,
3401 3356 3462 3414 ff.
3495 3354 3551 3413 si
3582 3364 3810 3414 certum
3826 3362 3977 3435 peta-

2459 3459 2576 3525 tur,
2608 3449 2828 3528 juncta
2858 3447 2897 3508 I.
2923 3446 3039 3510 Sed
3062 3448 3187 3522 etsi,
3220 3448 3275 3525 ἓ.
3302 3447 3380 3508 Si
3403 3446 3475 3507 ab
3495 3446 3635 3523 alia,
3670 3448 3735 3507 ff.
3769 3446 3976 3507 adina-

2458 3542 2853 3603 cedonz'anum.

2538 3634 2860 3711 Excipitur
2889 3633 3115 3713 primo,
3149 3632 3201 3693 si
3231 3631 3663 3692 filiusfamilias
3691 3632 3977 3693 credeba·
4115 3645 4124 3697 ε

2459 3733 2560 3790 tur
2585 3747 2717 3788 esse
2749 3727 2844 3787 sui
2869 3726 3026 3804 juris
3047 3773 3062 3802 ,
3109 3745 3226 3786 nec
3266 3726 3388 3786 levi
3415 3724 3828 3788 fundamento
3858 3745 3980 3786 mu·
4025 3770 4124 3811 Effl-

2456 3825 2642 3883 tuans
2684 3819 2746 3879 id
2793 3818 3077 3894 credidit,
3115 3818 3252 3897 lege
3283 3817 3359 3877 Si
3392 3818 3520 3897 quis
3545 3826 3818 3898 patrem;
3852 3820 3976 3896 lege
4014 3826 4122 3879 ew&

2459 3913 2802 3993 penultima
2861 3914 2923 3973 ff.
2975 3911 3056 3971 ad
3096 3909 3597 3985 Macedonianum,
3655 3917 3719 3972 et
3765 3912 3897 3990 lege
3934 3927 3973 3970 1.

2460 4012 2522 4068 et
2561 4024 2629 4068 11.
2665 4005 2832 4066 Code
2871 4004 3061 4065 eodem
3108 4004 3301 4066 titulo·
3362 4004 3680 4075 SecundO,
3742 4004 3978 4083 quando

2456 4099 2886 4159 filiusfamilias
2915 4102 3198 4177 tempore
3228 4097 3424 4158 mutui
3456 4099 3700 4175 accepti
3723 4097 3980 4157 habebat

2457 4194 2623 4253 bona
2669 4192 3007 4253 castrensia
3026 4238 3041 4267 ,
3090 4192 3189 4252 vel
3235 4191 3413 4270 quasi
3465 4192 3843 4266 castrensia,
3891 4190 3977 4249 vel

2456 4287 2646 4348 etiam
2672 4286 3034 4360 adventitia,
3072 4303 3334 4363 quorum
3368 4285 3758 4346 ususfructus
3789 4289 3853 4345 et
3875 4283 3977 4345 ad-

2455 4379 2829 4440 ministratio
2862 4379 2940 4438 ad
2971 4379 3174 4456 ipsum
3221 4397 3294 4437 ex
3325 4377 3512 4438 tacito
3544 4376 3767 4438 saltem
3796 4377 3980 4456 patris

2457 4491 2766 4534 consensu
2794 4472 3156 4551 pertineret.
3204 4470 3413 4531 Tertio
3439 4515 3454 4546 ,
3501 4470 3551 4529 si
3597 4489 3671 4531 eo
3711 4476 3978 4549 tempore

2458 4569 2592 4626 erat
2620 4565 2819 4624 miles.
2856 4565 3111 4640 Quart0,
3146 4563 3398 4642 quando
3427 4569 3718 4623 mutuum
3737 4562 3980 4622 nonfuit

2457 4658 2518 4717 in
2550 4657 2816 4737 pecunia
2837 4703 2853 4733 ,
2887 4656 2997 4717 sed
3028 4656 3089 4715 in
3121 4675 3186 4716 re
3215 4656 3341 4716 alia
3364 4702 3379 4732 ,
3436 4655 3551 4715 nisi
3585 4655 3706 4717 hoc
3733 4655 3798 4715 in
3827 4656 3978 4716 frau-

2457 4752 2600 4811 dem
2655 4750 2812 4828 legis
2865 4751 3075 4822 fieret,
3137 4752 3207 4808 ut
3258 4768 3326 4809 re
3378 4747 3636 4809 vendita
3662 4749 3980 4828 pecuniam

2457 4847 2872 4923 compararet.
2928 4842 3154 4914 Quinto
3181 4888 3196 4918 ,
3242 4842 3294 4901 si
3325 4841 3538 4902 debita
3568 4848 3702 4901 erat
3720 4840 3856 4920 jam
3881 4858 3980 4918 pe·

2458 4937 2642 4998 cunia
2669 4955 2744 4995 ex
2774 4935 3109 5014 emptione,
3144 4935 3242 4996 vel
3271 4934 3394 4995 alio
3425 4934 3603 4995 titulo
3625 4982 3639 5011 ,
3673 4939 3731 4995 et
3759 4952 3980 4995 conve-

2458 5030 2549 5091 nit
2577 5046 2721 5089 cum
2764 5028 3108 5095 creditore,
3162 5030 3231 5087 ut
3273 5030 3492 5088 mutuo
3522 5027 3818 5106 deinceps
3848 5044 3976 5086 eam

2456 5123 2719 5195 habeat3
2754 5121 2872 5181 nisi
2903 5121 3022 5181 hoc
3053 5121 3240 5182 etiam
3269 5121 3331 5180 in
3363 5120 3651 5181 fraudem
3677 5121 3834 5198 legis
3852 5122 3974 5192 fiat,

2455 5221 2527 5277 ut
2552 5215 2726 5295 prius
2754 5217 2933 5276 fieret
2962 5214 3235 5275 venditio
3262 5260 3277 5290 ,
3329 5217 3392 5275 et
3419 5218 3636 5292 postea
3667 5216 3975 5273 converte-

2457 5313 2629 5370 retur
2658 5309 2719 5369 in
2750 5312 3058 5369 mutuum.
3096 5310 3305 5383 Sexto,
3333 5308 3382 5367 si
3410 5306 3841 5368 filiusfamilias
3861 5323 3973 5365 non

2455 5403 2588 5482 ipse
2617 5406 2834 5463 mutuo
2880 5401 3157 5480 accepit,
3219 5400 3325 5459 sed
3363 5400 3670 5480 fidejussit
3719 5416 3834 5476 pro
3861 5398 3974 5458 alio

2455 5496 2548 5556 sui
2579 5494 2732 5574 juris
2763 5500 3051 5556 mutuum
3082 5493 3426 5573 accipiente
3451 5540 3466 5568 ,
3507 5492 3619 5553 nisi
3653 5492 3765 5552 hoc
3796 5491 3974 5551 etiam
