4263 6376
781 279 900 339 492

787 450 851 511 in
883 450 1178 513 societate
1209 453 1395 515 etiam
1424 453 1667 531 licebit,
1700 454 1821 516 nisi
1852 473 2140 535 expresse
2170 473 2314 534 pro·

790 542 1099 605 hibeatur.

539 635 618 692 72
871 638 1104 708 Quarta
1138 639 1410 701 conditio
1442 658 1516 699 ex
1547 640 1606 699 vi
1635 643 1801 719 pacti
1830 646 1890 704 et
1915 640 2317 703 instrumenti

445 741 743 802 mmdffio-
791 733 924 803 est,
960 733 1029 789 ut
1056 730 1106 788 si
1135 731 1342 791 socius
1389 731 1554 793 intra
1581 751 1686 792 sex
1713 753 1960 795 menses
1988 734 2311 809 moriatur,

464 810 719 854 ⁰⁶¹¹¹⁰f⁸ffi¹
790 819 1073 881 officialis
1100 822 1381 885 lucretur
1408 825 1741 902 pecuniam
1771 832 2094 906 acceptam
2129 847 2143 887 :
2178 844 2317 904 quae

520 877 534 905 1
683 876 741 904 0·-

428 866 737 981 ,ῗὲηῗὲκεοῗὶα
789 912 1061 974 conditio
1082 960 1097 989 ,
1157 914 1303 976 licet
1342 935 1467 976 non
1510 918 1590 978 sit
1618 937 1694 977 ex
1724 923 1947 980 natura
1974 919 2314 993 societatiS,

782 1004 961 1084 juxta
1018 1024 1208 1084 quam
1279 1009 1544 1087 capitale
1615 1029 1739 1071 non
1793 1011 2052 1073 deberet
2113 1011 2319 1090 perire

787 1101 990 1158 morte
1020 1099 1394 1161 conferentis
1427 1117 1442 1164 ε
1474 1120 1596 1162 non
1627 1107 1721 1163 est
1745 1106 1955 1164 tamen
1977 1108 2194 1164 contra
2215 1121 2320 1162 na-

791 1192 996 1248 turam
1030 1191 1383 1269 societatiS,
1431 1213 1546 1254 nec
1593 1200 1811 1255 contra
1840 1196 2012 1274 leges
2033 1195 2315 1276 justitiae,

794 1282 944 1359 quia
991 1282 1272 1345 officialis
1320 1285 1507 1345 etiam
1555 1287 1721 1347 subit
1766 1287 1933 1347 aliud
1975 1288 2317 1366 periculum

798 1373 1080 1433 solvendi
1103 1377 1366 1453 capitale
1393 1382 1742 1456 acceptum,
1776 1380 2019 1439 etiamsi
2048 1379 2322 1439 officium

794 1469 994 1525 morte
1023 1466 1217 1543 ipsius
1243 1512 1258 1543 ‚
1305 1470 1402 1528 vel
1433 1470 1611 1531 aliter
1638 1476 1873 1549 pereat.
1926 1472 2104 1533 Unde
2135 1476 2317 1531 Azor.

794 1574 849 1616 ο.
883 1572 969 1616 xl.
1005 1576 1199 1635 quaeS.
1236 1561 1294 1623 1.
1326 1560 1545 1638 infert,
1581 1563 1821 1623 etiamsi
1853 1564 2131 1624 notarius
2161 1564 2323 1623 hanc

797 1647 1220 1710 conditionem
1252 1671 1377 1712 non
1405 1656 1815 1733 expresserit,
1849 1657 2322 1734 subintelligen-

798 1739 947 1799 dam
975 1760 1109 1802 esse
1134 1789 1150 1818 ,
1188 1744 1303 1803 nisi
1342 1764 1631 1824 expresse
1661 1747 1998 1827 rejiciatur,
2052 1766 2124 1808 eo
2156 1748 2324 1827 quod

799 1836 1158 1894 contractus
1187 1836 1323 1895 fieri
1353 1837 1789 1916 intelliguntur
1817 1859 1888 1900 eo
1919 1841 2106 1900 modo
2128 1890 2149 1916 ,
2200 1858 2324 1919 quo

802 1926 1217 1988 communiter
1244 1929 1381 1988 fieri
1411 1930 1640 2007 solent,
1674 1932 1789 1991 nisi
1818 1933 1988 1993 aliud
2018 1934 2328 2013 exprima-

801 2019 927 2077 tur.

576 2113 652 2171 73
885 2109 1113 2180 Quinta
1141 2112 1412 2174 conditio
1433 2160 1448 2189 ‚
1496 2133 1635 2193 quae
1659 2115 1792 2194 jam
1822 2116 2008 2177 hodie
2036 2119 2330 2198 trequen-

457 2235 518 2278 Β,
562 2238 754 2283 „culm
802 2204 899 2261 ter
918 2202 1255 2281 addisolet,
1275 2208 2047 2284 estutpossitsociusintra
2071 2211 2330 2290 quinde-

494 2291 727 2395 ffiffffnffi
806 2292 929 2352 cim
950 2293 1083 2354 dies
1110 2297 1435 2358 nominare
1454 2300 1667 2376 alium,
1694 2301 1869 2380 cujus
1890 2302 2031 2363 vitae
2054 2304 2330 2381 periculo

460 2397 577 2491 cujin
596 2378 759 2492 ιῖοιιήοίι-
805 2389 926 2446 stet
946 2388 1209 2469 pecunia
1231 2389 1378 2452 data
1397 2392 1561 2469 apud
1585 2393 1913 2453 officialem
1939 2415 1952 2453 :
1987 2414 2126 2474 quae
2145 2397 2334 2459 etiam

546 2462 687 2494 ⁰¹⁶·
807 2479 1080 2539 conditio
1107 2480 1627 2561 subintelligitur,
1673 2486 1820 2546 lic-et
1858 2487 2086 2546 omissa
2116 2488 2335 2549 fuisset

805 2588 845 2630 a
872 2572 1147 2643 notario,
1201 2580 1457 2652 propter
1483 2577 1791 2637 rationem
1822 2580 2104 2657 proxime
2136 2581 2332 2640 addu-

806 2666 970 2723 ctam
994 2709 1009 2740 ‚
1046 2668 1114 2725 ut
1142 2685 1285 2726 cum
1303 2667 1440 2728 aliis
1468 2674 1966 2735 notaruntAzor.
1992 2690 2045 2732 c.
2073 2690 2158 2734 x1.
2181 2692 2241 2752 q.
2268 2677 2326 2734 2.

807 2760 871 2815 et
896 2756 1214 2818 Filliucius
1244 2778 1416 2822 num.
1445 2764 1578 2822 121.
1614 2762 1676 2823 Si
1707 2766 1918 2823 autem
1947 2765 2152 2825 socius
2191 2770 2333 2826 ante

807 2847 1049 2926 elapsos
1079 2851 1436 2929 quindecim
1468 2853 1599 2913 dies
1627 2855 1963 2933 moriatur,
1993 2862 2333 2937 antequam

809 2940 1000 3000 alium
1031 2944 1328 3019 nominet,
1362 2945 1425 3004 in
1455 2945 1553 3026 cuj
1565 2966 1633 3007 us
1662 2948 1806 3007 vitae
1836 2949 2116 3026 periculo
2146 2969 2336 3029 pecu-

809 3031 908 3090 nia
941 3036 1082 3109 stet,
1117 3052 1193 3093 an
1227 3036 1507 3097 officialis
1535 3039 1810 3099 lucretur
1828 3041 2181 3118 pecuniam,
2216 3042 2337 3101 dis-

808 3122 1222 3202 tinguendum
1253 3133 1365 3190 est.
1412 3129 1764 3208 Aliquando
1795 3131 1961 3191 enim
1988 3133 2338 3213 periculum

811 3218 1209 3280 constituitur
1238 3239 1526 3299 expresse
1555 3224 1620 3282 in
1648 3224 1772 3285 vita
1803 3226 1997 3304 ipsius
2026 3230 2134 3306 qui
2154 3246 2337 3305 pecu-

811 3309 980 3370 niam
1011 3311 1155 3388 dat,
1208 3313 1362 3373 nihil
1410 3314 1674 3376 dicendo
1723 3318 1801 3376 de
1827 3336 2096 3397 persona
2140 3320 2341 3379 nomi-

813 3403 1021 3463 nanda
1049 3424 1061 3465 :
1096 3409 1159 3466 et
1185 3409 1333 3466 tunc
1363 3426 1489 3468 non
1518 3412 1611 3469 est
1630 3409 1891 3469 dubium
1912 3412 2079 3489 quod
2110 3412 2340 3472 officia-

812 3494 887 3555 lis
916 3495 1192 3557 lucretur
1221 3499 1526 3562 moriente
1556 3501 1724 3561 socio
1756 3507 1898 3562 ante
1930 3504 2116 3563 aliam
2146 3504 2341 3565 nomi-

815 3588 1154 3650 nationem.
1189 3591 1543 3670 Aliquando
1575 3611 1607 3652 e
1637 3598 1853 3655 contra
1873 3596 2139 3672 pecunia
2158 3596 2345 3657 datur

815 3681 896 3740 ad
951 3682 1313 3744 societatem
1366 3685 1656 3761 ponendo
1706 3687 2053 3765 periculum
2106 3688 2170 3747 in
2216 3689 2345 3750 vita

813 3792 1099 3853 personae
1138 3776 1536 3836 nominandae
1580 3778 1743 3839 intra
1786 3780 2145 3858 quindecim
2185 3781 2340 3858 dies,

817 3873 878 3928 et
906 3867 1059 3928 nihil
1087 3869 1352 3930 dicendo
1386 3869 1464 3929 de
1492 3870 1620 3932 vita
1640 3872 1892 3950 propria
1918 3893 1930 3932 :
1968 3876 2028 3933 et
2049 3876 2196 3933 tunc
2217 3892 2346 3934 mo·

815 3961 1013 4022 riente
1042 3980 1308 4038 persona
1338 3963 1681 4040 nominata,
1715 3963 1994 4026 lucratur
2023 3967 2339 4028 officialis:

817 4053 1123 4114 moriente
1161 4059 1375 4115 autem
1405 4054 1593 4115 dante
1621 4058 1952 4134 pecunias,
1987 4057 2349 4119 dissolvitur

820 4145 1074 4223 quidem
1104 4146 1404 4219 societaS,
1440 4147 1547 4206 sed
1580 4166 1704 4208 non
1733 4148 2013 4210 lucratur
2041 4150 2344 4226 officialis,

821 4238 931 4298 sed
961 4237 1150 4298 debet
1187 4239 1451 4299 reddere
1490 4240 1757 4317 capitale
1793 4261 1806 4301 ε
1853 4242 1905 4302 si
1937 4260 2083 4302 vero
2114 4242 2348 4302 moria-

819 4335 923 4392 tur
950 4331 1157 4391 socius
1205 4331 1308 4411 qui
1349 4331 1522 4393 dedit
1549 4333 1849 4411 pecunias
1878 4337 2023 4394 ante
2055 4335 2347 4395 nomina-

819 4423 1055 4484 tionem
1114 4423 1369 4483 alterius
1395 4442 1720 4502 personae,
1781 4425 2064 4486 officialis
2105 4444 2232 4486 non
2261 4427 2351 4486 lu-

822 4520 1067 4591 cratur,
1114 4514 1225 4574 sed
1268 4516 1535 4576 societas
1567 4517 1835 4578 habetur
1862 4536 1974 4597 pro
2004 4536 2129 4577 non
2158 4518 2346 4595 facta,

822 4608 970 4688 quia
1016 4626 1143 4668 non
1186 4608 1301 4668 fuit
1354 4609 1610 4687 impleta
1667 4610 1939 4671 conditio
1986 4610 2353 4671 nominandi

820 4718 1158 4779 personam
1177 4747 1192 4777 ,
1227 4704 1289 4761 et
1318 4719 1442 4761 non
1472 4701 1675 4763 fuerat
1704 4703 1976 4781 positum
2006 4702 2354 4781 periculum

823 4794 884 4853 in
913 4792 1044 4853 vita
1072 4792 1265 4871 ipsius
1294 4793 1465 4853 socii.
1510 4794 1939 4855 communiter
1964 4799 2177 4855 tamen
2206 4794 2356 4855 addi

824 4887 984 4948 solet
1011 4886 1147 4946 haec
1177 4886 1456 4946 clausula
1488 4905 1502 4945 :
1547 4886 1834 4947 Moriente
1861 4906 1995 4948 vero
2016 4935 2031 4964 ,
2072 4886 2232 4968 quod
2256 4886 2357 4946 ab·

822 4980 918 5056 sit,
941 4997 1199 5059 persona
1218 5025 1233 5054 ,
1284 4977 1377 5038 vel
1406 4979 1676 5057 personis
1705 4980 1765 5039 in
1788 4979 2177 5062 ratificatione
2192 4998 2357 5061 pra·-

823 5071 996 5133 sentis
1025 5070 1311 5131 societatis
1351 5070 1515 5149 infra
1560 5070 1884 5152 quindecim
1912 5072 2031 5133 dies
2059 5072 2358 5132 nominan-

826 5164 938 5239 dis,
971 5172 1024 5224 et
1052 5163 1284 5223 interim
1302 5163 1357 5222 si
1378 5183 1493 5223 non
1519 5164 1937 5242 nominaverit,
1979 5184 2154 5245 super
2180 5164 2359 5245 ipsius

823 5256 969 5317 socii
986 5254 1268 5337 pericuIO,
1297 5263 1404 5317 etc.
1451 5256 1571 5336 ipse
1598 5256 1873 5337 officialis
1900 5257 2352 5338 superlucretur,

837 5355 952 5410 etc.
987 5351 1066 5410 Et
1092 5352 1241 5409 tunc
1264 5394 1279 5425 ,
1314 5348 1362 5408 si
1393 5350 1599 5409 socius
1627 5351 1932 5410 moriatur
1967 5350 2134 5410 intra
2174 5350 2356 5429 quin-

828 5441 1033 5502 decim
1063 5440 1216 5518 dies,
1251 5461 1376 5504 non
1408 5442 1725 5504 nominata
1754 5443 1878 5504 alia
1905 5459 2195 5523 persona,
2231 5460 2359 5502 cer-

1940 280 2043 341 DE
2084 280 2441 342 JUSTITIA
2484 281 2585 341 ΕΤ
2627 280 2826 342 JURE

2413 458 2548 516 tum
2577 458 2691 530 est,
2725 454 2894 534 quod
2924 453 3531 516 officialislucratur.
3567 452 3633 515 Si
3649 471 3795 513 vero
3819 472 3938 512 mo-

2416 546 2612 608 riatur
2640 552 2781 625 post
2808 547 3169 626 quindecim
3198 546 3332 607 dies
3363 547 3619 624 elapsos
3641 593 3659 621 ,
3693 548 3754 605 et
3780 545 3939 605 nulla

2416 639 2743 700 nominata
2773 657 3080 717 persona,
3116 639 3312 718 aliqui
3340 639 3757 709 dubitarunt;
3804 638 3941 717 qnia

2415 732 2610 792 verba
2638 732 2743 791 illa
2771 732 3001 791 interim
3027 731 3082 789 si
3103 751 3218 790 non
3246 730 3641 791 nominaverit
3660 776 3678 805 ,
3710 734 3829 791 etc.
3856 730 3942 788 vi-

2419 823 2645 883 dentur
2672 824 2892 883 referri
2919 823 3000 883 ad
3030 824 3194 884 solos
3223 824 3360 883 illos
3385 822 3756 902 quindecim
3785 821 3940 893 dies;

2419 933 2568 992 ergo
2606 919 2750 994 post
2790 915 2925 975 illos
2974 934 3097 975 non
3124 916 3335 994 posuit
3376 916 3442 974 in
3489 914 3777 992 periculo
3817 933 3948 992 pro-

2419 1005 2570 1084 priae
2600 1007 2742 1069 vitae
2772 1007 3057 1086 capitale.
3109 1008 3235 1068 Sed
3263 1012 3475 1068 tamen
3509 1008 3674 1067 Rota
3713 1006 3776 1065 in
3805 1025 3950 1085 qua-

2420 1097 2566 1157 dam
2598 1101 2877 1159 Romana
2908 1099 3220 1160 societatis
3246 1103 3304 1159 9.
3346 1102 3494 1177 Apr.
3531 1102 3715 1159 1619..
3750 1117 3950 1159 coram

2421 1191 2744 1251 Cavalerio
2776 1191 2952 1267 dixit,
2988 1196 3051 1252 et
3077 1191 3302 1251 merito
3323 1237 3339 1266 ,
3372 1192 3567 1252 etiam
3597 1197 3749 1269 post
3775 1193 3950 1270 quin-

2422 1282 2626 1343 decim
2656 1283 2788 1344 dies
2818 1284 3149 1344 officialem
3177 1283 3429 1359 lucrari,
3463 1301 3582 1343 nec
3610 1283 3795 1358 illud,
3827 1285 3952 1343 t‘raete-

2421 1375 2566 1450 rim,
2600 1376 2907 1437 coarctari
2952 1376 3033 1435 ad
3081 1375 3438 1455 quindecim
3486 1376 3669 1451 dies,
3733 1377 3839 1435 sed
3885 1396 3951 1437 ex

2422 1471 2632 1528 mente
2661 1468 3167 1529 contrahentium
3196 1467 3447 1528 extendi
3475 1467 3559 1527 ad
3579 1472 3792 1528 totum
3811 1475 3955 1529 tem·

2426 1579 2543 1638 pus
2572 1560 2990 1639 subsequens,
3026 1559 3328 1639 quamdiu
3358 1578 3485 1620 non
3516 1561 3949 1621 nominaverit.

2427 1653 2576 1726 Quae
2631 1652 2892 1713 intentio
2942 1656 3187 1714 constat
3213 1657 3348 1713 tum
3378 1671 3455 1711 ex
3501 1652 3676 1713 facto
3728 1660 3949 1730 secuto,

2425 1762 2570 1804 cum
2608 1744 2814 1805 socius
2864 1749 3083 1823 postea
3118 1745 3359 1805 fructus
3387 1746 3678 1823 exegerit
3708 1746 3956 1806 societa-

2423 1837 2504 1898 tis
2550 1856 2664 1915 per
2691 1836 2949 1915 longum
2993 1841 3280 1916 tempuS,
3333 1856 3493 1915 quos
3540 1838 3800 1915 exigere
3840 1858 3955 1899 non

2425 1932 2654 2006 posset,
2689 1928 2739 1988 si
2772 1946 2893 1989 non
2926 1933 3090 1989 esset
3119 1929 3388 2007 pecunia
3417 1930 3538 1989 sub
3559 1931 3841 2007 periculo
3858 1932 3956 1989 ali-

2427 2021 2607 2099 cujus
2635 2022 2779 2081 vitae
2815 2041 2828 2081 :
2881 2026 3015 2083 tum
3047 2022 3271 2096 etiam,
3324 2021 3475 2100 quia
3522 2021 3812 2103 alioquin
3839 2024 3957 2083 offi-

2429 2114 2602 2175 cialis
2646 2132 2711 2173 se
2741 2114 3085 2193 obligasset
3107 2114 3188 2173 ad
3219 2114 3696 2191 persistendum
3727 2134 3837 2193 per
3858 2135 3956 2174 sex

2428 2223 2675 2266 menses
2695 2252 2709 2281 ,
2762 2210 2822 2267 et
2851 2206 3055 2266 socius
3084 2210 3298 2284 posset
3326 2204 3555 2266 dissolv
3567 2226 3678 2266 ere
3710 2208 3960 2267 societa-

2431 2304 2556 2359 tem
2586 2317 2711 2359 non
2750 2299 3132 2359 nominando
3164 2298 3438 2378 aliquem
3486 2300 3662 2359 intra
3710 2300 3962 2379 quinde-

2433 2390 2552 2451 cim
2586 2391 2754 2462 dies;
2802 2409 2998 2470 quare
3036 2408 3163 2451 non
3194 2395 3360 2452 esset
3398 2392 3667 2470 aequalis
3697 2393 3959 2453 conditio

2432 2484 2756 2562 utriusque
2785 2482 3238 2557 contrahentiS,
3275 2488 3336 2544 et
3354 2487 3618 2561 propter
3646 2484 3807 2544 alias
3831 2503 3963 2544 eon·

2426 2574 2734 2654 jecturaS,
2767 2592 2907 2653 quae
2937 2575 3022 2635 ibi
3052 2575 3250 2635 videri
3281 2580 3547 2653 possunt
3580 2595 3595 2634 :
3629 2594 3829 2656 quare
3857 2579 3964 2635 im·

2432 2668 2654 2728 merito
2686 2666 2985 2728 Zacchias
3013 2685 3184 2727 num.
3211 2669 3348 2727 387.
3373 2666 3551 2743 dixit,
3585 2667 3962 2728 decisionem

2433 2761 2605 2821 illam
2635 2759 3067 2820 difficultatem
3096 2758 3332 2818 habere
3366 2776 3380 2822 :
3413 2763 3507 2819 est
3537 2759 3713 2818 enim
3743 2761 3964 2821 rationi

2437 2852 2705 2912 naturali
2736 2851 2916 2911 valde
2947 2869 3249 2929 congrua.
3283 2851 3461 2912 Circa
3488 2851 3611 2911 hoc
3639 2856 3859 2912 tamen

2516 2944 2848 3005 Dubitatur
2874 2943 3266 3019 duodecim0,
3301 2944 3616 3022 quomodo
3647 2944 3776 3004 sint
3804 2963 3965 3005 eom·

2437 3036 2699 3114 putandi
2728 3035 2814 3095 illi
2845 3035 3202 3114 quindecim
3233 3035 3365 3095 dies
3392 3081 3407 3110 ,
3470 3054 3551 3094 an
3579 3036 3661 3097 ab
3693 3036 3856 3096 hora
3882 3038 3966 3096 sa-

2439 3129 2522 3190 cti
2551 3132 2935 3204 contractuS‚
2971 3146 3047 3186 an
3080 3146 3228 3188 vero
3259 3127 3620 3207 quindecim
3649 3127 3788 3187 dies
3816 3129 3964 3190 inte-

2439 3222 2532 3300 gri
2565 3226 2705 3299 post
2729 3221 2896 3281 diem
2924 3220 3474 3282 contractusiniti?
3499 3222 3778 3299 Contigit
3804 3223 3965 3281 enim

2441 3313 2609 3393 quod
2640 3317 2996 3374 contractus
3022 3314 3203 3374 fieret
3231 3317 3325 3374 1-1.
3361 3313 3615 3374 Octobr.
3663 3318 3728 3374 et
3773 3315 3970 3374 nomi-

2441 3406 2607 3467 natio
2665 3406 2830 3467 facta
2882 3407 3000 3466 fuit
3050 3406 3150 3466 die
3205 3409 3303 3466 29.
3370 3406 3650 3484 eiusdem
3701 3409 3965 3476 mensis:

2443 3516 2635 3578 quare
2652 3498 3186 3559 officialisvolebat
3196 3498 3423 3557 factam
3435 3498 3625 3557 fuisse
3640 3503 3785 3576 post
3798 3500 3971 3578 quin-

2444 3590 2645 3651 decim
2675 3591 2807 3650 dies
2837 3590 3112 3668 expletos
3140 3590 3220 3650 ab
3250 3589 3406 3650 hora
3453 3596 3843 3665 contr-actus„
3881 3598 3969 3651 at·

2445 3702 2566 3762 que
2592 3682 2734 3742 ideo
2757 3700 2846 3757 se,
2878 3682 3184 3743 moriente
3214 3682 3405 3757 socio,
3439 3682 3757 3741 lucratum
3787 3683 3972 3743 fuisse

2444 3775 2727 3853 capitale.
2750 3775 2874 3836 Sed
2892 3779 3098 3835 tamen
3117 3777 3274 3835 Rota
3294 3774 3449 3836 dixit
3479 3775 3973 3836 nominationem

2445 3869 2674 3929 factam
2704 3866 2893 3927 fuisse
2937 3867 3101 3927 intra
3139 3866 3500 3944 quindecim
3537 3866 3673 3926 dies
3738 3887 3751 3926 ε
3817 3875 3970 3940 tum,

2449 3960 2596 4038 quia
2648 3963 2899 4037 pac-tum
2954 3959 3158 4019 fuerat
3180 4005 3195 4032 ,
3257 3963 3326 4020 ut
3369 3959 3506 4018 fieri
3560 3959 3761 4036 possit
3817 3961 3975 4020 iutra

2449 4050 2806 4131 quindecim
2837 4051 2970 4111 dies
3004 4051 3311 4131 proximos
3340 4098 3358 4124 ,
3419 4051 3555 4110 dies
3616 4056 3831 4111 autem
3887 4056 3971 4112 14.

2450 4143 2665 4205 Octob.
2702 4161 2827 4202 non
2858 4146 2992 4203 erat
3028 4143 3312 4220 proxima
3336 4190 3352 4217 ,
3409 4143 3522 4203 sed
3553 4143 3673 4204 erit
3719 4144 3974 4222 ipsamet

2449 4237 2583 4297 dies
2631 4239 3017 4306 contractus3
3079 4253 3229 4312 ergo
3285 4231 3655 4312 intelligitur
3712 4237 3792 4296 de
3849 4237 3976 4296 aliis

2450 4328 2807 4409 quindecim
2837 4327 3057 4387 diebus
3104 4328 3365 4388 diversis
3405 4346 3445 4389 a
3473 4328 3573 4388 die
3602 4333 3972 4389 contractus.

2449 4423 2609 4483 Tum
2638 4421 2827 4482 etiam
2857 4421 3004 4500 quia
3031 4420 3333 4480 terminus
3350 4421 3645 4498 praefixus
3673 4420 3880 4481 fuerat
3906 4419 3978 4479 ad

2451 4514 2730 4574 favorem
2761 4513 2968 4573 dantis
2997 4511 3295 4591 pecunias
3329 4533 3342 4572 :
3378 4515 3473 4572 est
3500 4515 3714 4573 autem
3744 4513 3974 4591 regula,

2454 4610 2523 4668 ut
2551 4606 2683 4666 dies
2711 4605 2960 4666 termini
2990 4609 3410 4682 computetur,
3445 4605 3545 4665 vel
3572 4623 3700 4664 non
3731 4622 3977 4681 compu-

2452 4703 2641 4774 tetur,
2675 4703 2861 4777 prout
2888 4697 3089 4775 magis
3118 4696 3369 4775 expedit
3397 4697 3476 4770 ei,
3500 4696 3579 4756 ad
3611 4698 3793 4775 cujus
3820 4697 3977 4755 favo-

2455 4809 2589 4853 rem
2617 4790 2942 4864 statuitur,
3007 4793 3070 4849 et
3094 4794 3352 4868 propter
3397 4789 3554 4849 alias
3602 4789 3874 4850 rationes
3902 4787 3977 4846 ibi

2453 4885 2613 4944 bene
2645 4883 2971 4944 adductas,

2534 4976 2868 5036 Dubitatur
2895 4974 3359 5051 decimotertio,
3401 4993 3482 5034 an
3513 4974 3566 5034 si
3597 4975 3805 5034 socius
3832 4973 3980 5033 dans

2456 5069 2753 5148 pecunias
2778 5069 2939 5129 intra
2968 5068 3108 5129 illos
3136 5066 3498 5146 quindecim
3526 5068 3682 5143 dies,
3733 5073 3978 5145 aegrota-

2454 5168 2552 5224 ret
2576 5162 2925 5241 periculose
2952 5208 2966 5236 ,
3018 5164 3227 5239 posset
3252 5160 3316 5218 in
3355 5178 3431 5221 eo
3462 5164 3629 5221 statu
3673 5160 3978 5219 nominare

2459 5254 2834 5333 personam?
2863 5253 3124 5314 Videtur
3153 5253 3320 5312 enim
3349 5252 3413 5311 id
3442 5252 3579 5313 fieri
3616 5253 3677 5312 in
3707 5252 3977 5311 fraudem

2460 5351 2530 5407 ut
2555 5347 2890 5408 transferat
2911 5345 3259 5424 periculum
3290 5363 3326 5404 a
3353 5345 3616 5424 propria
3659 5346 3786 5405 vita
3829 5345 3979 5423 peri-

2461 5440 2737 5501 clitante.
2771 5441 2928 5500 Rota
2954 5442 3164 5501 tamen
3193 5438 3420 5502 merito
3452 5437 3811 5519 respondit,
3853 5436 3978 5497 fieri

4003 3075 4107 3338 iiii}
4087 2953 4107 3005 ἢ

4091 4991 4102 5022 ι

4037 5094 4107 5144 Ᾱῐ·

4017 5157 4107 5248 ²²⁸:

4049 5263 4106 5294 t-
