4263 6376
830 310 950 370 532
1979 303 2084 363 DE
2126 300 2481 363 JUSTl'rlA
2526 301 2626 361 ET
2669 302 2867 364 JURE

486 501 780 557 nunquan-10
827 502 976 545 rans
994 530 1009 561 ,
1069 481 1472 562 pereuntibus
1511 480 1824 541 mercibus
1848 526 1863 557 ,
1925 478 2134 559 quoad
2171 495 2363 539 unam
2464 479 2785 540 curatione
2805 479 3134 558 praemium
3160 479 3390 559 accipit
3410 478 3703 557 obligans
3729 497 3793 538 se
3818 476 3968 536 vicis-

505 563 763 665 “pffl'fflu‘
828 576 1115 658 partem?
1140 577 1372 637 Molina
1400 574 1505 634 ubi
1538 593 1727 654 supra
1755 575 1811 652 ἓ.
1845 572 2069 649 Solent,
2104 572 2274 648 dicit,
2311 570 2360 632 si
2462 571 2579 632 sim
2635 572 2715 632 ad
2772 574 3175 634 securitatem
3231 572 3624 634 venditionis
3677 590 3792 651 pro
3829 571 3966 650 justo

526 664 739 710 mercium.
830 671 1157 750 designata
1201 669 1280 730 sit
1307 687 1452 746 pars
1502 672 1897 743 assecurata,
1933 667 2036 726 illa
2066 665 2240 726 salva
2269 683 2362 725 re-
2462 665 2684 744 pretio,
2719 665 2797 726 de
2827 684 2950 745 quo
2980 666 3331 745 periculum
3359 671 3499 728 erat
3525 670 3787 744 propter
3810 684 3968 744 penu·

827 766 1141 838 manente,
1177 762 1255 820 ad
1284 760 1438 819 nihil
1467 759 1688 836 teneri,
1722 760 1827 819 illa
1852 762 2062 820 autem
2092 777 2363 837 pereun-
2461 758 2620 817 riam
2650 762 3024 838 emptorum,
3059 760 3145 820 ita
3174 762 3339 821 Azor
3363 761 3468 821 111.
3504 778 3643 838 par.
3679 758 3788 819 lib.
3819 776 3896 819 xi.
3922 778 3965 820 e.

825 860 909 932 te,
943 855 1170 914 debere
1188 852 1941 931 solverevalorem3quod
1963 852 2362 912 verissimum
2458 853 2556 911 21.
2591 851 2741 913 dub.
2775 855 2834 913 3.

827 951 939 1008 est.
980 947 1045 1008 Si
1074 964 1222 1007 vero
1256 946 1426 1005 nulla
1458 962 1603 1023 pars
1635 945 2017 1024 designetur,
2052 945 2162 1005 sed
2192 962 2362 1004 asse·
2871 947 2879 960 ’

827 1043 1079 1100 curetur
1105 1038 1366 1098 dimidia
1392 1038 1693 1098 mercium
1724 1057 1889 1116 parS,
1910 1042 2212 1117 pereunte
2230 1055 2364 1097 me·
4149 1039 4150 1102 i

826 1130 931 1191 dia
976 1131 1279 1191 mercium
1327 1134 1506 1209 parte
1572 1131 1803 1191 debere
1865 1135 2361 1191 assecuratorem

824 1225 1066 1284 solvere
1096 1223 1428 1284 dimidium
1459 1224 1652 1302 partis
1680 1223 2019 1302 pereuntiS.
2055 1225 2188 1283 Hoc
2208 1221 2359 1281 mihi

825 1316 1075 1376 difficile
1106 1320 1234 1393 est,
1296 1317 1444 1395 quia
1479 1316 1674 1376 verba
1703 1315 1809 1376 illa
1836 1315 2038 1376 solum
2069 1315 2364 1377 videntur

821 1409 1178 1488 significare
1207 1454 1222 1485 ,
1283 1413 1345 1470 et
1375 1409 1735 1487 promittere
1767 1408 2168 1469 securitatem
2197 1427 2362 1467 mer-

822 1502 989 1562 cium
1018 1502 1238 1562 saltem
1266 1501 1474 1581 quoad
1505 1502 1780 1562 mediam
1810 1505 2075 1580 partem,
2100 1501 2219 1561 hoc
2243 1504 2356 1575 est,

823 1595 988 1674 quod
1022 1595 1243 1656 saltem
1274 1594 1483 1654 media
1513 1613 1656 1674 pars
1699 1594 1870 1654 salva
1898 1594 2035 1656 erit.
2097 1594 2161 1655 Si
2193 1594 2360 1653 enim

822 1687 1081 1749 habenti
1112 1687 1269 1748 duos
1297 1687 1458 1747 filios
1487 1689 1551 1747 in
1581 1687 1980 1764 navigatione
2010 1686 2361 1766 periculosa

820 1780 1146 1857 promittas
1176 1780 1610 1856 securitatem,
1659 1785 1721 1841 et
1767 1780 2040 1840 reditum
2083 1780 2267 1840 unius
2296 1780 2359 1839 in
2684 1797 3379 1896 DISPUTATIO
3449 1801 3771 1894 XXX„

820 1873 1078 1934 confuso
1136 1874 1305 1933 nullo
1364 1873 1690 1950 designato
1715 1918 1730 1948 ,
1791 1872 2104 1951 significas
2157 1873 2358 1933 solum
3783 1875 3802 1893 ⁶

819 1966 988 2045 quod
1036 1985 1198 2026 unus
1244 1966 1468 2026 saltem
1509 1965 1839 2036 incolumis
1867 1966 2183 2041 manebit,
2244 1985 2359 2027 nec

816 2076 1140 2119 assecuras
1187 2058 1522 2118 dimidium
1577 2058 1990 2136 singulorum.
2056 2059 2159 2120 Sic
2205 2077 2356 2137 ergo

816 2151 923 2231 qui
971 2156 1292 2212 assecurat
1343 2151 1545 2211 solum
1588 2151 1852 2212 alteram
1883 2152 2188 2211 mercium
2219 2170 2357 2230 par-
2539 2164 2614 2207 m:
2644 2164 3064 2210 mnsswssmun
3084 2197 3099 2227 ,
3135 2166 3389 2211 mamone
3421 2168 3502 2211 m·
3531 2168 3898 2213 urvo-rusci.

816 2249 969 2320 tem,
1001 2263 1125 2305 non
1155 2244 1402 2304 videtur
1438 2244 1800 2321 promittere
1850 2244 1966 2303 nisi
2010 2243 2180 2323 quod
2211 2244 2359 2305 alte-

815 2356 886 2398 ra
915 2338 1136 2398 saltem
1165 2355 1310 2415 pars
1336 2336 1665 2396 incolumis
1718 2337 1855 2397 crit.
1916 2336 2116 2397 Debet
2145 2341 2355 2397 tamen

814 2433 963 2490 tunc
1019 2429 1503 2489 assecurationis
1571 2428 1842 2506 pretium
1910 2429 2117 2489 minus
2193 2448 2349 2507 esse,
2457 2449 2679 2510 ssscvmo
2707 2451 2754 2511 1,
2801 2450 2891 2511 De
2915 2450 3300 2532 fidejussione·

815 2541 1005 2601 quam
1036 2522 1366 2582 dimidium
1394 2522 1600 2599 pretii,
1636 2521 1804 2600 quod
1834 2521 2090 2584 daretur
2118 2541 2229 2600 pro
2261 2542 2354 2584 as-

813 2615 1205 2676 securatione
1236 2613 1425 2676 totius
1457 2633 1472 2673 :
1509 2614 1655 2693 quia
1685 2615 1745 2673 in
1778 2615 1895 2674 bac
1923 2615 2184 2693 singula:
2217 2636 2354 2694 par·
3065 2689 3075 2699 ·

813 2712 906 2768 tes
933 2707 1344 2768 determinate
1361 2711 1831 2780 assecurantur;
1855 2712 1915 2768 et
1933 2709 2141 2768 minus
2164 2710 2352 2769 etiam
2530 2689 2586 2767 §-
2619 2692 2676 2748 2·
2744 2688 2977 2791 Uolm‘m
3021 2689 3243 2769 ⁸²¹²92‘l1'
3277 2689 3649 2770 fidssss’l'us-wres
3688 2701 3969 2753 ‘mmmm'

814 2818 1005 2878 quam
1028 2801 1197 2880 quod
1233 2800 1490 2860 daretur
1518 2817 1630 2878 pro
1656 2801 2123 2861 assecuratione
2175 2801 2354 2860 dimi·
2612 2801 2671 2840 ἠ
2698 2780 2965 2843 SOIldum·
4154 2771 4156 2922 A

814 2892 934 2953 dia>
979 2895 1174 2971 partis
1220 2892 1650 2953 determinatae
1714 2912 1727 2954 :
1786 2894 1934 2971 quia
1979 2895 2222 2954 iacilius
2261 2899 2352 2955 est

812 2986 1046 3045 servari
1063 2973 1443 3046 incolumem
1467 2986 1631 3046 hanc
1658 2986 1756 3045 vel
1779 2986 1947 3045 illam
1968 2992 2211 3065 partem
2234 2987 2353 3047 dis-

805 3077 1096 3158 junctim,
1130 3096 1320 3157 quam
1351 3077 1514 3138 hanc
1542 3078 1985 3153 determinate;
2046 3079 2206 3140 sicut
2235 3080 2348 3138 mi·
2529 3057 2585 3135 §-
2619 3056 2796 3118 Unic·
2836 3054 3126 3129 Quomodo
3153 3065 3208 3116 et
3233 3057 3466 3137 qfflmdo
3495 3057 3666 3120 vendi
3679 3060 3862 3140 1²⁰3&
3883 3060 3966 3140 ffi-

817 3190 930 3231 nus
960 3170 1224 3232 debetur
1254 3188 1367 3249 pro
1400 3172 1863 3233 assecuratione
1893 3172 2036 3234 vitae
2067 3173 2252 3233 unius
2273 3193 2351 3234 ex
2608 3169 2757 3230 Unus
2782 3148 2862 3211 “d
2885 3150 3342 3232 recuperandum
3369 3151 3645 3215 debitum·

2532 2571 2587 2649 ἓ.
2625 2574 2682 2631 1.
2731 2568 2820 2630 De
2847 2569 2938 2647 iis,
2971 2571 3077 2651 qui
3105 2569 3422 2652 fidejubere
3442 2583 3710 2652 possunt.

2453 2938 2676 2999 Ssscrlo
2706 2938 2782 2997 11.
2830 2936 3198 3017 Depiqnore,
3229 2945 3284 2997 et
3307 2936 3652 3019 hypotheca.

814 3264 1059 3325 duobus
1107 3264 1248 3323 filiis
1283 3264 1797 3342 indeterminate,
1836 3266 2218 3346 quicumque
2249 3286 2353 3328 su-

815 3362 1053 3436 perstes
1069 3356 1168 3433 sit,
1195 3375 1385 3435 quam
1407 3376 1518 3437 pro
1537 3358 1999 3420 assecuratione
2012 3360 2156 3421 vitae
2170 3360 2352 3421 unius

815 3449 1233 3511 determinati.
2531 3453 2608 3514 Hi
2664 3458 2790 3514 tres
2844 3458 3200 3517 contractus
3254 3458 3516 3519 tendere
3569 3459 3854 3520 videntur
3892 3458 3962 3518 ad

570 3560 683 3618 {03
898 3543 1072 3605 Sicut
1100 3543 1445 3603 assecurari
1478 3547 1738 3621 possunt
1766 3562 2028 3621 merceS,
2062 3546 2227 3607 itaet
2246 3565 2352 3625 po·
2449 3547 2742 3607 eumdem
2769 3548 2959 3606 finem
2986 3549 3339 3610 securitatis
3357 3550 3522 3611 datae
3550 3552 3837 3613 creditori
3863 3571 3960 3631 pro

519 3682 618 3736 Quo
634 3683 714 3725 ὼ
815 3640 937 3698 test
965 3636 1210 3697 lucrum
1241 3636 1303 3695 in
1334 3636 1629 3697 nundinis
1652 3683 1668 3714 ,
1717 3642 1785 3698 ut
1814 3656 1957 3697 cum
1987 3640 2136 3699 Soto
2168 3639 2353 3701 docet
2451 3640 2758 3700 solutione
2789 3640 3002 3701 debiti.
3035 3643 3228 3703 Multa
3258 3649 3469 3704 autem
3496 3691 3512 3721 ,
3572 3663 3710 3724 quae
3755 3646 3830 3705 ad
3861 3646 3961 3704 hos

467 3738 630 3791 possint
649 3749 768 3779 ωε·
815 3729 1048 3792 Molina
1072 3731 1129 3808 ἓ.
1166 3729 1282 3789 Hic
1310 3738 1638 3789 contractus
1661 3777 1676 3807 ,
1711 3734 1917 3809 potest
1946 3732 2134 3791 etiarn
2165 3731 2353 3791 liber-
2451 3737 2807 3794 contractus
2836 3735 3149 3812 pertinent
3169 3781 3184 3810 ,
3237 3736 3509 3798 diximus
3554 3738 3615 3797 in
3645 3738 3960 3817 superiori-

698 3802 767 3885 αἶ
816 3827 941 3899 taS,
1002 3822 1054 3882 si
1082 3823 1431 3902 periculum
1458 3823 1539 3884 sit
1584 3823 1962 3901 captivitatis
1982 3869 1997 3900 ,
2056 3828 2125 3884 ut
2171 3825 2355 3886 docet
2449 3826 2566 3886 bus
2596 3832 2853 3905 agentes
2882 3828 2960 3887 de
2990 3828 3125 3888 aliis
3154 3830 3603 3905 contractibuS,
3638 3849 3776 3912 quae
3805 3830 3956 3890 suffi-

471 3803 569 3832 curn
591 3792 620 3840 ’,

472 3843 715 4046 Ρξῖξίξζξ,
817 3919 981 3977 Azor
1006 3917 1109 3977 111.
1145 3935 1206 3995 p.
1251 3915 1358 3976 lib.
1392 3933 1477 3977 xl.
1532 3934 1672 3994 cap.
1711 3919 1805 3977 18.
1854 3916 2005 3977 dub.
2035 3920 2094 3977 6.
2143 3919 2355 3980 Potest
2450 3920 2572 3980 ciet
2602 3920 2875 3982 breviter
2901 3921 3201 3999 indicare,
3237 3942 3315 3983 ne
3343 3929 3727 4002 repetantur.

498 4017 546 4047 su
633 4017 655 4045 a

656 4017 676 4045 ⁸
697 4018 738 4049 ''-
817 4010 1005 4071 etiam
1026 4010 1375 4070 assecurari
1394 4009 1662 4088 pecnnia
1682 4009 2118 4070 transferenda
2135 4011 2353 4089 perlo-

816 4121 891 4163 ca
918 4102 1289 4180 periculosa.
1339 4103 1495 4162 Item
1522 4103 1649 4163 vita
1679 4101 1942 4181 alicujus
1970 4149 1985 4179 ,
2046 4103 2348 4183 quidquid

816 4196 921 4255 alii
951 4195 1251 4268 dixerint,
1286 4212 1443 4273 quos
1471 4195 1802 4274 impugnat
1830 4198 2013 4255 Azor.
2064 4195 2152 4255 ibi
2198 4197 2347 4258 dub.

816 4304 951 4350 v111.
988 4292 1049 4349 et
1075 4288 1304 4348 Molina
1331 4288 1386 4366 ἓ.
1430 4287 1641 4350 Utrum
1664 4296 1854 4348 autem
1884 4287 2102 4347 licitum
2131 4289 2229 4366 sit,
2263 4289 2352 4350 sic
2997 4286 3010 4299 ⁸

816 4382 983 4442 enim
1010 4380 1354 4441 assecurari
1386 4380 1543 4441 solet
1571 4399 1682 4458 pro
1715 4381 1915 4459 pretio
1947 4380 2074 4441 vita
2112 4382 2349 4460 episco-
2934 4360 2977 4443 S
3010 4363 3053 4444 Β
3083 4362 3131 4444 C
3162 4365 3210 4446 T
3243 4364 3271 4445 1
3300 4364 3354 4445 0
3440 4365 3494 4450 Ι.

816 4475 902 4555 pi,
937 4474 1035 4535 vel
1064 4472 1446 4534 beneficiarii
1477 4473 1841 4553 accipientis
1881 4474 2179 4552 pecunias
2208 4493 2349 4535 mu-

812 4574 921 4629 tuo
950 4568 1032 4627 ad
1060 4566 1428 4628 solvendum
1475 4585 1587 4644 pro
1616 4566 1812 4627 bulla.
1858 4568 2016 4628 Hinc
2060 4567 2344 4643 infertur,

816 4680 940 4740 quo
968 4660 1155 4721 modo
1198 4660 1437 4720 licitum
1484 4660 1598 4735 sit,
1649 4660 1900 4738 quando
1943 4660 2180 4739 aliquid
2233 4661 2350 4721 sub
2966 4671 3056 4733 De
3079 4670 3465 4753 fidejussione,

815 4756 998 4816 hasta
1024 4753 1337 4829 venditur,
1373 4752 1606 4831 aliquid
1638 4754 1998 4831 promittere
2030 4758 2092 4814 et
2120 4755 2270 4814 dare
2294 4754 2350 4813 ei

817 4848 920 4930 qui
951 4848 1221 4928 pretium
1251 4846 1494 4907 auxerit
1527 4866 1539 4906 :
1573 4846 1823 4906 videtur
1848 4846 2014 4906 enim
2046 4866 2170 4908 non
2202 4846 2351 4908 lice-

816 4964 883 5005 re
912 4943 975 5003 id
1006 4940 1226 5019 accipi,
1261 4939 1408 5019 quia
1437 4956 1510 4999 eo
1542 4939 1674 5018 ipso
1706 4940 1954 5000 videtur
1982 4945 2228 5019 emptor
2255 4944 2351 5002 to-
2529 4939 2873 5018 Fidejussio
2925 4942 3019 5001 est
3079 4940 3296 5001 alienae
3353 4942 3736 5021 obligationis
3773 4942 3828 5001 in
3884 4960 3948 5000 se

815 5042 950 5099 tum
978 5035 1039 5095 id
1069 5033 1399 5095 detrahere
1430 5032 1507 5091 de
1530 5031 1664 5111 just
1682 5054 1697 5093 J
1729 5033 1926 5111 pretio
1956 5032 2044 5092 rei
2076 5033 2243 5111 quod
2263 5032 2349 5094 of·
2447 5032 2757 5110 susceptio
2777 5078 2792 5108 ,
2852 5050 2976 5112 qua
3016 5051 3083 5093 se
3124 5034 3261 5111 quis
3308 5034 3544 5113 obligat
3584 5036 3659 5097 ad
3686 5053 3808 5096 eam
3837 5035 3946 5093 im·
4009 5079 4068 5121 ῇ,
4123 5080 4154 5107 ..-

814 5131 955 5192 fert.
991 5126 1453 5208 Respondeturt
1479 5128 1703 5186 ament.
1736 5131 1931 5186 citum
1959 5125 2023 5185 id
2054 5144 2188 5186 esse
2219 5172 2234 5202 ,
2292 5130 2352 5187 et
2449 5126 2764 5204 plendam,
2800 5127 2851 5185 si
2881 5127 3123 5188 debitor
3151 5128 3511 5207 principalis
3542 5148 3658 5190 non
3687 5128 3940 5190 solverit.
4026 5144 4068 5184 φ
4123 5140 4132 5161 ’-

814 5224 1113 5284 usitatum
1154 5221 1218 5280 in
1249 5218 1547 5297 Hispania
1575 5217 1655 5278 ad
1702 5218 2063 5279 alliciendos
2109 5224 2351 5297 empto·
2452 5220 2628 5281 Unde
2647 5224 2741 5281 est
2758 5221 3943 5284 contractussubsidiariusinsubsidium

813 5337 915 5378 res
973 5333 988 5380 τ
1040 5321 1101 5376 et
1154 5312 1368 5374 reduci
1418 5331 1597 5390 posse
1647 5312 1725 5372 ad
1766 5312 2295 5373 assecurationem
2331 5330 2345 5371 ε
2451 5317 2513 5373 et
2564 5313 2967 5374 securitatem
3023 5313 3279 5374 alterius
3325 5320 3693 5391 contractus,
3746 5320 3798 5374 et
3848 5314 3940 5373 di·
4155 5316 4159 5347 ¹

816 5413 1062 5488 emptor
1089 5407 1256 5467 enim
1285 5409 1605 5466 assecurat
1620 5406 2032 5479 venditorem,
2057 5405 2227 5484 quod
2249 5425 2349 5466 res
2447 5405 2611 5469 citur
2636 5424 2672 5464 a
2697 5404 2816 5485 fide
2833 5452 2848 5482 ,
2900 5410 2962 5466 et
2972 5405 3156 5486 jubeo
3174 5454 3191 5483 ,
3249 5408 3398 5486 quia
3425 5408 3685 5469 formula
3708 5406 3940 5485 antiqua

816 5522 940 5564 non
970 5502 1279 5563 vendetur
1307 5498 1530 5559 minori
1562 5500 1763 5578 pretio
1794 5504 1858 5560 et
1883 5518 1996 5577 pro
2026 5499 2146 5560 hac
2173 5518 2348 5559 asse-
2449 5501 2603 5575 erat,
2640 5503 2709 5560 ut
2736 5498 3254 5580 interrogaretur,
3286 5500 3406 5582 fide
3431 5510 3534 5563 tua
3562 5502 3624 5562 td
3645 5499 3934 5581 essejuhes.
