4263 6376
1138 396 1611 457 DISPUTATIO
1656 395 1927 469 XXXVI,
1979 395 2252 456 SECTIO
2296 396 2427 456 vll.

222 597 318 641 nec
342 574 736 638 satisfaciant.
772 572 1061 634 Secundo
1083 572 1143 633 in
1163 590 1302 650 cap.
1337 571 1725 652 Quamquam,

221 674 278 734 de
303 668 567 744 censibm,
592 667 810 746 juncto
842 684 979 744 cap.
1015 668 1061 726 1.
1088 664 1157 726 de
1178 665 1463 726 immunz't.
1498 664 1561 724 E
1563 663 1727 723 (τεῖρε.

219 767 308 828 lib.
340 781 419 824 1v.
456 759 1080 822 excommunicantur
1127 759 1260 837 ipso
1311 759 1475 819 facto
1512 775 1729 818 omnes

223 858 311 939 qui
335 856 409 918 ab
439 853 694 914 ecclesis
717 899 733 928 ,
793 852 891 911 vel
940 851 1375 913 ecclesiasticis
1419 850 1725 929 personiS,

220 952 302 1013 vel
329 966 538 1010 eorum
567 946 748 1007 bonis
771 991 787 1020 ,
849 945 947 1004 vel
978 945 1384 1005 ecclesiarum
1404 993 1424 1020 ,
1477 943 1733 1021 exigunt

219 1044 303 1104 vel
328 1043 695 1119 extorquent
723 1058 834 1117 per
861 1056 928 1097 se
959 1037 1058 1097 vel
1088 1056 1200 1115 per
1229 1037 1421 1096 alium
1441 1083 1456 1112 ,
1486 1054 1599 1096 suo
1632 1034 1728 1095 vel

220 1136 395 1196 alieno
429 1132 679 1192 nomine
709 1130 1046 1209 pedagium
1069 1129 1165 1188 vel
1195 1129 1587 1207 guidagium,
1616 1127 1730 1186 nisi

218 1248 313 1309 pro
356 1226 543 1286 rebus
590 1243 781 1285 causa
828 1222 1267 1301 negotiationis
1315 1220 1570 1297 delatiS,
1625 1220 1732 1300 qui

217 1322 382 1383 ctiam
410 1318 652 1378 absolvi
695 1335 818 1376 non
844 1319 1107 1394 possunt
1132 1315 1248 1375 nisi
1279 1313 1601 1393 praemissa
1628 1331 1728 1372 sa-

217 1413 566 1476 tisfactione.
601 1409 831 1480 Tertio,
864 1408 1099 1467 ibidem
1128 1407 1492 1486 praecipitur
1515 1453 1530 1482 ,
1581 1410 1649 1465 ut
1677 1405 1731 1464 si

214 1506 265 1566 in
293 1506 402 1565 hoc
432 1503 849 1564 communitas
878 1500 1220 1579 delinquat,
1272 1501 1445 1559 locus
1476 1499 1608 1577 ipso
1640 1499 1732 1557 fa-

215 1605 298 1661 cto
325 1597 646 1677 subjaceat
672 1594 1002 1654 interdicto
1034 1613 1158 1653 non
1188 1592 1523 1654 relaxando
1556 1638 1571 1668 ,
1609 1591 1726 1651 nisi

212 1690 613 1753 satisfactione
643 1687 870 1767 posita.
906 1687 1178 1762 QuartO,
1230 1686 1294 1746 in
1332 1685 1502 1745 bulla
1535 1701 1731 1745 coenoe

211 1783 438 1845 Domini
468 1782 661 1843 clauS.
699 1798 758 1841 v.
806 1779 1430 1841 excommunicantur
1474 1777 1608 1856 ipso
1639 1777 1730 1836 fa-

213 1882 297 1939 cto
325 1894 541 1936 omnes
561 1920 576 1950 ,
629 1873 734 1953 qui
765 1872 828 1932 in
857 1874 1038 1934 terris
1074 1871 1201 1932 suis
1244 1889 1407 1931 nova
1438 1869 1729 1948 pedagia,

210 1988 304 2030 seu
331 1967 631 2047 gabella5‚
664 1964 742 2026 ad
776 1964 837 2024 id
869 1968 1246 2044 potestatem
1278 1981 1401 2022 non
1433 1962 1735 2022 habentes

211 2063 543 2141 imponunt,
581 2058 674 2118 vel
705 2057 965 2136 eligunt.
1000 2056 1249 2131 Quinto,
1271 2056 1333 2114 in
1353 2054 1573 2114 eadem
1603 2054 1733 2113 bul-

209 2156 260 2215 la
284 2153 539 2215 clausul.
567 2168 694 2213 xlv.
719 2149 1341 2210 excommunicantur
1357 2147 1734 2227 quicumque

209 2251 445 2322 statuta,
480 2249 590 2307 aut
615 2245 869 2305 decreta
898 2242 1180 2318 fecerint,
1212 2239 1641 2301 ordinaverint
1664 2257 1735 2298 ac

206 2337 650 2418 publicaverint
692 2335 789 2395 vel
835 2335 923 2395 eis
970 2333 1204 2394 fuerint
1246 2331 1337 2393 usi
1371 2336 1590 2393 contra
1618 2332 1737 2390 im-

206 2432 563 2493 munitatem
594 2427 1100 2489 ecclesiasticam.
1137 2428 1323 2488 Sexto
1348 2471 1363 2500 ,
1422 2424 1483 2483 in
1513 2424 1736 2484 eadem

202 2526 359 2585 bulla
389 2524 586 2585 clauS.
620 2538 775 2585 xvn.
808 2519 1429 2581 excommunicantur
1458 2518 1736 2596 quicum-

205 2637 313 2697 que
341 2617 662 2692 collectas,
696 2613 994 2690 decimaS,
1029 2612 1271 2688 talliaS,
1333 2610 1725 2690 praestantias

201 2718 258 2772 et
281 2711 404 2771 alia
434 2727 625 2768 onera
656 2706 927 2787 praelatis
956 2752 971 2783 ,
1033 2708 1095 2766 ct
1147 2704 1284 2765 aliis
1315 2703 1593 2784 personis
1622 2721 1725 2763 ec-

203 2802 579 2878 clesiasticiS,
615 2819 688 2860 ac
719 2817 938 2860 eorum
968 2802 1030 2857 et
1059 2797 1487 2871 ecclesiarum,
1520 2812 1735 2855 mona-

198 2896 549 2970 steriorum,
583 2895 644 2954 et
672 2893 936 2953 aliorum
963 2889 1414 2951 beneficiorum
1445 2887 1737 2948 ccclesia-

199 2989 495 3051 sticorum
524 2987 726 3061 bonis,
760 2985 1134 3064 illorumque
1164 2982 1493 3056 fructibuS,
1526 2979 1738 3041 rediti-

196 3082 327 3159 buS,
363 3085 428 3143 et
455 3079 861 3160 proventibus
904 3075 1299 3156 hujusmodi,
1348 3074 1584 3152 absque
1616 3075 1737 3133 Ro-

197 3176 357 3236 mani
389 3172 704 3255 pontificis
733 3170 986 3252 speciali
1035 3174 1096 3232 et
1137 3185 1430 3249 expressa
1458 3165 1731 3244 licentia,

194 3271 526 3349 imponunt
555 3272 618 3327 et
653 3266 941 3345 exigunt,
1009 3268 1078 3324 ut
1117 3262 1408 3340 imposita
1440 3261 1627 3321 etiam
1657 3258 1736 3320 ab

194 3369 413 3440 sponte
444 3361 738 3422 dantibus
777 3363 838 3419 et
865 3355 1353 3418 concedentibus
1384 3353 1733 3433 accipiunt;

192 3475 306 3515 nec
335 3474 465 3515 non
498 3454 600 3533 qui
632 3473 746 3533 per
773 3471 838 3512 se
869 3451 966 3512 vcl
997 3450 1187 3511 alium
1215 3467 1326 3509 seu
1357 3446 1534 3524 alios,
1571 3445 1734 3506 dire-

192 3553 285 3611 cte
315 3546 420 3611 vel
451 3547 755 3607 indirecte
785 3544 1087 3625 praedicta
1114 3543 1343 3618 facere,
1370 3538 1614 3618 exequi,
1640 3537 1740 3598 vel

189 3658 557 3720 procurare,
579 3639 677 3698 aui
698 3638 758 3697 in
789 3637 1025 3697 eisdem
1045 3634 1364 3709 auxilium,
1382 3630 1734 3706 consilium,

191 3735 285 3794 vel
317 3735 629 3809 favorem,
666 3733 772 3791 aut
799 3734 1037 3804 votum,
1067 3746 1177 3791 seu
1205 3724 1597 3804 suffragium,
1632 3742 1738 3803 pa·

190 3828 349 3904 lam,
385 3827 483 3887 vel
513 3824 777 3900 occulte,
797 3827 1095 3902 praestare
1131 3838 1257 3880 non
1275 3820 1592 3893 verentur,
1636 3834 1738 3876 cu-

182 3921 571 3999 juscumque
602 3917 725 3977 sint
745 3913 1252 3995 praeeminentiae.

48 4022 61 4080 ἲ
270 4014 458 4074 Circa
488 4011 658 4085 haec,
711 4026 848 4088 quae
881 4007 1048 4067 clara
1096 4008 1280 4076 sunt,
1332 4001 1593 4062 dubium
1623 4000 1739 4061 ali-

56 4153 132 4204 ,m
188 4107 363 4186 quod
398 4109 492 4165 est
532 4107 789 4182 propter
833 4099 1209 4160 sententiam
1239 4096 1501 4157 Navarri
1531 4095 1590 4154 in
1620 4114 1740 4153 ma-

48 4212 117 4268 ·tmj
187 4199 363 4259 unali
390 4217 531 4277 cap.
565 4212 761 4257 xxvii.
796 4213 904 4254 nu.
940 4196 1075 4254 128.
1112 4191 1217 4271 qui
1248 4190 1441 4265 dixit,
1487 4188 1741 4265 exigen-

48 4271 136 4354 pm-
185 4300 280 4355 tes
314 4290 620 4372 portoria,
654 4289 832 4365 sisas,
867 4286 1222 4365 etgabellas
1253 4284 1331 4343 ab
1364 4281 1741 4342 ecclesiasti-

185 4388 275 4447 cis
309 4390 494 4446 extra
533 4400 745 4444 casum
779 4378 1254 4460 negotiationiS,
1290 4376 1606 4436 incurrere
1638 4392 1742 4433 ex-

181 4476 755 4541 communitiouem
785 4474 953 4533 illam
984 4471 1258 4532 secundo
1279 4470 1414 4529 loco
1447 4467 1738 4547 positam,

183 4593 262 4633 ex
294 4591 445 4651 cap.
483 4569 846 4648 Quamquam
868 4613 883 4642 ,
929 4583 1069 4645 quae
1120 4582 1241 4624 non
1276 4566 1369 4622 est
1396 4564 1738 4634 reservata,

178 4685 311 4727 non
349 4669 567 4725 tamen
609 4657 1324 4721 excommunicationem
1370 4653 1556 4713 bullae
1606 4655 1744 4714 (3.oe-

179 4777 311 4819 noe.
383 4760 502 4818 Pro
534 4773 659 4833 qua
709 4751 1019 4813 sententia
1047 4749 1244 4810 Diana
1275 4753 1360 4807 to,
1394 4748 1441 4808 l.
1478 4745 1625 4805 dict.
1661 4751 1738 4805 tr.

175 4869 248 4912 11.
291 4849 490 4909 resol.
523 4851 622 4907 47.
657 4845 909 4906 videtur
938 4844 1158 4902 afferre
1190 4840 1418 4900 multos
1447 4841 1744 4917 negantes

176 4940 866 5023 praedictosincurrere
888 4931 1600 4996 excommunicationem
1615 4929 1746 4990 bul-

172 5036 254 5097 la}
289 5037 537 5110 Coenae,
571 5031 679 5092 sed
712 5031 979 5091 fortasse
1013 5027 1115 5087 hic
1146 5030 1365 5086 auctor
1393 5042 1517 5084 non
1546 5023 1744 5084 inten-

173 5129 276 5190 dit
309 5128 544 5187 afferre
576 5142 688 5203 pro
721 5123 824 5183 illa
855 5120 1164 5183 sententia
1184 5117 1623 5179 universaliter
1643 5135 1744 5175 ne-

168 5224 394 5302 gante
416 5265 432 5294 ,
482 5217 590 5278 scd
621 5216 786 5297 quod
820 5233 945 5275 non
974 5213 1297 5274 incurrant
1325 5208 1746 5272 excommuni-

171 5315 517 5376 cationem
565 5313 925 5371 contentam
981 5306 1041 5365 in
1092 5306 1283 5367 elauS.
1341 5321 1401 5365 v.
1463 5301 1745 5381 ejusdem

167 5407 396 5469 bullae
424 5412 643 5465 contra
673 5403 1068 5481 imponentes
1103 5397 1383 5478 gabellais
1413 5396 1546 5456 sine
1575 5398 1745 5473 pote-

172 5506 366 5563 state
399 5498 629 5559 debita.
668 5495 846 5570 Quod
877 5498 1093 5554 notare
1127 5493 1392 5571 oportet,
1414 5508 1490 5548 ne
1524 5487 1748 5567 aliquis

171 5595 387 5674 putet
411 5592 581 5652 illam
609 5590 798 5651 aliam
831 5585 1204 5649 sententiam
1233 5581 1624 5664 probabilem
1654 5599 1751 5640 es-

3252 399 3367 459 645

1830 587 1918 646 se,
1953 588 2097 630 cum
2124 569 2296 633 videt
2344 575 2436 632 tot
2483 576 2771 634 auctores
2819 592 2931 652 pro
2976 593 3052 635 ea
3111 575 3363 637 afferri:

1831 682 1976 723 nam
2005 663 2069 722 in
2099 663 2276 725 titulo
2307 667 2683 743 generaliter
2712 668 3033 746 quaeritur,
3067 688 3143 727 an
3174 688 3372 728 mem·-

1829 765 1967 817 rant
2014 756 2072 816 in
2118 757 2762 819 e.cconzm1m2·cationem
2794 760 2988 821 Bulloe
3018 760 3234 823 Coenoe.
3295 764 3373 823 Et

1829 850 2038 911 statim
2068 869 2180 929 pro
2231 856 2499 930 negante
2545 853 2853 914 sententia
2891 855 3238 916 afferuntur
3264 873 3374 916 sex

1831 947 2118 1004 auctores
2146 961 2370 1021 graves
2399 945 2560 1006 ultra
2589 947 2960 1008 Navarrum.
2999 949 3122 1009 Sed
3152 967 3373 1009 revera

1829 1036 2045 1097 titulus
2076 1036 2296 1097 debuit
2324 1056 2458 1097 esse
2477 1084 2492 1112 ,
2548 1056 2627 1097 an
2657 1038 2979 1102 incurrant
3007 1059 3372 1102 excommu-

1831 1128 2212 1189 nicationem
2255 1133 2614 1191 contentam
2655 1132 2717 1190 'm
2767 1131 2960 1193 elaus,
2996 1150 3056 1193 v.
3109 1152 3256 1193 nam
3294 1134 3371 1194 de

1831 1220 2108 1282 clausula
2144 1238 2295 1283 xvn.
2328 1222 2577 1284 videtur
2603 1241 2702 1283 res
2731 1223 2939 1301 clara,
2984 1243 3128 1286 cum
3159 1232 3373 1304 aperte

1830 1313 1915 1374 ibi
1947 1314 2571 1375 excommunicentur
2596 1333 2814 1377 omnes
2845 1317 3240 1396 imponentes
3269 1338 3377 1398 ga=

1831 1407 2026 1468 bellas
2057 1408 2118 1467 iu
2152 1408 2627 1486 ecclesiasticOS,
2663 1414 2725 1471 et
2754 1429 2968 1471 eorum
2999 1411 3199 1472 bona:
3235 1431 3375 1491 quas

1833 1500 1910 1560 de
1940 1500 2121 1560 bonis
2152 1502 2339 1563 etiam
2362 1501 2745 1582 quibuslibet
2766 1503 3131 1582 intelligitur
3158 1510 3377 1567 contra

1834 1596 2209 1672 Navarrum,
2248 1599 2310 1655 et
2339 1593 2709 1673 Cajetanum
2736 1641 2750 1672 ,
2792 1601 2861 1657 ut
2888 1597 3116 1675 probat
3142 1597 3378 1659 Molina

1834 1686 1995 1765 disp.
2029 1690 2168 1747 670.
2205 1691 2266 1747 et
2294 1687 2398 1746 alii
2427 1688 2860 1749 communiter.
2926 1690 3196 1749 Dubium
3226 1709 3375 1768 ergo

1835 1784 2008 1855 erat,
2070 1798 2149 1838 an
2194 1779 2518 1840 incurrant
2560 1778 2750 1840 etiam
2779 1783 3378 1844 excommunicatio-

1837 1890 1982 1933 nem
2011 1872 2202 1933 latam
2232 1871 2293 1930 in
2325 1871 2604 1932 clausula
2627 1888 2685 1933 v.
2714 1874 2882 1952 quod
2903 1874 3097 1954 aliqui
3117 1879 3370 1954 negant,

1835 1966 1982 2045 quia
2012 1964 2097 2024 ibi
2125 1964 2330 2025 solum
2362 1966 3004 2043 excommunicantur,
3031 1967 3136 2047 qui
3164 1967 3378 2046 gabel-

1833 2060 1926 2119 las
1972 2059 2033 2118 in
2083 2076 2149 2119 se
2196 2057 2544 2137 prohibitas
2589 2058 2922 2137 imponunt
2954 2060 3047 2120 vel
3079 2061 3373 2139 exigunt;

1836 2169 1959 2212 non
1989 2169 2138 2211 vero
2170 2151 2271 2230 qui
2302 2150 2580 2229 gabellas
2610 2150 2671 2210 in
2703 2170 2768 2211 se
2803 2152 3034 2230 licitas,
3085 2158 3147 2213 et
3173 2153 3380 2232 legiti-

1834 2262 1940 2303 ma
1967 2248 2273 2323 potestate
2325 2243 2649 2322 impositas
2697 2245 2957 2323 exigunt
3009 2265 3045 2305 a
3094 2245 3379 2325 personis

1836 2336 2162 2415 exemptis,
2199 2335 2420 2396 Verius
2451 2340 2661 2396 tamen
2680 2342 2775 2398 est
2802 2337 2864 2397 id
2887 2338 3055 2416 quod
3088 2356 3232 2398 cum
3252 2341 3379 2399 An-

1834 2431 1996 2508 chO,
2031 2429 2349 2501 SilvestrO,
2385 2428 2687 2506 Tabiena,
2724 2434 2786 2490 et
2814 2430 2951 2490 aliis
2981 2431 3166 2491 docet
3199 2430 3379 2492 Moli-

1835 2523 2003 2583 nain
2035 2521 2201 2583 dicta
2234 2538 2292 2582 v.
2322 2522 2600 2581 clausula
2623 2523 3157 2584 excommunicari
3189 2523 3377 2586 etiam

1836 2616 1944 2695 qui
1999 2616 2329 2692 imponunt
2380 2614 2615 2675 tributa
2681 2615 3121 2676 ecclesiasticis
3192 2616 3377 2676 simul

1840 2726 1981 2769 cum
2012 2706 2186 2767 laicis
2222 2727 2234 2766 :
2285 2706 2432 2786 quia
2459 2706 2606 2768 licet
2633 2706 2736 2766 illa
2768 2706 3002 2767 tributa
3029 2707 3154 2769 sint
3176 2706 3372 2787 justa,

1837 2807 1900 2863 et
1928 2820 1965 2860 a
1990 2799 2272 2879 legitima
2299 2803 2608 2879 potestate
2634 2846 2648 2876 ,
2684 2804 2871 2877 prout
2901 2800 3272 2861 ordinantur
3296 2800 3377 2862 ad

1835 2894 2063 2966 laicos;
2128 2898 2273 2953 sunt
2303 2897 2511 2953 tamen
2561 2892 2695 2953 sinc
2732 2891 3013 2971 legitima
3042 2898 3373 2971 potestate,

1836 2991 2025 3069 prout
2066 2985 2436 3046 ordinantur
2490 2985 2569 3044 ad
2625 2984 3080 3046 ecclesiasticos
3111 3029 3128 3061 ,
3189 2989 3377 3064 atquc

1837 3081 1978 3141 ideo
2007 3098 2153 3139 vere
2185 3077 2529 3139 secundum
2572 3077 2741 3138 illam
2782 3080 3025 3156 partem
3054 3077 3381 3157 imponun-

1836 3179 2003 3237 tura
2033 3191 2156 3233 non
2214 3171 2483 3232 habente
2540 3174 2933 3249 potestatem.
2995 3172 3127 3231 Hoc
3167 3173 3378 3231 tamen

1837 3286 2061 3348 parum
2107 3267 2299 3326 refert
2342 3282 2485 3324 cum
2532 3264 2593 3323 in
2624 3263 2904 3325 clausula
2933 3280 3087 3324 xvn.
3124 3269 3193 3325 ut
3218 3263 3380 3324 vidi-

1837 3379 1978 3420 mus
2001 3406 2016 3435 ,
2075 3358 2115 3417 ii
2167 3376 2383 3418 omnes
2415 3375 2633 3416 excom
2662 3357 3082 3417 municentur.

1919 3451 2148 3514 Ultimo
2182 3450 2242 3510 in
2293 3449 2701 3525 clementina,
2745 3448 3059 3525 Praesenti,
3094 3447 3162 3509 de
3195 3448 3379 3509 censi·

1840 3545 1962 3618 buS,
2024 3542 2386 3622 praecipitur
2441 3540 2839 3618 dioeccsaniS‚
2898 3547 2967 3603 ut
3022 3541 3379 3603 denuntiari

1838 3639 2092 3713 faciant,
2118 3635 2320 3695 donec
2349 3635 2679 3696 restituant
2699 3639 2760 3696 et
2779 3634 3186 3708 satisfaciant,
3220 3653 3377 3714 quos

1839 3730 2130 3792 noverint
2159 3728 2491 3789 incurrisse
2510 3727 3245 3800 excommunicationem,
3276 3727 3376 3788 vel

1837 3823 2239 3886 interdictum
2268 3839 2307 3881 a
2318 3819 2461 3900 jure
2490 3823 2817 3896 statutum,
2854 3839 2925 3881 eo
2957 3820 3124 3899 quod
3155 3820 3374 3898 guida-

1837 3918 1943 3997 gia
1969 3917 2064 3978 vel
2096 3914 2365 3995 pedagia
2396 3913 2473 3973 ab
2505 3913 2783 3974 ecclesiis
2813 3912 2910 3972 vel
2939 3912 3377 3973 ecclesiasticis

1840 4029 1963 4072 non
2032 4006 2497 4087 negotiantibus
2575 4005 2915 4084 exegerint.
2992 4005 3169 4077 Quod
3241 4025 3375 4065 esse

1841 4106 2224 4183 praeceptum
2269 4119 2484 4177 grave,
2540 4104 2600 4160 ct
2645 4098 2924 4177 obligare
2966 4099 3082 4159 sul)
3127 4097 3374 4159 mortali

1841 4199 2026 4258 docet
2067 4214 2211 4255 cum
2262 4196 2541 4254 Navarro
2590 4191 2822 4253 Sanch.
2875 4190 3041 4252 dicto
3094 4210 3231 4269 cap.
3287 4208 3372 4251 ιν.

1841 4291 1991 4351 dub.
2024 4305 2146 4349 Lvr.
2182 4307 2244 4347 n.
2291 4291 2327 4347 Ξ
2359 4290 2420 4347 et
2448 4306 2509 4346 n.
2543 4288 2601 4347 3.
2637 4288 2832 4361 notat,
2877 4284 3239 4363 episcopum
3272 4284 3377 4344 de-

1839 4383 1987 4445 bere
2019 4382 2082 4441 id
2125 4381 2334 4441 facere
2382 4383 2559 4459 parte
2589 4381 2813 4439 vocata
2863 4382 2925 4438 et
2954 4377 3191 4453 audita,
3229 4377 3378 4438 licet

1841 4477 2075 4537 factum
2105 4475 2185 4535 sit
2232 4473 2566 4550 notorium,
2602 4490 2741 4551 quae
2772 4475 2983 4532 tamen
3027 4470 3236 4531 citatio
3268 4489 3378 4530 ne·

1843 4568 2114 4630 cessaria
2154 4585 2278 4627 non
2327 4571 2421 4629 est
2468 4565 2720 4645 quando
2767 4582 2891 4625 non
2930 4563 3377 4624 denuntiantur

1845 4660 2213 4722 nominatim
2244 4677 2550 4739 personae,
2602 4656 2710 4717 sed
2744 4657 2945 4716 solum
2973 4655 3371 4734 generaliter,

1845 4759 1914 4817 ut
1944 4753 2184 4815 notavit
2212 4753 2405 4814 Imola
2436 4752 2498 4812 in
2516 4751 2681 4813 dicta
2706 4749 2754 4812 C
2759 4749 3062 4810 lementina
3078 4766 3250 4809 num.
3276 4753 3370 4810 16.
