4263 6376
98 1362 195 1421 ⁴84

56 1487 116 1535 uid,
143 1486 174 1527 si
199 1499 266 1541 μ-

57 1551 76 1580 r
95 1540 268 1602 {reparavit

56 1599 253 1656 mutulen

1296 249 1767 311 DISPU'PATIO
1810 249 2029 325 xxm,
2079 250 2353 313 snc‘rlo
2396 224 2500 314 x1.
3393 257 3469 315 47

310 425 668 504 cessionem,
709 445 855 489 cum
883 428 1014 489 sive
1043 447 1120 489 ex
1146 430 1519 490 testamento
1544 474 1560 504 ,
1593 427 1723 489 sive
1754 426 1833 488 ab

311 522 626 595 intestato,
656 520 792 599 ipse
821 520 989 581 idem
1037 521 1296 583 deberet
1324 521 1684 597 succedere,
1720 538 1834 581 nec

311 613 466 674 ullus
494 617 705 691 posset
748 612 805 673 ei
855 632 1230 692 repugnare.
1284 615 1349 675 Si
1399 633 1546 693 ergo
1585 613 1682 673 lex
1728 612 1834 673 illa

312 704 682 765 decisionem
729 706 1193 784 praecedentem
1239 706 1518 769 extendit
1558 706 1638 766 ad
1669 705 1835 765 hunc

312 815 517 857 casum
546 797 624 857 de
653 797 780 857 filio
811 798 1148 877 praeteritO,
1175 800 1237 859 in
1268 818 1391 878 quo
1422 799 1591 858 idem
1620 799 1834 858 dicen-

311 889 452 949 dum
472 888 776 966 decernit,
808 890 1057 969 signum
1078 896 1173 952 est
1191 891 1358 970 quod
1379 891 1615 971 aliquid
1645 892 1832 952 etiam

310 982 367 1041 in
396 982 676 1044 favorem
707 983 974 1044 haeredis
1003 984 1264 1045 instituti
1297 984 1625 1059 decernat,
1677 984 1838 1044 sicut

310 1075 366 1133 in
386 1093 531 1135 casu
554 1075 1093 1155 priorinecretum
1124 1077 1649 1155 fuerat:alioquin
1680 1076 1836 1136 nihil

308 1186 552 1246 prorsus
579 1187 813 1229 novum
843 1169 908 1229 in
937 1169 1213 1229 favorem
1244 1169 1513 1229 haeredis
1541 1170 1838 1230 decerne-

306 1263 490 1323 retur.

384 1353 536 1413 Hinc
567 1352 769 1414 infero
793 1353 996 1433 primo
1025 1354 1090 1415 in
1120 1373 1269 1415 casu
1299 1358 1534 1431 nostro,
1557 1354 1705 1416 licet
1724 1353 1836 1413 do-

311 1453 484 1507 nator
508 1447 864 1525 ignorasset
891 1452 1108 1526 postea
1153 1448 1544 1509 nativitatem
1589 1447 1740 1523 filii,
1775 1452 1839 1507 et

310 1540 444 1599 ideo
478 1540 747 1601 fortasse
792 1558 917 1601 non
971 1542 1362 1602 revocaverit
1407 1540 1833 1610 donationem,

311 1650 493 1712 quam
522 1632 578 1692 si
604 1631 720 1692 filii
759 1632 1148 1694 nativitatem
1195 1633 1627 1712 cognovisset,
1659 1649 1837 1692 revo-

311 1729 525 1801 casset,
559 1742 685 1785 non
734 1742 918 1802 posse
965 1729 1183 1802 postea
1209 1729 1455 1786 mortuo
1485 1725 1611 1786 filio
1636 1772 1652 1801 ,
1698 1742 1836 1784 eam

308 1835 641 1889 revocare;
677 1817 826 1895 quia
871 1820 1069 1878 totum
1109 1816 1214 1896 jus
1259 1816 1634 1894 revocandi,
1667 1816 1836 1896 quod

309 1910 418 1970 sibi
463 1909 656 1971 tacite
700 1910 1063 1986 reservavit,
1123 1909 1239 1970 fuit
1290 1910 1516 1971 intuitu
1562 1910 1702 1986 filii,
1736 1910 1837 1970 cui

312 2003 499 2065 noluit
540 2021 655 2082 per
699 2001 1103 2062 donationem
1159 2020 1384 2063 nocere
1419 2023 1432 2062 :
1467 2020 1663 2081 quare
1692 2020 1835 2063 cum

311 2096 420 2156 hoc
467 2100 918 2156 nocumentum
963 2098 1164 2155 morte
1209 2094 1321 2155 filii
1365 2095 1661 2171 cessarit,
1710 2113 1835 2156 non

308 2190 525 2267 poterit
551 2187 881 2249 donatario
912 2192 1129 2266 postea
1158 2205 1403 2263 nocere,
1438 2187 1538 2248 cui
1561 2206 1684 2248 non
1715 2188 1834 2249 alio

306 2282 475 2343 titulo
503 2279 707 2341 voluit
732 2297 913 2358 posse
944 2279 1174 2340 auferri
1203 2298 1339 2339 rem
1368 2280 1683 2349 donatam,
1718 2279 1833 2341 nisi

307 2374 366 2434 in
411 2372 743 2434 utilitatem
796 2371 946 2447 filii,
1006 2389 1193 2450 quem
1250 2371 1450 2432 solum
1506 2372 1860 2433 donatario-

307 2467 366 2527 in
415 2467 643 2527 affectu
689 2464 1064 2542 anteposuit,
1124 2465 1377 2543 quando
1425 2465 1835 2527 donationem

307 2559 463 2620 fecit.

385 2653 583 2712 lnfero
612 2649 892 2711 secundo
920 2650 1074 2729 quid
1101 2650 1435 2710 dicendum
1457 2650 1557 2725 sit,
1590 2651 1641 2711 si
1670 2651 1835 2712 filius

310 2750 443 2824 post
469 2742 876 2805 donationem
924 2746 1136 2819 natuS,
1181 2742 1542 2821 supervivat
1589 2746 1834 2823 parenti

310 2837 406 2917 qui
435 2836 843 2898 donationem
871 2853 994 2895 non
1025 2835 1364 2896 revocavit.
1398 2837 1836 2916 Respondetur

309 2931 468 2991 enim
489 2948 562 2991 ex
601 2928 784 2989 dictis
808 2972 824 3003 ,
870 2927 923 2987 si
967 2932 1146 3006 pater
1172 2928 1426 3006 cognita
1459 2928 1568 2988 filii
1613 2930 1837 2990 nativi-

309 3028 462 3100 tate,
493 3032 555 3082 et
581 3025 806 3100 potens
854 3037 1152 3080 revocare
1194 3020 1598 3081 donationem
1621 3068 1636 3097 ,
1690 3040 1832 3083 eam

310 3134 425 3177 non
445 3114 786 3191 revocavit,
816 3131 890 3174 eo
920 3112 1053 3193 ipso
1083 3112 1282 3173 videri
1311 3131 1450 3173 eam
1472 3115 1837 3176 confirmas-

307 3230 388 3284 se,
418 3215 607 3289 atque
638 3208 796 3269 adeo
831 3225 955 3267 non
1001 3207 1230 3286 poterit
1271 3207 1434 3267 filius
1464 3225 1604 3268 eam
1651 3227 1834 3270 revo-

305 3321 462 3379 care,
500 3302 621 3362 nisi
653 3305 959 3380 quatenus
989 3304 1083 3361 est
1110 3299 1456 3360 inofficiosa
1479 3346 1494 3377 ,
1529 3305 1592 3362 et
1617 3306 1834 3363 contra

302 3395 641 3475 legitimam
670 3394 786 3472 ipsi
815 3393 1124 3469 debitam,
1181 3397 1251 3453 ut
1291 3397 1578 3455 auctores
1616 3413 1833 3473 supra-

304 3489 467 3551 citati
489 3488 787 3549 fatentur.
823 3486 888 3547 Si
916 3504 1064 3546 vero
1094 3490 1275 3565 pater
1304 3485 1693 3548 nativitatem
1722 3489 1832 3549 filii

303 3580 605 3659 ignoravit
627 3626 646 3656 ,
696 3577 928 3657 poterit
952 3577 1118 3637 filius
1164 3582 1382 3638 contra
1413 3582 1608 3639 totam
1638 3578 1831 3640 dona-

302 3673 523 3734 tionem
571 3689 764 3750 agere
787 3718 803 3746 ‚
838 3669 984 3750 quia
1011 3674 1162 3731 tunc
1191 3688 1314 3730 non
1343 3676 1634 3732 censetur
1659 3689 1699 3732 a
1724 3690 1831 3751 pa-

302 3769 389 3826 tre
417 3766 808 3840 confirmata,
841 3768 905 3824 et
931 3762 1181 3823 aliunde
1202 3762 1465 3839 donanS,
1490 3764 1595 3843 qui
1618 3763 1828 3826 animo

302 3874 407 3918 suo
435 3857 833 3918 donatarium
861 3854 1010 3916 filiis
1037 3855 1261 3916 futuris
1288 3873 1414 3915 non
1462 3858 1823 3935 praeposuit,

303 3949 404 4009 sed
455 3952 667 4030 potius
721 3948 1120 4027 praesumitur
1171 3947 1331 4008 filios
1387 3950 1822 4027 praeposuisse,

302 4049 580 4104 censetur
609 4043 798 4103 etiam
826 4040 1096 4101 voluisse
1127 4047 1188 4101 et
1215 4041 1333 4101 sibi
1362 4044 1425 4101 et
1460 4042 1602 4102 filiis
1631 4061 1826 4104 reser-

302 4154 471 4197 vasse
503 4138 611 4216 Jus
654 4135 806 4196 illud
832 4134 1170 4195 revocandi
1199 4134 1639 4212 donationem,
1673 4136 1828 4197 alio—

302 4229 441 4308 quin
488 4247 614 4291 non
673 4227 1087 4289 consuluisset
1131 4226 1513 4288 sufficienter
1553 4228 1825 4290 filiorum

302 4321 727 4397 indemnitati,
764 4321 816 4381 si
843 4320 955 4380 soli
984 4319 1103 4379 sibi
1133 4324 1196 4380 et
1222 4337 1347 4380 non
1374 4320 1519 4381 filiis
1556 4325 1824 4400 potesta-

298 4418 416 4475 tem
444 4413 778 4475 revocandi
810 4417 1209 4474 reservasset.
1258 4413 1539 4492 Denique
1582 4414 1630 4473 si
1661 4414 1824 4475 filius

302 4508 480 4568 etiam
506 4507 671 4587 patri
698 4506 1105 4586 supervivens
1134 4504 1538 4567 donat10nem
1577 4524 1700 4566 non
1730 4526 1824 4567 re-

303 4602 573 4675 vocavit,
621 4598 896 4660 dubitari
942 4602 1181 4677 posset,
1240 4617 1318 4658 an
1377 4598 1484 4658 filii
1540 4598 1823 4660 haeredes

301 4710 428 4752 eam
473 4710 772 4753 revocare
818 4690 1103 4770 possint:
1136 4709 1282 4750 nam
1329 4695 1477 4751 tunc
1515 4690 1650 4770 jam
1698 4711 1822 4753 non

300 4785 538 4847 videtur
564 4784 850 4846 revocari
880 4782 961 4844 ob
985 4783 1222 4844 bonum
1249 4783 1519 4844 filiorum
1545 4831 1561 4854 ,
1596 4785 1823 4864 quibus

300 4883 432 4956 post
455 4883 724 4940 mortem
750 4895 932 4937 suam
971 4875 1285 4938 revocatio
1328 4877 1495 4937 utilis
1536 4896 1662 4938 non
1705 4883 1817 4955 est,

302 4970 403 5030 sed
430 4971 785 5032 haeredibus
809 5016 824 5046 ‚
874 4987 1030 5049 quos
1058 4974 1268 5030 tamen
1298 4969 1566 5032 donator
1594 4969 1822 5032 affectu

304 5080 406 5124 suo
435 5082 556 5125 non
583 5063 928 5143 praeposuit
945 5062 1421 5138 donatario‚sed
1440 5063 1604 5122 solos
1635 5063 1817 5141 filios,

302 5156 407 5215 nisi
435 5155 549 5235 ipsi
578 5155 864 5217 haeredes
893 5159 1102 5216 essent
1135 5154 1394 5216 fortasse
1425 5160 1683 5234 nepotes
1714 5156 1822 5216 do-

303 5251 546 5325 natoriS,
587 5253 739 5310 tunc
790 5248 960 5307 enim
1010 5246 1232 5307 eadem
1263 5248 1380 5309 erit
1407 5247 1565 5309 ratio
1595 5247 1672 5308 de
1701 5249 1820 5308 illis

303 5355 370 5399 ac
394 5339 470 5401 de
496 5341 658 5418 filiis,
694 5359 839 5402 cum
870 5358 1087 5401 omnes
1115 5358 1261 5401 suos
1304 5344 1586 5419 posteros
1623 5342 1821 5401 dona-

304 5436 393 5491 tor
415 5432 697 5496 videatur
742 5432 1155 5512 praeposuisse
1194 5432 1519 5494 donatario
1545 5478 1560 5508 ,
1611 5433 1819 5494 verius

1933 429 2147 488 tamen
2176 426 2462 504 videtur,
2506 425 2612 507 jus
2639 426 2793 489 illud
2831 427 3167 490 revocandi
3204 430 3472 492 transire

1932 519 2012 580 ad
2040 519 2312 580 filiorum
2338 520 2656 597 haeredes,
2691 521 2840 601 quia
2868 539 3010 582 cum
3055 526 3236 600 pater
3268 524 3374 603 jus
3403 524 3473 584 il-

1933 612 2041 672 lud
2070 612 2213 673 filiis
2240 614 2680 690 reservaverit,
2736 631 2853 675 nec
2899 618 3148 676 constet
3187 615 3276 677 ita
3314 616 3473 676 limi-

1932 709 2098 766 tasse
2123 752 2139 782 ,
2182 710 2401 767 utnon
2444 712 2700 786 possent
2725 708 2836 767 filii
2875 706 2980 786 jus
3020 706 3173 768 illud
3220 709 3298 769 ad
3327 728 3474 770 suos

1934 797 2218 859 haeredes
2246 799 2689 876 transmittere,
2723 799 2885 860 sicut
2911 802 2975 859 et
3002 801 3349 877 potuissent
3367 803 3473 880 jus

1933 890 2086 950 illud
2117 892 2410 967 vendere,
2446 895 2555 952 aut
2581 892 2747 952 circa
2774 892 2926 952 illud
2949 897 3339 956 contractum
3368 894 3475 955 ali·

1935 1001 2123 1062 quem
2177 983 2385 1044 facere
2413 1004 2428 1057 ;
2487 1001 2876 1064 consequens
2921 988 3053 1061 est,
3113 991 3183 1047 ut
3235 1005 3273 1047 a
3331 987 3473 1047 filiis

1934 1075 2085 1154 ipsis
2111 1075 2525 1139 transferatur
2545 1076 2650 1156 jus
2678 1077 2831 1137 illud
2862 1076 2944 1137 ad
2971 1078 3242 1139 filiorum
3272 1080 3474 1142 haere-

1936 1168 2068 1245 des,
2102 1169 2232 1229 sive
2263 1188 2339 1229 ex
2367 1173 2740 1231 testamento
2765 1216 2781 1246 ,
2827 1169 2957 1230 sive
3003 1171 3085 1232 ab
3127 1172 3418 1234 intestato
3454 1193 3468 1234 :

1935 1260 2105 1340 quod
2133 1264 2335 1322 totum
2364 1261 2677 1322 redundat
2704 1261 2767 1322 in
2806 1263 3175 1324 eorumdem
3200 1265 3473 1326 filiorum

1936 1353 2268 1415 utilitatem
2297 1358 2360 1415 et
2384 1355 2621 1415 bonum
2656 1375 2668 1415 :
2704 1355 2872 1434 quod
2903 1355 3159 1433 scilicet,
3193 1357 3340 1419 licet
3365 1358 3467 1420 do·

1936 1445 2256 1507 nationem
2297 1449 2624 1524 paternam
2668 1447 2948 1508 nondum
2995 1451 3468 1527 revocaverint;

1936 1538 2175 1617 possint
2198 1543 2412 1599 tamen
2439 1538 2802 1601 facultatem
2830 1540 3001 1601 illam
3029 1543 3389 1621 revocandi,
3412 1551 3476 1606 et

1934 1632 2348 1710 recuperandi
2392 1649 2465 1692 ea
2511 1632 2678 1693 bona
2707 1633 2834 1693 suis
2881 1632 3236 1695 haeredibus
3283 1636 3474 1696 relin-

1936 1743 2149 1805 quere,
2182 1725 2280 1784 vel
2309 1729 2478 1785 certe
2508 1724 2776 1785 haeredis
2804 1726 2951 1786 fidei
2972 1726 3475 1806 committere,ut

1934 1821 2232 1878 revocata
2257 1816 2365 1878 tali
2405 1816 2742 1878 donatione
2790 1818 3156 1879 eorumdem
3201 1820 3471 1882 filiorum

1936 1909 2349 1971 creditoribus
2378 1909 2739 1970 satisfaciat.

2013 2004 2105 2063 Ex
2131 2002 2249 2062 hac
2278 2001 2596 2062 communi
2623 2001 2841 2080 regula
2870 2002 3272 2082 excipiendus
3300 2005 3470 2067 vide-
3622 2021 3736 2081 18ss

1933 2099 2037 2157 tur
2064 2113 2246 2156 casus
2274 2113 2435 2154 unus
2455 2140 2470 2170 ,
2523 2094 2586 2154 in
2617 2113 2741 2174 quo
2774 2096 2962 2155 etiam
3009 2098 3273 2159 mortuis
3300 2098 3465 2175 filiis,
3519 2146 3623 2195 Quid
3673 2148 3707 2189 ⁸.
3735 2159 3786 2190 ω

1934 2191 2146 2267 posset
2175 2190 2354 2266 pater
2380 2187 2461 2247 ob
2491 2205 2709 2248 eorum
2750 2188 3142 2250 nativitatem
3168 2208 3468 2252 revocare
3538 2161 3709 2244 οιεῑὸιιοι
3721 2169 3817 2244 filis

1933 2280 2335 2341 donationem
2364 2284 2549 2340 antea
2575 2279 2828 2357 factam,
2863 2300 3088 2362 nempe
3116 2284 3367 2362 quando
3397 2284 3473 2344 fi-
3520 2264 3707 2309 sumpius
3719 2254 3821 2297 ’κὴ

1932 2374 2160 2435 liorum
2189 2372 2515 2433 occasione
2546 2378 2724 2451 pater
2764 2380 3050 2454 sumptus
3094 2376 3342 2438 fecisset
3381 2381 3474 2438 ta-

1930 2466 2053 2542 lea,
2089 2471 2156 2526 ut
2182 2482 2399 2525 eorum
2436 2466 2961 2544 contemplatione
3000 2468 3308 2545 potuisset
3358 2469 3476 2529 do-

1933 2558 2251 2619 nationem
2282 2576 2406 2618 non
2438 2558 2665 2633 facere,
2700 2558 2752 2617 si
2779 2558 3025 2619 futuros
3052 2561 3468 2639 praevidisset,

1933 2671 1993 2712 v.
2027 2670 2090 2731 g.
2125 2649 2175 2711 si
2208 2654 2349 2728 post
2375 2650 2779 2712 donationem
2806 2650 3039 2713 factam
3082 2654 3325 2734 prolem
3354 2653 3468 2714 ha-

1932 2744 2090 2820 buit,
2120 2743 2204 2803 ad
2233 2761 2423 2823 quam
2452 2743 2873 2821 nutriendam,
2910 2744 3326 2824 educandam,
3361 2747 3471 2809 do-

1933 2836 2214 2911 tandum,
2248 2840 2313 2897 et
2338 2835 2568 2896 similia
2597 2854 2720 2896 non
2751 2855 2973 2915 parum
3003 2839 3319 2918 expendit,
3337 2857 3474 2900 cre-

1933 2930 2015 2991 do
2044 2929 2214 3009 quod
2241 2931 2489 2989 mortua
2518 2928 2707 2989 etiam
2729 2930 2926 3008 prole,
2962 2934 3171 3007 posset
3190 2930 3473 2994 donatio-

1933 3040 2079 3083 nem
2105 3039 2403 3081 revocare
2425 3066 2441 3097 ,
2490 3021 2605 3080 nisi
2636 3022 2808 3100 prius
2837 3022 3101 3100 positive
3132 3042 3294 3085 novo
3327 3043 3471 3086 con-

1933 3133 2120 3176 sensu
2169 3131 2309 3173 eam
2364 3112 2797 3194 approbasset.
2860 3115 3040 3176 Ratio
3085 3122 3295 3177 autem
3351 3121 3466 3194 est,

1933 3210 2083 3289 quia
2127 3226 2252 3268 non
2300 3207 2440 3267 ideo
2494 3208 2697 3268 solum
2752 3208 3154 3287 praesumitur
3202 3210 3473 3272 donator

1932 3320 2057 3363 non
2087 3319 2154 3361 se
2182 3299 2492 3379 obligasse
2520 3318 2634 3379 pro
2665 3305 2893 3362 eventu
2922 3301 3115 3379 prolis
3136 3301 3473 3379 futurae,ut

1931 3394 2285 3455 consuleret
2311 3392 2477 3455 bono
2503 3392 2774 3454 filiorum
2799 3438 2815 3469 ,
2862 3393 2973 3453 sed
3018 3394 3209 3454 etiam
3259 3399 3323 3456 et
3348 3396 3470 3456 tor·

1929 3490 2093 3549 tasse
2122 3485 2347 3564 magis,
2378 3490 2450 3545 ut
2476 3485 2592 3547 sibi
2637 3485 2758 3564 ipsi
2804 3486 3187 3564 consuleret,
3223 3488 3330 3567 qui
3361 3505 3470 3549 oc-

1930 3580 2179 3640 casione
2210 3578 2403 3658 prolis
2430 3578 2571 3656 cogi
2599 3577 2859 3640 deberet
2872 3579 2952 3638 ad
2970 3597 3166 3641 novos
3184 3585 3470 3661 sumptus

1927 3671 2271 3747 faciendOS,
2299 3674 2369 3731 ut
2396 3670 2758 3748 provideret
2799 3670 2978 3747 filiis,
3028 3672 3081 3732 si
3132 3690 3282 3751 ergo
3332 3672 3466 3753 Jam

1928 3769 2213 3844 sumptus
2243 3781 2348 3824 eos
2377 3762 2456 3824 de
2485 3763 2648 3824 facto
2664 3763 3080 3843 fecit‚poterit
3093 3765 3281 3825 etiam
3301 3783 3467 3826 mor-

1924 3862 2036 3919 tua
2062 3856 2260 3934 prole,
2295 3855 2383 3917 uti
2424 3854 2568 3934 jure
2596 3873 2733 3931 suo,
2762 3856 2910 3935 quia
2936 3856 3179 3936 positus
3206 3858 3326 3918 fuit
3365 3875 3466 3918 ca-

1926 3968 2031 4010 sus
2059 3954 2122 4009 et
2148 3947 2507 4024 necessitaS,
2541 3966 2731 4026 quam
2760 3948 2960 4009 noluit
2982 3967 3097 4009 sua
3125 3948 3466 4012 donatione

1926 4040 2485 4121 comprehendere.

2004 4134 2184 4197 Unde
2211 4151 2428 4194 rursus
2456 4133 2677 4210 infern,
2711 4151 2784 4194 eo
2815 4151 2964 4194 casu
2989 4151 3116 4195 non
3134 4135 3339 4196 solum
3357 4135 3464 4198 do-

1923 4233 2209 4289 natorem
2233 4272 2250 4303 ,
2284 4225 2394 4287 sed
2425 4230 2489 4286 et
2514 4226 2709 4306 ipsius
2745 4225 3029 4287 haeredes
3071 4245 3252 4305 posse
3280 4246 3465 4289 revo-

1923 4339 2066 4382 care
2096 4319 2523 4396 donationem,
2557 4318 2703 4398 quia
2732 4318 2895 4380 sicut
2922 4318 3125 4380 haeres
3152 4320 3263 4380 filii
3290 4339 3462 4382 mor-

1921 4414 2012 4475 tui
2039 4418 2182 4493 post
2203 4417 2468 4492 patrem,
2501 4416 2705 4490 potest
2731 4429 3030 4473 revocare
3050 4411 3459 4474 donationem

1921 4512 2250 4585 paternam
2295 4506 2524 4567 factam
2579 4510 2723 4566 ante
2779 4504 2891 4565 filii
2927 4503 3349 4582 nativitatem,
3392 4513 3463 4569 ut

1919 4597 2213 4675 vidimus,
2245 4598 2334 4658 sic
2364 4598 2565 4659 baeres
2612 4596 2803 4658 etiam
2832 4601 3164 4658 extraneus
3193 4596 3462 4660 donato-

1918 4692 2005 4752 ris
2032 4690 2260 4770 poterit
2285 4690 2688 4751 donationem
2736 4707 3035 4750 revocare
3059 4735 3074 4766 ,
3109 4708 3299 4770 quam
3326 4691 3459 4771 ipse

1920 4784 2189 4845 donator
2237 4800 2363 4843 non
2408 4782 2784 4862 approbavit
2828 4781 3045 4859 tacite,
3106 4800 3310 4862 neque
3357 4801 3459 4844 ex·

1919 4894 2133 4956 presse
2161 4875 2225 4935 in
2256 4875 2408 4952 vita,
2441 4879 2775 4955 postquam
2805 4874 3026 4935 habuit
3053 4892 3310 4935 causam
3334 4876 3457 4936 suf·

1920 4969 2233 5029 ficientem
2263 4968 2344 5028 ad
2371 4967 2797 5028 revocandum
2825 4967 3018 5027 illam.
3042 4968 3269 5028 Totum
3290 4968 3459 5029 enim

3596 4169 3710 4230 187

3510 4294 3577 4337 An
3607 4293 3682 4338 mn
3713 4294 3814 4338 11ae-

3510 4349 3813 4445 mm...

3560 4465 3773 4499 nvm-

1913 5060 2039 5141 jus,
2073 5061 2243 5140 quod
2272 5061 2405 5139 ipse
2433 5059 2647 5136 habet,
2680 5059 2977 5121 transfert
3005 5058 3085 5118 ad
3113 5077 3297 5120 suum
3326 5059 3460 5122 hae-

1922 5152 2136 5213 redem
2172 5173 2185 5214 :
2221 5171 2370 5233 ergo
2400 5153 2451 5214 si
2480 5153 2613 5233 ipse
2657 5158 2905 5231 poterat
2931 5152 3334 5213 donationem
3364 5172 3459 5214 re·

1921 5263 2150 5308 vocare
2185 5247 2263 5307 ob
2290 5251 2575 5324 sumptus
2603 5245 2801 5306 factos
2828 5244 2892 5304 in
2934 5244 3108 5322 prole
3138 5250 3451 5327 suscepta,

1920 5341 2152 5419 poterit
2176 5339 2297 5400 hoc
2323 5338 2490 5399 idem
2512 5340 2619 5418 ‚ius
2649 5336 2885 5398 baeredi
2915 5355 3029 5398 suo
3073 5337 3451 5418 relinquere,

1921 5432 2036 5493 nisi
2073 5438 2283 5495 tamen
2322 5431 2508 5496 tacite
2534 5478 2549 5509 ,
2602 5431 2699 5493 vel
2752 5448 3045 5508 expresse
3086 5436 3331 5494 constet
3375 5432 3455 5493 de
