4263 6376
126 2470 212 2527 122

83 2594 280 2638 mlum

96 2702 224 2741 vastatio

101 2753 215 2794 Ιιειιη.

129 5434 211 5494 123

1312 348 1779 409 DISPUTATIO
1824 347 2012 423 XXV,
2063 349 2338 410 SECTIO
2385 350 2512 410 vll.

341 524 430 583 vel
457 522 758 584 minorem
781 525 1192 602 quantitatem
1213 524 1623 598 reddendam,
1658 542 1852 603 quan-

339 616 414 676 do
442 617 706 694 pretium
745 618 1021 677 creditur
1049 618 1457 677 minuendum
1499 618 1587 677 rel
1616 635 1853 695 augen-

339 708 507 783 dum,
552 709 696 770 licet
740 714 1099 769 contractus
1136 710 1336 770 mutui
1382 714 1600 788 suapte
1629 714 1853 769 natura

337 802 596 879 postulet
624 807 692 861 ut
719 800 888 861 idem'
932 807 994 862 et
1031 802 1093 861 in
1140 802 1359 861 eadem
1389 820 1684 862 mensura
1713 803 1850 861 red-

336 894 541 969 datur,
593 899 655 953 et
683 894 745 953 in
775 912 948 953 more
978 894 1250 973 positum
1295 894 1373 954 sit
1400 896 1562 955 inter
1588 893 1847 971 amicoS‚

336 991 400 1046 ιιι
424 1005 543 1045 nou
585 986 893 1047 habeatur
920 988 1078 1047 ratio
1109 988 1476 1047 incrementi
1507 987 1602 1046 vel
1632 987 1850 1046 decre-

332 1079 515 1139 menti
545 1079 761 1157 pretii,
792 1080 902 1139 sed
931 1084 1134 1140 totum
1171 1079 1234 1138 id
1265 1080 1537 1139 vicissim
1568 1097 1849 1140 commu-

331 1172 483 1231 niter
508 1177 839 1232 censeatur
866 1173 1229 1232 condonari.
1284 1174 1481 1244 Quam
1513 1172 1753 1250 praxim
1783 1171 1848 1230 in

331 1264 724 1341 responsione
769 1265 850 1323 ad
896 1264 1162 1341 primum
1210 1264 1362 1324 dicit
1402 1265 1742 1343 procedere
1773 1283 1848 1323 ex

331 1375 418 1432 eo,
452 1356 619 1435 quod
652 1356 1021 1433 regulariter
1052 1376 1174 1416 non
1225 1360 1319 1416 est
1362 1357 1561 1435 magis
1607 1362 1846 1418 certum

329 1450 810 1525 incrementum,
863 1469 1052 1528 quam
1100 1450 1573 1510 decrementum
1615 1449 1847 1510 valoris

328 1543 614 1616 futurum,
640 1548 704 1602 et
724 1542 891 1621 quod
914 1543 1082 1602 nulla
1101 1543 1197 1601 vel
1219 1542 1468 1602 modica
1488 1543 1685 1603 soleat
1713 1560 1847 1602 esse

327 1635 545 1695 valoris
572 1636 874 1708 variatim
932 1635 1199 1713 ideoque
1248 1636 1688 1696 contrahentes
1729 1635 1849 1695 sibi

328 1728 582 1788 invicem
627 1727 970 1788 liberaliter
998 1729 1358 1788 condonare
1405 1729 1666 1788 soleant.
1700 1729 1847 1789 Mal-

327 1821 500 1881 derus
528 1825 711 1881 tract.
747 1823 822 1881 V.
869 1839 962 1880 ca.
999 1837 1094 1883 111.
1142 1821 1290 1880 duh.
1323 1837 1419 1880 xe.
1473 1821 1747 1881 conclus.
1782 1824 1840 1880 4.

325 1914 495 1985 dicit,
549 1912 598 1972 si
640 1912 928 1972 mutuavi
956 1913 1068 1972 tibi
1099 1918 1334 1974 certam
1369 1914 1507 1973 feris
1538 1914 1847 1991 quantita-

323 2010 461 2081 tem,
499 2009 567 2066 ut
593 2009 869 2066 statuam
900 2005 1045 2064 inde
1074 2005 1403 2081 conficias,
1450 2006 1847 2065 reddendum

325 2117 447 2159 esse
474 2117 596 2159 non
620 2099 900 2159 valorem
932 2098 1094 2172 aeriS,
1131 2098 1236 2177 qui
1268 2099 1387 2158 erit
1407 2103 1692 2176 tempore
1722 2117 1847 2158 res·

325 2192 615 2253 titutionis
646 2193 805 2252 forte
834 2191 1059 2266 minor,
1095 2191 1205 2251 sed
1227 2191 1471 2269 pondus
1491 2192 1680 2266 idem,
1716 2192 1846 2250 sive

321 2285 516 2345 minor
542 2285 735 2346 fuerit
765 2284 961 2357 valor,
995 2283 1124 2342 sive
1153 2283 1377 2363 major,
1414 2284 1561 2363 quia
1591 2284 1669 2343 ad
1699 2303 1849 2363 pon-

323 2376 430 2436 dus
453 2378 618 2436 dedi.

396 2472 522 2549 Ego
552 2469 1068 2548 distinguendum
1098 2473 1248 2548 puto
1274 2489 1286 2529 :
1314 2487 1458 2528 nam
1489 2469 1584 2529 vel
1615 2472 1848 2546 tempo-

321 2581 382 2621 re
409 2567 766 2623 contractus
787 2562 1163 2623 credebatur
1182 2563 1453 2639 pretium
1485 2562 1844 2639 augendum

320 2660 546 2733 postea,
581 2656 684 2715 vel
715 2655 1126 2715 minuendum
1150 2701 1165 2730 ,
1206 2655 1306 2715 vel
1343 2655 1461 2714 hoc
1490 2655 1696 2715 adhuc
1720 2672 1841 2714 non

318 2747 776 2825 praevidebatur
825 2766 1028 2826 neque
1077 2747 1155 2805 ad
1187 2747 1247 2806 id
1282 2747 1740 2807 attendebatur.
1775 2748 1842 2806 ln

317 2840 579 2900 secundo
609 2858 784 2915 casu,
809 2841 998 2901 credo
1027 2838 1434 2900 intentionem
1460 2839 1649 2898 fuisse
1679 2839 1843 2898 circa

317 2932 592 2993 eamdem
620 2951 984 2993 mensuram
1030 2932 1417 2993 reddendam
1447 2950 1589 2992 cum
1618 2931 1841 3010 aequali

316 3024 578 3086 bonitate
602 3073 619 3101 ,
676 3030 792 3086 etc.
828 3026 959 3085 sive
988 3026 1256 3104 pretium
1289 3029 1505 3103 postea
1534 3026 1844 3085 cresceret

315 3118 434 3177 sive
464 3117 879 3193 decresceret,
914 3118 1062 3197 quia
1085 3117 1203 3178 hoc
1234 3121 1327 3177 est
1346 3115 1524 3196 juxta
1554 3121 1841 3176 naturam

317 3215 372 3270 et
396 3211 817 3272 conditionem
847 3211 984 3289 puri
1006 3210 1226 3285 mutui,
1251 3214 1318 3270 ut
1337 3228 1523 3287 supra
1546 3209 1834 3285 diximuS,

316 3304 472 3382 quod
500 3304 896 3366 tantumdem
926 3303 1209 3382 ejusdem
1239 3302 1466 3380 speciei
1507 3307 1570 3363 et
1591 3303 1841 3362 bonita-

314 3398 384 3457 tis
412 3396 804 3457 reddendum
836 3397 942 3469 sit;
976 3414 1167 3475 quare
1197 3396 1303 3474 qui
1324 3399 1539 3456 mutuo
1564 3395 1711 3454 dare
1741 3393 1839 3453 vel

315 3490 584 3568 accipere
616 3492 773 3564 vult,
809 3489 971 3549 hanc
1001 3489 1407 3549 intentionem
1440 3487 1668 3548 habere
1699 3506 1839 3547 cen-

317 3587 494 3658 setur,
527 3582 683 3642 dum
713 3581 882 3641 aliud
913 3600 1035 3641 non
1069 3580 1338 3658 explicat
1370 3598 1383 3643 ε
1418 3584 1480 3640 et
1517 3580 1723 3658 praxis
1751 3581 1840 3641 ita

316 3674 616 3748 observat,
657 3692 794 3752 quae
817 3673 1060 3732 fundari
1083 3673 1331 3732 videtur
1359 3673 1418 3731 in
1441 3691 1625 3732 sensu
1656 3677 1716 3732 et
1745 3673 1838 3731 in-

315 3767 576 3828 tentione
603 3766 946 3828 communi.
1007 3767 1200 3824 Nemo
1231 3769 1439 3825 autem
1469 3764 1581 3824 nisi
1614 3765 1692 3824 ab
1723 3765 1839 3824 ini-

314 3860 390 3919 tio
403 3858 784 3920 contrarium
805 3858 1196 3937 expresserit,
1222 3857 1642 3935 conqueritur,
1670 3857 1836 3936 quod

316 3953 521 4012 eadem
552 3969 850 4012 mensura
893 3951 949 4010 ei
990 3949 1326 4021 reddatur,
1378 3949 1524 4010 licet
1570 3950 1836 4028 pretium

314 4044 672 4106 decreverit.
726 4046 858 4104 Hoc
899 4048 1107 4104 autem
1151 4043 1417 4120 supponi
1449 4043 1634 4103 etiam
1665 4043 1838 4102 vide-

313 4142 408 4199 tur
435 4140 494 4200 in
521 4140 563 4200 l.
616 4135 845 4213 Vinum,
879 4154 1030 4197 xx11.
1069 4139 1130 4197 ss'.
1166 4135 1235 4196 de
1261 4135 1427 4196 rebus
1443 4135 1696 4212 creditis,
1730 4137 1840 4196 ubi.

316 4232 564 4292 dicitur:
600 4255 632 4287 (ι
653 4232 902 4302 Vinum,
929 4229 1097 4309 quod
1118 4233 1408 4288 mutuum
1431 4228 1645 4288 datum
1676 4232 1832 4304 erat,

316 4343 418 4403 per
436 4325 718 4404 judicem
749 4323 1010 4403 petitum
1041 4326 1164 4394 est;
1201 4321 1533 4400 quaesitum
1565 4326 1677 4397 est,
1729 4340 1837 4381 cu·-

309 4417 403 4494 jus
429 4417 732 4498 temporis
761 4415 1086 4477 aestimatio
1127 4416 1307 4474 fieret
1365 4435 1377 4474 ε
1438 4420 1647 4475 utrum
1695 4433 1836 4474 cum

314 4511 515 4572 datum
528 4514 716 4586 esset,
742 4528 819 4569 an
845 4527 988 4569 cum
1007 4508 1178 4569 litem
1202 4507 1833 4584 contestatusfuissct,

315 4623 386 4664 an
413 4624 550 4665 cum
577 4623 683 4665 res
704 4602 1135 4682 judicaretur?
1165 4601 1432 4662 Sabinus
1462 4601 1787 4678 respondit
1819 4621 1832 4662 ε

316 4697 359 4757 si
399 4699 636 4758 dictum
684 4702 880 4771 esset,
942 4714 1065 4774 quo
1115 4699 1394 4773 tempore
1442 4694 1831 4769 redderetur,

317 4791 515 4868 quanti
548 4795 702 4851 tunc
738 4788 954 4848 fuisset
987 4809 999 4849 :
1033 4787 1083 4846 si
1115 4806 1237 4847 non
1270 4787 1483 4866 quanti
1514 4789 1663 4846 tunc
1692 4786 1835 4846 fuis-

316 4890 420 4960 set,
470 4902 614 4944 cum
662 4882 923 4960 petitum
967 4885 1149 4941 esset.
1182 4903 1208 4936 η
1273 4880 1390 4942 Ubi
1438 4880 1830 4957 supponitur,

317 4976 540 5037 secluso
570 4976 693 5037 alio
724 4979 928 5054 pact0,
960 4975 1175 5032 vinum
1207 4975 1266 5031 in
1300 4972 1519 5032 eadem
1543 4991 1838 5032 mensura

317 5069 697 5130 reddendum
728 5086 885 5142 esse,
919 5071 1107 5145 atque
1137 5066 1300 5141 ideo,
1333 5066 1384 5125 si
1413 5069 1694 5144 tempore
1725 5066 1832 5124 de·

321 5161 436 5222 bito
467 5181 586 5222 non
633 5161 936 5221 reddatur
959 5206 973 5235 ,
1034 5158 1470 5219 aestimandum
1520 5176 1654 5217 esse
1702 5157 1835 5236 ejus

319 5255 610 5330 valorem,
644 5273 769 5314 non
791 5254 974 5332 juxta
1003 5253 1279 5312 valorem
1309 5251 1607 5331 temporis
1635 5250 1833 5311 mutui

320 5346 459 5423 dati,
491 5349 599 5408 sed
630 5347 928 5425 temporis
960 5364 1082 5425 quo
1115 5345 1510 5405 reddendum
1539 5344 1776 5405 fuisset.

386 5441 637 5513 Quando
667 5460 816 5499 vero
844 5444 1127 5517 tempore
1149 5442 1505 5498 contractus
1534 5437 1836 5516 praevide-

322 5531 493 5596 batur
530 5536 664 5615 jam
706 5534 1159 5595 incrementum
1211 5533 1310 5593 vel
1367 5532 1838 5593 decrementum

3367 355 3483 414 213

1951 525 2133 603 pretii
2164 524 2462 601 futurum,
2498 525 2748 586 videtur
2767 526 3022 605 quidem
3051 545 3123 586 ex
3165 545 3288 587 uno
3318 527 3489 606 capi-

1949 621 2008 678 te
2039 617 2396 693 dicendum,
2431 618 2599 695 quod
2629 618 2893 680 intentio
2947 638 3071 679 nou
3122 620 3359 679 feratur
3407 620 3488 680 ad

1947 710 2235 769 eamdem
2266 728 2644 787 mensuram,
2680 712 2791 770 sed
2812 711 2894 771 ad
2915 712 3221 791 majorem
3247 714 3346 772 vel
3376 713 3489 772 mi-

1948 821 2165 862 norem
2195 821 2554 862 mensuram
2583 803 2644 862 in
2678 804 2901 864 eodem
2930 805 3182 876 valore3
3235 810 3491 884 propter

1947 896 2231 973 regulam
2247 896 2627 973 generalem,
2655 897 2819 975 quod
2841 897 2903 955 in
2917 896 3106 957 dubio
3121 896 3346 958 delicta
3365 917 3488 958 non

1945 994 2093 1048 sunt
2120 987 2579 1066 praesumenda.
2617 990 2768 1049 Cum
2802 1007 2950 1066 ergo
2982 1007 3107 1049 non
3136 990 3331 1068 possit
3361 990 3489 1049 lici-

1943 1086 2006 1141 te
2037 1080 2198 1158 exigi
2231 1080 2489 1159 aequalis
2517 1099 2811 1140 mensura
2834 1128 2849 1157 ‚
2904 1081 3155 1159 quando
3186 1101 3489 1159 augmen-

1945 1177 2079 1234 tum
2109 1173 2288 1251 pretii
2318 1178 2600 1250 tempore
2646 1174 2969 1233 solutionis
3018 1175 3297 1234 futurum
3327 1192 3487 1253 prae-

1943 1265 2212 1340 videtur,
2248 1284 2371 1325 non
2403 1265 2592 1325 debet
2621 1266 2915 1342 praesumi
2956 1266 3098 1327 talis
3129 1267 3388 1327 intentio
3421 1268 3485 1326 in

1945 1357 2352 1418 contrahente
2377 1403 2391 1432 ,
2471 1356 2580 1416 sed
2646 1358 2849 1435 potius
2914 1358 3183 1418 faciendi
3239 1365 3487 1419 contra-

1944 1455 2113 1510 ctum
2145 1448 2379 1509 licitum
2405 1495 2421 1525 ,
2472 1455 2662 1527 prout
2703 1450 2842 1509 fieri
2870 1454 3115 1528 potest,
3177 1451 3485 1529 exigendo

1942 1542 2250 1621 majorem
2278 1543 2376 1602 vel
2420 1542 2730 1603 minorem
2758 1561 3120 1603 mensuram
3167 1544 3230 1602 in
3262 1543 3485 1604 eodem

1944 1636 2179 1696 valore.

2021 1730 2326 1789 Caeterum
2356 1727 2563 1788 adhuc
2596 1729 2657 1788 in
2690 1728 2808 1788 boc
2838 1747 2984 1788 casu
3016 1729 3239 1788 iterum
3269 1726 3487 1788 distin-

1943 1821 2264 1900 guendum
2293 1821 2504 1880 cred0.
2560 1822 2626 1883 Si
2658 1822 2825 1880 enim
2854 1822 3191 1900 praevisum
3223 1821 3343 1881 fuit
3372 1821 3482 1880 de-

1942 1919 2329 1974 crementum
2365 1913 2614 1990 valoriS,
2639 1914 2726 1974 ita
2757 1918 2826 1973 ut
2848 1919 3050 1974 totum
3082 1913 3386 1972 damnum
3416 1932 3484 1973 se

1944 2006 2207 2067 haberet
2234 2024 2307 2067 ex
2339 2010 2514 2084 parte
2531 2007 2897 2081 mutuantiS,
2930 2006 3197 2066 volendo
3229 2005 3483 2066 solutiu-

1944 2118 2086 2158 nem
2130 2098 2189 2156 in
2225 2098 2445 2157 eadem
2489 2117 2784 2158 mensura
2808 2145 2822 2173 ,
2876 2097 3198 2176 probabile
3229 2097 3482 2158 videtur

1945 2191 2112 2269 quod
2142 2190 2479 2250 satisfaciat
2507 2190 2921 2251 mutuatarius
2937 2190 3246 2268 aequalem
3267 2189 3479 2266 tritici,

1943 2303 2002 2343 v.
2037 2302 2098 2361 g.
2134 2283 2545 2361 quantitatem
2576 2282 2858 2361 ejusdem
2890 2281 3185 2343 bonitatis
3214 2281 3483 2342 redden-

1945 2375 2045 2450 do,
2080 2376 2226 2436 licet
2254 2375 2524 2452 pretium
2554 2376 2926 2436 decreverit.
2983 2375 3141 2448 Quia
3170 2393 3312 2434 cum
3343 2375 3484 2454 puri

1942 2469 2144 2528 mutui
2191 2472 2546 2528 contractus
2578 2467 2697 2527 hoc
2727 2468 2932 2546 potius
2960 2468 3206 2527 lucrum
3236 2468 3478 2542 afferat,

1943 2579 2130 2639 quam
2180 2560 2602 2638 {equalitatem
2650 2560 2878 2620 valoris
2907 2607 2922 2637 ,
2984 2560 3137 2619 dum
3185 2562 3481 2619 mutuans

1940 2653 2110 2714 aliud
2141 2671 2261 2712 n0.1
2295 2653 2665 2729 explicavit,
2716 2652 2834 2713 hoc
2877 2653 3079 2712 solum
3113 2652 3358 2712 videtur
3386 2651 3482 2710 in-

1940 2746 2237 2821 tendisse,
2288 2750 2351 2805 et
2380 2745 2853 2806 decrementum
2884 2745 3041 2806 illud
3070 2745 3303 2805 valoris
3329 2762 3480 2804 con-

1941 2837 2206 2898 donasse
2236 2837 2615 2898 mutuatario
2668 2858 2681 2898 :
2737 2838 2903 2917 quod
2945 2856 3086 2897 cum
3119 2837 3354 2915 absque
3383 2836 3477 2895 in-

1931 2931 2175 3010 justitia
2206 2934 2315 2990 aut
2343 2935 2596 3007 peccato
2618 2931 2827 2991 facere
2859 2931 3154 3008 potuerit,
3191 2929 3345 2989 nihil
3381 2933 3475 2990 est

1940 3023 2107 3102 quod
2139 3041 2249 3083 nos
2279 3027 2462 3101 cogat
2491 3023 2570 3082 ad
2600 3023 2937 3084 dicendum
2986 3023 3155 3103 quod
3200 3040 3325 3082 non
3372 3039 3477 3081 vo-

1936 3116 2122 3176 luerit
2149 3119 2437 3175 mutuum
2465 3115 2689 3193 solum,
2723 3116 2831 3175 scd
2866 3116 3056 3175 alium
3085 3117 3473 3175 contractum

1937 3211 2166 3270 facere.
2220 3209 2284 3270 Si
2321 3226 2469 3268 vero
2514 3227 2546 3267 e
2594 3215 2814 3269 contra
2861 3208 3198 3287 praevisum
3254 3207 3473 3267 fuisset

1936 3303 2120 3382 pretii
2141 3302 2594 3361 incrementum
2619 3302 2896 3361 futurum
2917 3306 3199 3378 tempore
3216 3299 3472 3359 solutio-

1938 3396 2066 3465 nis;
2116 3394 2488 3472 regulariter
2527 3394 2714 3453 credo
2747 3412 2869 3454 non
2901 3412 3034 3453 esse
3065 3392 3470 3471 obligandum

1936 3487 2383 3549 mutuatarium
2414 3486 2493 3545 ad
2520 3487 2886 3547 solvendam
2908 3486 3194 3546 eamdem
3223 3504 3469 3544 mensu-

1935 3600 2093 3656 ram,
2117 3580 2228 3640 sed
2250 3578 2577 3655 minorem,
2604 3583 2905 3658 quantum
2918 3578 3187 3639 sufficiat
3199 3578 3278 3638 ad
3298 3595 3471 3637 com-

1934 3673 2326 3753 pensandum
2358 3671 2633 3732 valorem
2688 3671 3069 3750 praeteritum
3115 3670 3301 3733 tritici
3330 3687 3469 3730 mu-

1933 3773 2040 3829 tuo
2073 3765 2334 3844 accepti.
2372 3765 2552 3825 Ratio
2594 3784 2665 3823 ex
2699 3765 2881 3824 dictis
2929 3769 3060 3839 est,
3119 3769 3251 3824 tum
3294 3763 3461 3842 quia,

1935 3879 2078 3921 cum
2107 3864 2399 3919 mutuans
2448 3875 2572 3917 non
2616 3857 2889 3935 potuerit
2930 3856 3196 3935 praeviso
3247 3874 3319 3916 eo
3367 3854 3462 3914 in-

1935 3955 2274 4025 crementO,
2308 3949 2472 4010 licite
2505 3950 2750 4027 exigere
2774 3967 2929 4009 onus
2957 3948 3239 4010 solvendi
3267 3948 3329 4008 in
3361 3967 3466 4008 ea-

1935 4050 2078 4105 dem
2099 4062 2413 4115 mensura,
2441 4045 2502 4101 et
2530 4042 2758 4102 delicta
2788 4060 2911 4101 non
2929 4042 3055 4102 sint
3082 4060 3464 4121 praesumen-

1936 4139 2051 4213 da,
2109 4155 2232 4196 non
2282 4136 2471 4196 debet
2511 4120 3111 4215 ejusmodi‘intentio
3143 4134 3459 4214 praesumi,

1935 4231 2044 4291 sed
2075 4230 2281 4309 potius
2326 4229 2595 4289 faciendi
2643 4233 3029 4290 contractum
3056 4229 3291 4289 licitum
3321 4246 3464 4288 cum

1935 4324 2277 4384 intentione
2322 4322 2488 4382 cirea
2533 4321 2825 4381 eumdem
2863 4322 3173 4394 valorem,
3234 4326 3296 4382 et
3341 4338 3462 4380 nou

1935 4418 2101 4476 cirea
2130 4415 2419 4474 eamdem
2450 4433 2843 4486 mensuram;
2893 4419 3028 4475 tum
3059 4415 3283 4490 etiam,
3318 4413 3463 4493 quia

1935 4510 2078 4570 licet
2104 4513 2397 4568 mutuans
2427 4526 2501 4567 ea
2531 4506 2714 4566 :dem
2742 4526 3101 4567 mensuram
3130 4507 3338 4567 illicite
3369 4507 3464 4566 iu-

1934 4602 2255 4677 tendisset,
2288 4600 2702 4661 mutuatarius
2730 4619 2851 4661 nou
2884 4600 3267 4678 obligaretur
3288 4646 3304 4675 ‚
3354 4600 3463 4659 sed

1935 4694 2199 4754 haberet
2229 4692 2333 4772 jus
2377 4692 2714 4752 reducendi
2757 4693 2837 4752 ad
2868 4694 3287 4772 aequalitatem
3317 4710 3466 4752 con-

1935 4792 2203 4849 tractum
2233 4787 2535 4863 injustum
2566 4805 2777 4846 seeum
2825 4786 3079 4862 initum,
3125 4785 3462 4863 rejiciendo

1934 4899 1971 4940 a
2000 4899 2065 4939 se
2095 4897 2251 4939 onus
2280 4878 2428 4938 illud
2463 4879 2628 4957 quod
2649 4877 2817 4958 juste
2849 4897 2969 4937 non
3001 4879 3204 4957 potuit
3231 4877 3286 4937 ei
3315 4889 3460 4955 pro-

1934 4978 2073 5052 pter
2100 4976 2387 5032 mutuum
2416 4971 2675 5049 imponi.

2014 5068 2141 5126 Nec
2169 5083 2498 5144 possumus
2539 5064 2953 5125 communiter
2981 5081 3357 5140 praesumere
3390 5082 3463 5122 ex

1933 5165 2108 5236 parte
2137 5157 2495 5218 mutuatarii
2526 5157 2932 5218 intentionem
2964 5155 3360 5215 condonandi
3387 5156 3466 5215 li·-

1932 5251 2229 5311 beraliter
2255 5250 2564 5310 mutuanti
2595 5249 2713 5308 hoc
2755 5250 3207 5308 incrementum
3237 5248 3465 5308 valoris

1932 5345 2209 5403 futurum
2237 5390 2251 5419 ,
2303 5342 2463 5404 sicut
2517 5360 2847 5421 possumus
2880 5342 3048 5401 illam
3077 5342 3465 5402 voluntatem

1933 5437 1997 5496 in
2027 5440 2353 5496 mutuante
2396 5453 2773 5515 praesumere
2816 5434 2877 5493 in
2924 5433 3110 5512 priori
3141 5452 3319 5505 casu;
3375 5441 3468 5496 est

1936 5530 2100 5591 enim
2129 5549 2361 5608 magna
2389 5529 2737 5589 differentia
2765 5528 2927 5588 inter
2955 5532 3288 5608 utrumque
3317 5547 3468 5589 con-

3537 549 3656 602 num,
3686 550 3722 593 -i
3747 552 3832 605 jam

3538 603 3835 659 praevidebatur
