4263 6376
797 327 913 387 794

798 504 946 565 Post
973 503 1107 564 illas
1139 504 1307 564 enim
1334 503 1504 583 leges
1532 503 1736 584 pretia
1763 521 1976 565 rerum
2008 503 2193 564 nimis
2224 521 2330 563 au-

797 600 900 657 cta
926 600 1091 674 sunt,
1126 615 1320 677 quare
1342 615 1467 659 non
1498 600 1592 658 est
1606 615 1858 677 aequum
1873 615 2128 658 manere
2161 596 2329 657 idem

797 689 1067 771 pretium
1125 689 1456 768 patrocinii
1503 690 1759 751 variatis
1802 690 2016 770 pretiis
2064 690 2330 750 aliarum

796 800 1029 844 rerum.
1076 783 1193 846 Ubi
1223 802 1373 862 ergo
1405 783 1677 863 pretium
1703 784 1859 863 legis
1884 784 2176 844 humanae
2202 800 2329 843 non

796 874 1134 953 invenitur,
1167 877 1459 938 standum
1490 879 1584 938 est
1611 877 1811 957 pretio
1835 876 2124 953 naturali,
2161 877 2329 937 circa

799 968 965 1047 quod
997 969 1451 1031 advertendum
1502 973 1598 1032 est
1632 970 1798 1048 apud
1832 974 2074 1032 veteres
2104 972 2328 1031 Roma-

797 1077 911 1122 nos
938 1079 1168 1141 magno
1198 1063 1405 1141 rigore
1451 1062 1796 1141 prohibitos
1837 1063 2197 1138 advocatos,
2248 1079 2327 1124 ne

798 1171 1056 1233 operam
1085 1173 1265 1217 suam
1312 1155 1429 1217 nisi
1474 1156 1797 1217 moderato
1847 1156 2046 1235 pretio
2092 1156 2329 1218 vende-

799 1251 960 1310 rent.
1015 1249 1111 1309 Ad
1141 1249 1311 1328 quod
1340 1250 1538 1309 multa
1568 1249 1834 1325 erudite,
1868 1252 1938 1309 ut
1965 1250 2143 1326 solet,
2178 1266 2328 1311 con-

797 1340 962 1418 gerit
1005 1343 1077 1403 D.
1111 1342 1344 1421 Joseph
1376 1342 1681 1403 Antonius
1725 1343 1802 1403 de
1833 1341 2010 1403 Salas
2056 1342 2117 1402 in
2152 1341 2329 1404 Com-

795 1434 1094 1495 mentumis
1120 1435 1388 1496 Petronii
1410 1434 1645 1495 Arbitri
1676 1454 1820 1516 pag.
1853 1440 1912 1496 7.
1945 1434 2055 1500 lin.
2089 1439 2188 1497 21.
2237 1438 2327 1499 De

791 1527 935 1608 jure
987 1532 1197 1590 autem
1251 1529 1571 1590 communi
1625 1532 1870 1590 constat
1937 1529 2326 1609 prohibitum

799 1638 935 1681 esse
962 1621 1284 1683 advocatis
1314 1640 1390 1681 ne
1419 1622 1795 1683 conveniant
1821 1640 1963 1682 cum
1993 1621 2218 1682 cliente
2251 1622 2328 1683 de

798 1713 998 1793 pretio
1046 1718 1187 1792 post
1222 1714 1581 1776 inchoatam
1625 1715 1820 1791 litem,
1881 1714 1990 1775 sed
2037 1715 2138 1775 vel
2183 1718 2327 1776 ante

797 1807 1135 1887 inceptam,
1186 1808 1286 1868 vel
1331 1812 1473 1886 post
1499 1807 1763 1884 finitam,
1814 1811 1884 1869 ut
1911 1807 2227 1885 colligitur
2255 1826 2330 1867 ex

798 1918 935 1980 cap.
971 1900 1252 1980 Infantes,
1286 1917 1380 1963 111.
1406 1919 1466 1981 q.
1502 1906 1562 1961 7.
1597 1900 1776 1962 Ratio
1798 1905 2008 1962 autem
2031 1905 2145 1978 est,
2183 1901 2329 1981 quia

795 1997 1130 2074 postquam
1180 1994 1371 2055 cliens
1417 1994 1688 2056 ostendit
1735 1994 2040 2055 advocato
2092 2012 2204 2054 sua
2234 1993 2330 2054 in-

797 2091 1164 2163 strumenta,
1199 2090 1261 2148 et
1288 2088 1588 2149 revelavit
1616 2107 1728 2149 sua
1758 2091 2020 2163 secreta,
2069 2092 2332 2167 cogetur

797 2182 964 2240 stare
990 2180 1188 2259 pretio
1219 2180 1390 2260 quod
1420 2180 1760 2242 advocatus
1787 2181 2077 2256 voluerit,
2139 2199 2217 2241 ne
2248 2180 2327 2241 ab

795 2273 931 2351 ipso
961 2272 1283 2350 prodatur.
1340 2273 1639 2335 Similiter
1667 2273 2038 2351 prohibetur
2081 2274 2160 2334 de
2184 2275 2329 2353 jure

796 2365 1111 2426 communi
1141 2365 1475 2426 convenire
1525 2365 1603 2426 de
1651 2369 1820 2427 certa
1857 2371 2071 2446 quota,
2135 2370 2203 2428 ut
2234 2366 2331 2426 di-

795 2458 1014 2534 midia,
1067 2458 1253 2519 tertia
1282 2459 1380 2519 vel
1407 2462 1631 2537 quarta
1673 2463 1848 2536 parte
1875 2458 1999 2519 litis
2042 2478 2154 2538 pro
2187 2478 2331 2538 pre-

794 2551 903 2625 tio,
953 2550 995 2612 l.
1032 2551 1335 2632 Sumptus,
1370 2553 1433 2613 ff.
1469 2550 1770 2632 depactis,
1819 2552 1862 2613 l.
1898 2551 2105 2627 Litem,
2161 2554 2227 2615 G.
2261 2552 2331 2613 de

785 2651 1101 2726 procurat.
1136 2661 1273 2722 cap.
1308 2644 1622 2720 Arc-entur,
1658 2660 1752 2705 111.
1788 2663 1849 2723 q.
1884 2650 1941 2704 7.
2005 2644 2186 2706 Ratio
2218 2663 2331 2705 au-

793 2740 922 2798 tem
952 2742 1063 2814 est,
1117 2755 1195 2797 ne
1226 2736 1581 2815 praebeatur
1623 2736 1741 2797 illis
1787 2736 2031 2798 occasio
2080 2756 2192 2816 per
2237 2738 2329 2798 fas

795 2830 893 2890 vel
923 2830 1098 2891 nefas
1126 2830 1506 2909 procurandi
1534 2829 1885 2891 victoriam.
1921 2832 2069 2891 Haeo
2089 2837 2323 2908 tamen,

795 2923 1129 2984 sialiunde
1159 2922 1427 3001 pretium
1450 2922 1691 3001 justum
1722 2940 1845 2998 non
1877 2924 2215 3002 excedant,
2269 2930 2331 2987 et

794 3015 975 3076 dolus
1016 3016 1116 3076 vel
1170 3015 1339 3075 fraus
1395 3019 1615 3092 cesset,
1676 3035 1802 3077 non
1850 3016 2221 3095 obligabunt
2248 3018 2328 3079 ad

793 3109 1269 3170 restitutionem.
1304 3108 1608 3171 Videatur
1629 3108 1860 3171 Sanoh.
1896 3109 1936 3170 l.
1965 3111 2065 3171 v1.
2100 3109 2322 3172 Consil.

793 3221 931 3282 cap.
969 3220 1079 3264 vn.
1120 3202 1267 3266 dub.
1303 3206 1360 3263 9.
1397 3205 1459 3263 et
1485 3202 1592 3264 lib.
1627 3204 1727 3264 Ill.
1763 3222 1901 3283 cap.
1930 3204 2136 3282 unico,
2171 3204 2321 3267 dub.

791 3312 937 3358 xm.

872 3390 1029 3451 Hinc
1059 3389 1323 3452 infertur
1363 3407 1546 3470 posse
1596 3387 1940 3452 advocatos
1984 3391 2150 3452 ultra
2188 3410 2326 3470 pre-

655 3520 691 3564 ,3
791 3485 949 3545 tium
970 3484 1252 3562 accipere
1273 3502 1307 3543 a
1323 3483 1545 3545 cliente
1562 3486 1704 3560 post
1720 3482 2048 3545 victoriam
2072 3483 2327 3563 aliquod

677 3588 728 3618 *⁶
795 3578 1032 3638 donum
1059 3577 1254 3655 gratis
1276 3577 1521 3649 datum;
1556 3576 1620 3635 in
1650 3576 1898 3655 signum
1920 3577 2326 3655 gratitudinis

635 3695 663 3724 u
681 3695 715 3725 ιι
791 3671 893 3732 vel
923 3671 1176 3747 laetitiae,
1238 3671 1317 3731 ad
1366 3669 1543 3750 cujus
1589 3670 1987 3731 collationem
2034 3670 2151 3749 ipsi
2204 3688 2327 3731 non

793 3768 1028 3844 cogunt
1074 3764 1360 3842 explicite
1409 3762 1508 3824 vel
1544 3762 1844 3843 implicite
1892 3762 2068 3824 vultu
2117 3766 2322 3840 torv0,

791 3858 892 3918 vel
920 3861 1093 3921 metu
1122 3857 1369 3917 incusso
1418 3874 1541 3917 non
1588 3853 2028 3935 patrocinandi
2058 3855 2328 3934 diligen-

790 3954 886 4013 ter
914 3951 977 4011 iu
1008 3951 1130 4011 alia
1156 3950 1287 4011 lite.
1341 3952 1613 4011 Possunt
1638 3949 1827 4009 etiam
1857 3966 2078 4009 eorum
2109 3947 2327 4009 famuli

790 4043 1133 4106 scribentes
1163 4042 1397 4123 aliquid
1426 4042 1711 4119 accipere
1733 4041 1929 4119 gratis
1960 4058 1996 4100 a
2015 4041 2323 4120 litigante,

791 4155 916 4198 non
945 4141 1154 4198 tamen
1184 4135 1420 4215 aliquid
1450 4138 1785 4209 extortum,
1837 4133 1887 4193 si
1938 4133 2092 4194 alias
2143 4153 2182 4196 a
2213 4150 2325 4194 suo

790 4230 1044 4292 domiuo
1077 4228 1312 4290 habent
1339 4228 1652 4290 sufficiens
1682 4226 2061 4305 stipendium
2088 4247 2103 4299 ;
2157 4227 2327 4306 quod

789 4324 840 4385 si
871 4322 1022 4384 illud
1052 4341 1177 4384 non
1207 4322 1462 4397 habent,
1519 4323 1816 4399 poterunt
1863 4319 2101 4401 aliquid
2131 4338 2170 4380 a
2200 4318 2327 4380 liti-

788 4415 1082 4499 gantibus
1112 4414 1394 4492 accipere
1425 4415 1483 4475 in
1510 4418 1753 4492 partem
1782 4412 2096 4492 stipendii,
2143 4412 2229 4474 ita
2258 4416 2328 4474 ut

790 4510 910 4589 ipsi
937 4509 1136 4571 sciant
1159 4526 1227 4569 se
1256 4508 1408 4570 illud
1438 4507 1644 4567 minus
1674 4507 1903 4568 debere
1947 4506 2097 4566 dare
2129 4506 2327 4566 advo-

791 4607 929 4665 cato
988 4621 1178 4683 quam
1225 4600 1563 4676 dedissent,
1624 4599 1673 4659 si
1721 4599 2036 4660 sufficiens
2093 4598 2329 4679 stipen-

794 4697 967 4757 dium
999 4696 1275 4757 dedisset
1322 4695 1551 4756 tamulo
1601 4711 1712 4772 pro
1759 4692 1976 4754 labore
2023 4692 2127 4753 illo
2173 4691 2328 4753 scri·

791 4789 1006 4852 hendL

871 4884 970 4944 An
1027 4900 1175 4944 vero
1233 4881 1576 4942 advocatus
1631 4878 1970 4958 aliquando
2035 4880 2333 4939 teneatur

796 4977 993 5056 gratis
1033 4973 1410 5055 patrocinari
1463 4972 1866 5053 pauperibuS,
1927 4971 2201 5052 pertinet
2248 4970 2329 5030 ad

793 5068 1123 5132 materiam
1151 5068 1229 5127 de
1259 5066 1567 5144 eleemosy
1580 5084 1659 5126 na
1684 5086 1698 5138 ;
1734 5067 1828 5125 est
1848 5063 2015 5124 enim
2044 5063 2329 5125 doctrina

807 5163 1049 5237 eadem,
1103 5179 1243 5240 quae
1270 5159 1335 5219 in
1383 5159 1516 5220 aliis
1545 5156 2032 5236 obligationibus
2078 5173 2329 5217 succur-

808 5255 987 5317 rendi
1017 5254 1300 5335 proximo
1327 5252 1387 5312 in
1410 5253 1544 5331 ejus
1560 5251 1735 5331 gravi
1761 5252 2152 5325 necessitate,
2189 5268 2330 5329 quae

811 5348 1013 5428 magis
1041 5347 1140 5408 vel
1167 5346 1373 5407 minus
1401 5345 1681 5424 ohligant
1699 5345 1880 5423 juxta
1897 5342 2205 5423 majorem
2232 5341 2332 5403 vel

1961 325 2064 386 DE
2105 327 2459 389 JUSTITIA
2503 327 2604 388 ET
2644 328 2845 391 JURE

2429 503 2578 566 dub.
2615 520 2658 567 1.
2692 505 2831 566 Alia
2856 504 3117 583 leviora,
3153 524 3300 588 quae
3321 509 3409 570 ad
3429 508 3819 571 advocatum
3838 528 3966 589 per-

2427 596 2646 675 tinent,
2693 597 2887 659 videri
2915 606 3177 677 possunt
3207 600 3379 680 apud
3410 602 3784 681 Fagundez,
3814 621 3961 682 prae·

2428 693 2607 768 cepto
2638 692 2794 753 VIII.
2833 709 2970 770 cap.
3005 709 3275 757 xxxvm.

2901 1139 3320 1227 SEGTlo
3389 1145 3482 1228 ΙΙ.

2689 1444 2778 1506 De
2804 1446 3252 1528 obltyationibus
3281 1448 3705 1511 Notariorum.

2506 1712 2715 1774 Primo
2746 1712 3069 1774 dubitatur
3108 1712 3189 1774 de
3232 1714 3518 1792 notariis,
3575 1734 3662 1777 an
3709 1723 3961 1796 peccent
4072 1729 4117 1784 {l

2429 1808 2648 1867 contra
2676 1805 2958 1868 debitum
2987 1806 3082 1867 sui
3112 1809 3395 1869 muneris
3443 1808 3764 1870 tradendo
3790 1811 3963 1889 parfi—
4016 1856 4062 1896 h

2427 1900 2566 1975 buS,
2599 1899 2698 1959 vel
2728 1917 2947 1960 earum
2965 1900 3505 1979 sollicitatoribus,
3546 1907 3663 1964 aut
3680 1921 3960 1983 procura·
4064 1870 4167 1970 ς’

2427 1992 2668 2054 toribus
2713 2010 3040 2071 processus
3085 1994 3466 2072 originales,
3514 1996 3621 2055 vel
3671 1996 3960 2057 haben&
4006 1967 4173 2059 ἐξ

2426 2085 2770 2165 scripturas
2790 2086 3172 2165 originales?
3200 2088 3644 2167 supponimus
3664 2091 3961 2151 notarium

2428 2198 2538 2240 seu
2591 2179 2996 2241 tabellionem
3050 2181 3255 2242 teneri
3300 2183 3478 2260 juste
3500 2228 3517 2258 ,
3580 2182 3961 2263 fideliterque

2430 2291 2719 2334 exercere
2746 2291 2930 2334 suum
2960 2273 3237 2335 officium
3259 2292 3389 2335 non
3410 2276 3627 2337 solum
3658 2294 3735 2335 ex
3760 2275 3957 2337 debito

2427 2367 2726 2442 muneriS,
2759 2366 2870 2427 sed
2892 2366 3082 2428 etiam
3102 2385 3178 2427 ex
3195 2368 3595 2446 juramento,
3631 2387 3757 2448 quo
3776 2359 3959 2429 niulta

2429 2459 2489 2519 in
2521 2459 2776 2538 speciali
2804 2459 3132 2538 promittit,
3187 2461 3266 2520 de
3297 2461 3534 2540 quibus
3565 2464 3883 2522 Navarrus
3907 2480 3956 2522 c.

2427 2569 2570 2614 xxv.
2605 2571 2667 2614 n.
2701 2556 2801 2614 52.
2837 2556 2900 2613 et
2925 2553 3124 2616 Tolet.
3177 2553 3286 2614 lib.
3327 2556 3400 2614 V.
3439 2553 3717 2616 Summoe
3760 2574 3813 2616 c.
3844 2571 3954 2616 xm.

2428 2646 2725 2706 nimirum
2754 2644 2922 2725 quod
2951 2644 3241 2707 conficiet
3267 2646 3703 2708 instrumenta
3731 2648 3808 2708 de
3838 2648 3959 2727 qui·

2427 2739 2542 2799 bus
2568 2738 2757 2800 fuerit
2783 2741 3063 2817 rogatuS,
3117 2757 3266 2799 vere
3297 2742 3361 2800 et
3387 2739 3674 2801 fideliter
3731 2760 3746 2801 :
3800 2739 3958 2820 quod

2429 2830 2702 2893 servabit
2755 2835 3067 2892 secretum
3119 2831 3241 2892 sibi
3282 2833 3745 2907 commissum;
3802 2833 3957 2913 quod

2428 2942 2552 2984 non
2582 2923 2872 2985 conficiet
2898 2923 3166 2985 scienter
3211 2925 3716 2988 instrumentum
3762 2943 3963 2986 usura-

2428 3017 2625 3089 rium;
2672 3017 2841 3096 quod
2871 3016 3163 3078 retinebit
3191 3018 3362 3096 apud
3390 3037 3461 3080 se
3492 3019 3809 3097 originale
3836 3036 3958 3079 om·

2428 3109 2601 3170 nium
2616 3110 3201 3182 instrumentorum;
3227 3111 3398 3191 quod
3416 3112 3599 3172 nullo
3619 3113 3787 3187 odio,
3806 3128 3960 3172 amo·

2428 3222 2517 3278 re,
2541 3221 2673 3282 spe,
2707 3203 2805 3263 vel
2833 3202 3078 3279 timore,
3111 3203 3318 3264 officio
3349 3223 3467 3266 suo
3498 3206 3823 3282 abutetur,
3848 3210 3957 3265 etc.

2427 3298 2560 3358 Hoc
2580 3295 2927 3374 suppositO,
2955 3295 3031 3355 ad
3060 3314 3276 3356 casum
3295 3300 3711 3376 suppositum
3728 3316 3963 3377 respon·

2428 3389 2632 3461 detur,
2666 3406 2929 3468 peccare
2960 3389 3216 3468 quidem
3245 3390 3533 3468 graviter
3560 3394 3629 3452 et
3660 3409 3803 3451 cnm
3823 3390 3960 3451 obli·

2426 3482 2681 3561 gatione
2710 3481 3105 3558 restituendi,
3165 3483 3418 3561 quando
3477 3488 3578 3544 est
3620 3484 3958 3563 periculum

2426 3574 2682 3655 aliquod
2722 3573 2890 3654 quod
2944 3574 3041 3634 vel
3096 3575 3422 3636 amittetur
3478 3577 3959 3638 instrumentum

2425 3668 2580 3729 illud
2606 3667 2928 3747 originale,
2981 3668 3080 3728 vel
3108 3668 3571 3746 falsificabitur,
3622 3676 3735 3731 aut
3763 3670 3961 3748 aliqua

2428 3780 2501 3822 ex
2552 3764 2730 3839 parte
2784 3759 3152 3823 mutabitur.
3214 3762 3485 3833 Quando
3532 3781 3693 3824 vero
3737 3763 3961 3823 nullum

2428 3858 2592 3915 esset
2618 3854 2742 3915 tale
2766 3855 3136 3935 periculum,
3169 3873 3295 3915 non
3325 3854 3635 3917 videntur
3663 3857 3961 3917 damnan-

2429 3948 2491 4009 di
2521 3948 2761 4027 peccati
2808 3948 3114 4025 mortaliS,
3167 3948 3314 4028 quia
3354 3949 3799 4027 juramentum
3829 3948 3962 4009 reti·

2427 4041 2617 4101 nendi
2647 4040 2986 4118 scripturas
3031 4041 3369 4119 originales
3401 4057 3528 4102 non
3558 4042 3821 4103 videtur
3842 4042 3962 4100 vio-

2425 4134 2563 4211 lari,
2600 4133 2849 4213 quaudo
2881 4134 3187 4212 scriptura
3216 4137 3311 4194 est
3338 4152 3457 4213 per
3484 4134 3748 4214 aliquod
3780 4137 3959 4195 breve

2424 4229 2673 4304 tempus
2703 4226 2869 4305 apud
2898 4227 3087 4287 talem
3108 4243 3471 4305 personam,
3508 4230 3577 4288 ut
3595 4228 3866 4307 perinde
3890 4226 3963 4287 sit

2428 4338 2503 4381 ac
2532 4320 2585 4379 si
2611 4319 2991 4381 retineretur
3016 4320 3187 4398 apud
3211 4319 3418 4398 ipsum
3448 4321 3799 4381 notarium.

2506 4412 2843 4473 Dubitatur
2891 4411 3194 4489 secundo,
3255 4412 3404 4492 quid
3449 4415 3862 4475 sentiendum
3892 4414 3961 4473 sit

2428 4506 2505 4567 de
2536 4505 2814 4581 notariis,
2862 4507 2967 4585 qui
3010 4505 3089 4568 ob
3118 4507 3421 4586 temporis
3466 4509 3805 4586 angustias
3829 4508 3963 4568 reti-

2427 4604 2577 4661 nent
2607 4600 2776 4679 apud
2823 4618 2889 4659 se
2926 4600 3265 4678 registrum
3315 4599 3646 4679 quoddam
3699 4617 3962 4662 summa-

2428 4693 2591 4754 rium
2620 4696 2683 4753 et
2706 4692 2920 4769 breve,
2974 4693 3142 4772 quod
3173 4692 3495 4771 appellant
3520 4695 3956 4772 protocollum,

2427 4786 2533 4847 ubi
2564 4786 2837 4847 breviter
2866 4785 3222 4846 continetur
3240 4786 3332 4846 rei
3360 4786 3750 4863 substantia,
3784 4802 3962 4866 quam

2428 4884 2644 4959 postea
2676 4897 2821 4939 oum
2848 4879 3214 4940 vacaverint
3240 4879 3583 4940 extendant
3645 4897 3663 4943 :
3722 4878 3962 4940 interim

2426 4991 2576 5035 vero
2608 4972 2762 5033 dant
2782 4972 3065 5050 partibus
3089 4971 3475 5050 exemplaria
3496 4976 3786 5033 extensa.
3818 4974 3964 5032 Con·

2427 5065 2612 5144 tingit
2657 5069 2892 5140 autem,
2954 5065 3091 5126 haec
3146 5066 3497 5144 protocolla
3545 5084 3673 5125 non
3718 5071 3963 5126 extensa

2428 5177 2684 5219 manere
2713 5177 2825 5237 per
2851 5176 3100 5219 menses
3130 5162 3193 5219 et
3213 5176 3414 5219 annos
3436 5158 3605 5237 apud
3630 5160 3959 5219 notarium.

2429 5252 2682 5314 Toletus
2714 5251 2822 5312 ubi
2852 5269 3062 5330 supra,
3113 5251 3289 5328 dicit,
3324 5251 3444 5313 hoc
3473 5270 3609 5311 esse
3641 5258 3963 5331 peccatum

2431 5344 2697 5406 mortale
2726 5347 2982 5423 propter
3029 5343 3388 5422 periculum
3442 5344 3711 5420 morale,
3772 5346 3965 5422 potest

806 5443 1115 5503 minorem
1169 5438 1437 5521 proximi
1495 5438 1952 5500 necessitatem.
2028 5435 2334 5498 Videatur
2436 5438 2601 5498 enim
2657 5437 3020 5516 contingere
3084 5437 3256 5517 quod
3312 5438 3620 5500 moriatur
3670 5437 3959 5509 notarius,

806 5534 1029 5596 Thom.
1085 5533 1365 5597 Sanchez
1418 5532 1527 5595 lib.
1583 5533 1685 5594 vl.
1743 5529 1961 5595 Consil.
2022 5548 2161 5612 cap.
2216 5545 2326 5595 vn.

2435 5531 2557 5593 illis
2586 5548 2709 5592 non
2741 5531 3031 5608 extensiS,
3067 5534 3130 5592 et
3157 5547 3276 5611 per
3296 5549 3693 5614 consequens
3722 5549 3847 5591 non
3870 5528 3964 5588 de·

4072 4424 4115 4478 ιε

3998 4666 4173 4750 τι.
