4263 6376
887 261 1002 321 174
2042 259 2148 319 ΒΕ
2190 256 2544 320 JUSTITIA
2588 256 2687 317 ET
2727 258 2926 320 JURE

886 437 988 498 nio
1016 456 1158 499 cum
1187 437 1479 499 facultate
1495 436 1933 513 transferendi,
1965 436 2226 515 singulis
2243 435 2422 496 annis

884 531 1092 591 minus
1118 531 1317 606 valet,
1354 531 1499 610 quia
1531 531 1736 591 minus
1768 530 2049 591 utilitatis
2098 550 2173 589 ex
2221 548 2293 589 eo
2324 548 2421 588 re·

884 627 1028 684 stat.
1062 625 1192 684 Imo
1223 622 1389 683 idem
1412 623 1748 683 dicendum
1773 627 1935 683 esset
1955 623 2016 681 10
2048 623 2246 701 gloria
2276 622 2421 682 bea·

883 722 1112 793 torum,
1148 721 1209 777 ct
1237 735 1424 796 poena
1452 717 1698 792 inferni,
1731 717 1781 776 si
1811 735 1934 776 non
1965 719 2174 776 essent
2198 734 2423 794 perpe-

883 813 1029 885 tuae,
1064 810 1174 870 sed
1217 829 1412 888 usque
1443 809 1523 869 ad
1554 809 1721 869 diem
1744 808 1960 889 judicii
1987 856 2002 886 ,
2038 810 2187 888 quia
2215 807 2420 867 minus

884 903 1122 964 valeret
1170 902 1428 981 aequalis
1481 901 1634 962 visio
1681 902 1827 963 data
1877 920 1990 982 pro
2020 901 2421 981 paucioribus

883 995 1062 1057 annis
1118 995 1515 1056 restantibus.
1585 996 1759 1055 Bona
1797 1001 2008 1056 autem
2065 996 2186 1055 alia
2233 995 2420 1055 etiam

882 1087 1226 1149 immobilia
1258 1087 1442 1167 hujus
1469 1088 1611 1149 vitae
1633 1134 1648 1164 ,
1693 1088 1838 1148 licet
1866 1107 2081 1148 eorum
2114 1107 2264 1148 usus
2294 1106 2418 1148 non

885 1182 983 1258 sit,
1020 1181 1133 1242 nisi
1189 1199 1386 1260 usque
1417 1181 1496 1240 ad
1527 1181 1693 1240 diem
1717 1181 1978 1259 judicii,
2038 1181 2246 1242 adbuc
2294 1200 2418 1241 non

883 1275 1120 1336 habent
1149 1275 1310 1335 hanc
1342 1273 1828 1353 inaequalitatem
1858 1275 2106 1350 valoriS,
2143 1274 2290 1353 quia
2318 1293 2418 1336 eo-

883 1386 1205 1443 10010505,
1225 1368 1371 1429 11001
1398 1371 1737 1447 perpetuus
1767 1369 2135 1446 appelletur,
2172 1386 2419 1445 semper

883 1465 1093 1521 tamen
1125 1460 1319 1522 habet
1344 1461 1673 1541 periodum
1703 1461 1944 1523 finitam
1969 1507 1984 1537 ,
2020 1466 2081 1522 et
2108 1461 2418 1521 vicissitu-

879 1554 1021 1614 dine
1050 1573 1283 1631 rerum‚
1337 1573 1410 1614 ac
1440 1554 1629 1614 variis
1661 1555 1928 1615 fortunae
1968 1554 2219 1614 casibus
2260 1572 2417 1613 sem·

882 1666 995 1727 per
1038 1647 1384 1709 mutatione
1440 1651 1716 1708 statuum
1741 1693 1756 1723 ,
1808 1653 1868 1708 et
1914 1647 2036 1707 alia
2089 1646 2414 1707 occasione

882 1759 1100 1801 eorum
1130 1759 1277 1800 usus
1304 1739 1556 1813 finitur;
1601 1758 1794 1819 quare
1826 1758 2226 1819 quocumque
2257 1743 2417 1800 tem-

881 1852 1031 1913 pore
1063 1832 1321 1911 incipiat
1350 1851 1495 1892 usus
1543 1833 1710 1911 apud
1760 1833 2033 1912 aliquem
2057 1879 2072 1907 ‚
2126 1835 2416 1893 censetur

880 1926 1154 1986 humano
1184 1924 1370 1985 modo
1405 1924 1674 2002 incipere
1712 1944 1856 1986 cum
1893 1925 2191 1986 facultate
2224 1925 2303 1984 ad
2335 1942 2419 1984 ae-

879 2018 1131 2097 qualem
1157 2016 1481 2097 periodum
1512 2017 1878 2080 durationis,
1914 2018 1979 2080 Si
2007 2023 2219 2080 tamen
2251 2020 2420 2078 certo

882 2115 1195 2172 constaret
1239 2114 1380 2190 post
1418 2113 1515 2171 30.
1568 2111 1664 2171 vel
1711 2114 1845 2173 100.
1895 2129 2092 2172 00005
2134 2111 2413 2171 futurum

883 2223 1018 2266 esse
1045 2205 1236 2265 finem
1264 2202 1479 2263 mundi
1502 2249 1517 2278 ,
1554 2203 1652 2264 vel
1681 2204 2072 2283 provinciam
2103 2203 2183 2264 ab
2216 2202 2410 2264 hosti·

881 2299 999 2359 bus
1046 2297 1476 2376 occupandam
1500 2342 1516 2372 ,
1567 2296 1827 2374 singulis
1870 2297 2047 2358 annis
2083 2298 2291 2357 minor
2318 2315 2417 2357 es·-

884 2396 978 2453 set
1002 2390 1382 2471 praediorum
1408 2435 1423 2466 ,
1458 2389 1552 2449 vel
1585 2389 1887 2450 domuum
1917 2390 2121 2467 valor,
2159 2390 2306 2470 quia
2336 2388 2414 2448 ad

882 2486 1132 2547 brevius
1175 2488 1424 2562 tempus
1472 2482 1729 2544 daretur
1769 2483 2032 2544 facultas
2079 2484 2268 2544 rebus
2297 2483 2416 2544 illis

883 2577 1151 2640 fruendi.

960 2672 1117 2732 Hinc
1139 2668 1272 2752 jam
1303 2668 1380 2729 ad
1413 2673 1692 2729 nostrum
1712 2668 2121 2748 propositum,
2147 2673 2409 2747 constat,

881 2764 1212 2845 pecuniam
1244 2762 1550 2842 aequalem
1595 2761 1904 2823 redditam
1952 2781 1987 2822 a
2033 2763 2413 2824 mutuatario

882 2876 1044 2918 anno
1066 2855 1351 2935 sequenti
1399 2873 1540 2914 cum
1571 2855 1865 2916 facultate
1901 2855 2008 2915 illa
2037 2856 2254 2918 utendi
2284 2860 2412 2917 toto

771 2929 799 2972 ‘⁹
879 2955 1162 3029 tempore
1210 2946 1495 3027 sequenti
1539 2951 1602 3007 et
1628 2948 2088 3026 negotiatione,
2141 2954 2250 3010 aut
2290 2948 2413 3009 alia

878 3042 980 3104 via
1001 3062 1076 3102 ex
1103 3042 1235 3120 ipsa
1252 3039 1557 3116 lucrandi,
1580 3039 1871 3100 eumdem
1894 3042 2100 3100 omnio
2135 3042 2411 3102 valorem

878 3140 942 3198 et
969 3134 1447 3197 aestimationem
1475 3133 1707 3194 habere
1739 3133 1904 3213 apud
1936 3133 2241 3210 1101111005,
2268 3152 2411 3195 cum

875 3230 1002 3305 illa,
1038 3247 1177 3307 quae
1208 3246 1371 3288 anno
1404 3226 1784 3307 praecedenti
1815 3227 1961 3288 data
2007 3228 2125 3289 fuit
2151 3247 2292 3288 cum
2329 3228 2413 3289 si-

875 3322 1007 3381 mili
1036 3320 1330 3383 facultate
1357 3366 1372 3397 ,
1424 3319 1583 3381 sicut
1624 3320 1929 3399 praedium
1976 3326 2255 3399 emptum
2290 3321 2410 3383 hoc

874 3434 1039 3476 anno
1089 3433 1213 3475 non
1259 3412 1466 3494 majus
1513 3413 1783 3491 pretium
1827 3412 2056 3491 exigit,
2121 3434 2312 3493 quam
2357 3414 2410 3475 si

873 3509 1039 3568 idem
1068 3507 1375 3588 praedium
1404 3524 1569 3566 anno
1600 3506 1884 3584 sequenti
1913 3505 2138 3567 iterum
2168 3508 2246 3567 ab
2278 3526 2411 3567 em-

873 3605 1051 3681 ptore
1080 3599 1394 3661 vendatur
1427 3617 1571 3660 cum
1601 3597 1787 3658 simili
1817 3599 2136 3661 facultate.
2172 3602 2260 3660 Ex
2289 3600 2411 3661 1100

872 3713 1021 3773 ergo
1053 3693 1254 3771 capite
1286 3711 1409 3753 non
1457 3695 1662 3771 potest
1690 3691 2037 3771 quidquam
2069 3693 2340 3771 amplius
2369 3712 2409 3754 a

869 3791 1194 3848 mutuante
1227 3786 1392 3864 exigi
1421 3804 1534 3864 pro
1563 3784 1865 3845 facultate
1896 3783 2020 3861 illa,
2049 3805 2255 3865 quase
2284 3786 2406 3865 pri-

868 3885 977 3942 vat
1004 3879 1217 3942 utendi
1266 3878 1534 3958 pecunia
1582 3877 1702 3939 hoc
1733 3896 1896 3939 anno
1919 3924 1935 3953 ,
1997 3898 2139 3939 cum
2188 3885 2406 3958 postea

871 3973 991 4033 alia
1013 3972 1270 4052 aequalis
1300 3972 1567 4051 pecunia
1597 3990 1741 4031 cum
1770 3972 2064 4033 facultate
2095 3972 2303 4049 simili,
2343 3978 2405 4035 et

870 4067 1152 4146 ejusdem
1183 4064 1412 4126 valoris
1441 4083 1479 4125 a
1506 4064 1886 4126 mutuatario
1916 4065 2244 4141 reddatur,
2281 4084 2406 4144 (100

869 4164 1308 4239 compensatur
1337 4162 1400 4219 et
1439 4157 1740 4235 pecunia,
1801 4162 1863 4218 et
1891 4158 2156 4218 facultas
2185 4158 2404 4218 utendi

869 4253 1040 4332 prius
1069 4252 1237 4327 data,
1272 4255 1334 4311 et
1361 4267 1486 4329 qua
1515 4254 1808 4310 mutuans
1837 4269 1902 4311 se
1934 4250 2053 4309 hoc
2085 4269 2249 4311 anno
2281 4250 2402 4327 pri·

865 4346 1056 4407 vavit.
1108 4346 1235 4405 Nec
1281 4340 1481 4403 simile
1512 4345 1606 4403 est
1635 4342 1696 4401 in
1729 4342 2017 4402 omnibus
2045 4343 2402 4421 exemplum

865 4438 1019 4499 illud
1065 4439 1129 4498 in
1176 4435 1561 4498 contrarium
1608 4434 1951 4496 adductum
2007 4435 2083 4496 de
2141 4436 2400 4497 domino

867 4531 1000 4612 agri
1031 4529 1344 4609 obligante
1374 4547 1440 4590 50
1469 4528 1549 4589 ad
1572 4528 1745 4588 illum
1775 4546 1897 4588 non
1920 4528 2252 4589 colendum
2283 4529 2403 4590 hoc

864 4624 1116 4687 biennio
1142 4671 1157 4701 ,
1190 4642 1305 4702 pro
1338 4640 1460 4701 qua
1489 4620 1867 4699 obligatione
1897 4625 2102 4700 potest
2131 4621 2401 4699 pretium

865 4719 1150 4798 accipere
1174 4763 1189 4792 ‚
1242 4713 1485 4776 etiamsi
1518 4713 1596 4773 de
1627 4713 1790 4775 facto
1821 4732 1943 4774 non
1981 4713 2243 4775 haberet
2271 4714 2401 4773 ani-

862 4830 1037 4873 mum
1064 4810 1239 4870 illum
1269 4804 1510 4868 colendi
1547 4826 1559 4866 :
1601 4806 1748 4884 quia
1777 4810 1923 4867 tunc
1953 4826 2065 4886 pro
2098 4806 2207 4867 illa
2239 4807 2401 4868 obli-

862 4903 1113 4985 gatione
1145 4920 1286 4981 quoe
1315 4899 1513 4979 pretio
1544 4898 1930 4960 aestimabilis
1960 4904 2054 4961 est
2082 4919 2207 4959 non
2238 4900 2401 4961 acci-

861 4998 954 5075 pit
980 4995 1269 5057 dominus
1302 4993 1573 5072 aliquam
1596 4992 1780 5052 aliam
1809 4991 2275 5072 obligationem,
2301 4994 2399 5054 vel

863 5088 1098 5170 aliquid
1127 5086 1296 5149 aliud
1326 5086 1608 5167 ejusdem
1637 5085 1865 5146 valoris
1896 5086 1974 5144 ab
2004 5085 2107 5146 illo
2135 5132 2149 5162 ,
2197 5086 2259 5146 in
2290 5106 2399 5147 cu-

855 5182 960 5264 jus
988 5181 1254 5260 gratiam
1299 5199 1364 5240 se
1415 5178 1748 5258 obligavit,
1803 5198 1924 5259 quo
1956 5183 2401 5258 compensetur

860 5276 967 5337 illa
994 5275 1167 5356 prior
1195 5273 1491 5353 obligatio
1516 5273 1617 5335 :in
1634 5277 1853 5335 mutuo
1872 5278 2083 5335 autem
2113 5273 2221 5334 illa
2250 5273 2399 5335 obli·

861 5368 1027 5449 gatio
1048 5387 1169 5428 non
1185 5366 1398 5429 utendi
1412 5365 1674 5445 pecunia
1692 5385 1801 5427 sua
1818 5366 1940 5427 1100
1959 5366 2395 5443 anno,licetfa'-

2524 440 2769 497 teamur
2798 454 2932 497 esse
2969 437 3167 516 pretio
3201 435 3655 515 aestimabilem,
3690 454 4032 517 compensa-

2522 534 2623 589 tur
2648 533 2855 589 tamen
2894 530 2971 589 ad
3007 531 3427 609 {equalitatem
3459 530 3709 609 quando
3737 535 4036 591 mutuata-

2522 621 2649 681 rius
2666 621 3070 683 redditaliam
3084 624 3414 701 pecuniam
3432 623 3694 683 similem
3710 642 3850 682 cum
3864 623 4035 683 facul-

2521 719 2647 775 tate
2674 714 2886 774 utendi
2917 715 2980 775 in
3010 722 3384 794 perpetuum
3411 722 3472 778 et
3499 735 3643 777 cum
3672 716 4037 795 obligatione

2522 808 2710 868 simili
2740 829 2813 869 ex
2844 815 3019 887 parte
3050 810 3432 886 mutuatarii,
3485 811 3564 870 ad
3595 829 3714 869 non
3749 809 4036 869 utendum

2521 905 2738 980 postea
2766 901 3033 980 pecunia
3060 902 3187 977 illa,
3223 920 3361 982 (1οω
3393 903 3688 981 obligatio
3720 902 4038 981 aequivalet

2521 994 2605 1055 illi
2644 995 2838 1072 priori
2869 995 3256 1073 obligationi,
3285 1015 3471 1076 quam
3500 1001 3791 1056 mutuans
3820 996 3884 1055 in
3917 997 4037 1073 eJus

2520 1088 2789 1166 gratiam
2818 1088 3114 1163 subierat,
3147 1088 3293 1149 licet
3319 1089 3521 1167 posita
3550 1088 3736 1149 fuerit
3764 1107 3927 1148 anno
3957 1107 4039 1148 se-

2521 1180 2757 1260 quenti,
2791 1185 2860 1241 ut
2886 1181 3178 1241 vidimuS.
3241 1181 3420 1242 Unde
3468 1181 3817 1260 retorqueri
3846 1184 4041 1259 potest

2518 1279 2960 1354 argumentum
2992 1292 3065 1334 ex
3096 1274 3316 1334 eodem
3341 1274 3655 1352 exemplo;
3691 1275 3837 1353 quia
3867 1274 3920 1333 si
3940 1273 4042 1334 ho-

2520 1368 2620 1427 die
2648 1367 2884 1427 vendas
2912 1385 3228 1445 gemmam
3252 1369 3435 1428 Petro
3453 1385 3696 1428 summo
3727 1367 3929 1446 pretio
3950 1366 4040 1446 ju-

2519 1464 2636 1538 510,
2671 1464 2909 1521 0100οο
2939 1460 3222 1539 sequenti
3247 1461 3401 1520 velis
3418 1461 3704 1521 eamdem
3734 1478 4042 1539 gemmam

2518 1572 2555 1612 a
2579 1556 2761 1614 Petro
2784 1571 3012 1629 emere,
3035 1553 3264 1631 poterit
3285 1555 3506 1614 Petrus
3524 1553 3691 1613 idem
3723 1554 4042 1632 pretiuma

2516 1651 2577 1708 te
2608 1646 2877 1724 exigere,
2915 1646 3060 1723 quia
3089 1646 3234 1707 licet
3260 1664 3379 1706 non
3414 1647 3520 1708 det
3539 1647 3650 1708 tibi
3688 1647 4043 1707 facultatem

2518 1740 2731 1801 utendi
2758 1757 2870 1818 pro
2900 1757 3065 1799 anno
3098 1739 3285 1799 etiam
3315 1739 3727 1819 praecedenti,
3763 1758 3955 1820 quam
3981 1743 4044 1799 tu

2518 1831 2573 1891 ei
2604 1831 2792 1892 etiam
2825 1831 3122 1903 dede1·as;
3170 1830 3377 1892 adhuc
3406 1850 3659 1911 gemma
3688 1851 3830 1892 cum
3862 1832 4045 1893 facul-

2516 1927 2645 1985 tate
2675 1924 2886 1985 utendi
2918 1928 3045 1985 toto
3076 1929 3355 2003 tempore
3376 1926 3659 2004 sequenti
3683 1930 4046 1987 10010111νο-

2518 2016 2624 2093 let,
2661 2020 2961 2096 quantum
2989 2017 3238 2078 valebat
3264 2018 3457 2096 111105,
3480 2037 3595 2079 000
3624 2019 3687 2078 in
3718 2018 3837 2078 hoc
3867 2018 4049 2079 infert

2513 2110 2627 2171 tibi
2654 2109 2950 2189 injuriam
2977 2110 3280 2189 exigendo
3311 2111 3546 2190 aliquid
3575 2129 3761 2190 supra
3781 2129 4047 2190 gemmae

2516 2204 2795 2264 valorem
2831 2224 2844 2264 ε
2871 2222 3020 2282 ergo
3050 2203 3331 2265 similiter
3345 2203 3758 2265 mutuatarius
3778 2203 4050 2264 reddens

2512 2297 2801 2357 eamdem
2826 2343 2841 2373 ,
2903 2298 3002 2357 vel
3031 2298 3338 2376 aequalem
3381 2298 3713 2377 pecuniam
3770 2315 3918 2358 cum
3966 2298 4049 2357 fa-

2517 2391 2746 2451 cultate
2791 2389 3005 2450 utendi
3053 2388 3114 2448 in
3160 2394 3523 2469 posterum,
3574 2395 3817 2452 tantum
3845 2389 4054 2451 reddit

2517 2488 2820 2563 quantum
2850 2482 3110 2560 accepit,
3136 2500 3250 2542 000
3278 2483 3484 2544 minus
3518 2483 3682 2544 valet
3709 2483 3830 2544 hoc
3861 2501 4051 2563 quam

2515 2577 2765 2638 valebat
2791 2575 2964 2652 illud,
3000 2580 3061 2636 et
3088 2595 3202 2653 per
3244 2595 3631 2656 consequens
3655 2624 3670 2652 ‚
3723 2577 3773 2635 si
3813 2575 4055 2657 aliquid

2515 2671 2783 2748 amplius
2813 2669 3029 2747 exigiS,
3061 2667 3292 2748 injuste
3321 2670 3473 2730 illud
3505 2669 3755 2749 00011115,
3793 2674 3859 2730 01
3886 2671 4053 2731 01110

2515 2763 2821 2843 oequalem
2849 2762 3245 2823 solutionem.

2594 2857 2684 2916 Ex
2726 2855 2844 2915 hac
2900 2855 3185 2916 doctrina
3241 2859 3501 2934 possunt
3555 2854 3810 2916 dissolvi
3869 2874 4057 2934 argu·
4180 2877 4181 2926 1

2513 2951 2745 3022 menta,
2779 2965 2918 3025 quae
2935 2947 3181 3008 Lessius
3212 2949 3390 3008 affert
3419 2966 3530 3026 pro
3563 2948 3879 3009 contraria
3909 2967 4055 3009 sen-

2511 3041 2705 3104 tentia
2734 3041 3036 3101 dub.x1v.
3094 3041 3319 3118 Arguit
3348 3041 3547 3118 prlmo
3579 3060 3686 3101 nu.
3725 3044 3864 3103 119.
3902 3041 4057 3120 quia
4128 3059 4182 3143 Ἢ

2511 3133 2855 3215 fidejubere
2886 3133 3143 3196 alterius
3191 3134 3441 3194 nomine
3473 3134 3552 3194 ad
3582 3153 3778 3195 unum
3809 3153 4058 3196 annum
4138 3134 4147 3140 ’

2512 3246 2623 3307 1110
2682 3231 2859 3288 tanta
2915 3245 3182 3304 summa,
3245 3231 3339 3287 est
3392 3227 3590 3306 pretio
3653 3228 4057 3305 aestimabile,

2511 3320 2753 3381 etiamsi
2802 3320 3039 3380 nullum
3086 3320 3166 3381 sit
3211 3321 3558 3400 periculum
3615 3322 3678 3381 in
3725 3321 4056 3394 debitore;

2511 3432 2659 3492 ergo
2691 3414 2881 3474 etiam
2909 3416 3195 3474 mutuare
3226 3432 3370 3474 cum
3391 3412 3769 3492 obligatione
3802 3432 3935 3474 non
3962 3432 4066 3473 re-

2508 3506 2757 3585 petendi
2789 3525 2903 3585 per
2926 3525 3184 3568 annum.
3246 3507 3682 3586 Respondetur
3732 3525 3807 3566 ex
3838 3506 4058 3581 dictis,

2509 3604 2842 3679 utrumque
2900 3600 3153 3678 quidem
3209 3617 3342 3659 esse
3397 3600 3599 3678 pretio
3652 3599 4062 3674 aestimabile,

2507 3692 2613 3753 sed
2648 3711 2758 3771 pro
2805 3691 3206 3771 fidejussione
3252 3694 3457 3769 potest
3502 3692 3773 3771 pretium
3820 3691 4061 3771 accipi,

2508 3786 2654 3864 quia
2684 3784 2836 3844 nihil
2865 3785 3037 3845 aliud
3065 3805 3103 3844 a
3131 3784 3417 3845 debitore
3448 3785 3634 3847 datur
3663 3785 4064 3865 fidejussori,

2507 3896 2628 3957 quo
2659 3882 3098 3956 compensetur
3117 3878 3439 3956 aequaliter
3464 3877 3780 3954 fidejussio
3806 3882 3870 3939 et
3899 3877 4069 3938 obli-

2504 3970 2672 4048 gatio
2703 3975 3026 4049 suscepta;
3080 3971 3387 4031 mutuanti
3433 3974 3643 4031 autem
3692 3970 3882 4032 datur
3914 3988 4073 4050 pos-

2505 4068 2604 4125 tea
2652 4082 2687 4122 a
2732 4064 3113 4125 mutuatario
3169 4063 3407 4142 aliquid
3465 4064 3717 4124 omnino
3774 4064 4067 4143 aequale,

2505 4175 2628 4236 quo
2657 4161 3099 4235 compensetur
3125 4157 3457 4236 aequaliter
3512 4162 3574 4217 et
3600 4157 3873 4236 pecunia
3907 4157 4077 4219 data

2505 4254 2568 4311 et
2630 4250 2926 4329 obligatio
2999 4255 3323 4328 suscepta,
3386 4254 3454 4311 ut
3519 4250 3829 4326 vidimus,
3908 4251 4072 4312 ideo

2503 4342 2554 4402 si
2611 4343 2846 4422 aliquid
2899 4343 3062 4404 ultra
3116 4342 3236 4404 hoc
3294 4343 3534 4422 exigat3
3595 4342 3824 4422 injuste
3882 4345 4077 4405 acei-

2505 4436 2613 4515 pit.

2584 4529 2898 4605 Secundo,
2960 4532 3022 4589 et
3066 4528 3381 4589 difficilius
3427 4529 3668 4609 arguit,
3731 4530 3887 4609 (10ἰο
3942 4550 4073 4610 pro

2505 4622 2883 4701 obligatione
2952 4622 3281 4683 mutaundi
3339 4625 3511 4684 1000.
3574 4627 3867 4702 suscepta
3945 4644 4081 4704 per

2505 4734 2699 4775 unum
2731 4733 2964 4774 annum
2993 4715 3234 4776 licitum
3281 4720 3374 4777 est
3414 4716 3649 4795 aliquid
3697 4718 4014 4797 accipere
4055 4740 4073 4781 :

2504 4827 2651 4888 ergo
2712 4808 2901 4869 etiam
2957 4827 3069 4887 pro
3101 4808 3485 4887 obligatione
3541 4829 3662 4869 non
3714 4812 4081 4889 repetendi

2502 4901 2838 4981 pecuniam
2893 4904 3178 4963 mutuam
3236 4907 3408 4963 tanto
3474 4906 3778 4980 tempore.
3852 4905 4074 4986 Resp.

2502 5014 2645 5074 neg.
2699 5012 2953 5073 conseq.
3008 4995 3154 5073 quia
3185 4994 3482 5073 obligatio
3513 4996 3595 5056 ad
3623 4999 4082 5060 mutuandum

2499 5093 2716 5167 postea
2748 5092 2841 5148 est
2886 5087 3141 5166 aliquod
3183 5107 3339 5149 onus
3387 5087 3747 5149 distinctum
3793 5089 3880 5150 ab
3920 5092 4081 5171 ipso

2498 5184 2739 5256 mutuo,
2793 5199 2904 5260 pro
2938 5199 3060 5259 quo
3110 5180 3261 5240 nihil
3313 5181 3552 5260 aequale
3581 5181 3763 5242 solvit
3792 5190 4088 5247 mutua-

2497 5273 2715 5350 tariuS,
2743 5292 2886 5333 cum
2907 5273 3108 5333 solum
3133 5273 3358 5334 reddat
3380 5274 3621 5354 {equale
3644 5279 3898 5349 mutuo,
3932 5299 4084 5340 non

2499 5385 2644 5426 vero
2685 5384 2797 5445 pro
2855 5367 3222 5428 necessitate
3270 5366 3622 5444 mutuandi,
3684 5386 3829 5447 (1οω
3888 5388 4091 5435 onus
