4263 6376
1223 367 1690 431 DlSPUTATIO
1738 368 1948 442 XXIV,
2000 367 2273 428 SECTIO
2317 367 2473 429 Xlll.

107 565 173 604 {ex
246 542 415 601 mille
445 560 591 602 esse
622 543 1093 618 distribuenda3
1128 544 1275 623 quia
1294 542 1663 605 totumillud
1681 543 1797 603 fuit

107 623 201 710 23²·
247 636 528 711 legatum
559 637 763 713 pium,
800 641 861 697 et
890 641 1086 698 totum
1115 636 1266 696 illud
1289 639 1551 697 testator
1570 654 1795 715 expen-

107 736 199 818 “522⁰
249 727 311 786 di
340 728 544 788 voluit
571 728 659 788 ab
690 728 943 789 haerede
992 729 1053 789 in
1099 730 1336 790 bonum
1384 729 1611 789 animm
1642 747 1791 789 suae.

107 811 181 873 αι’
248 821 337 880 lta
366 819 665 881 Sanchez
694 821 845 881 dub.
882 839 966 882 lv.
1002 840 1173 882 num.
1206 825 1265 882 9.
1301 826 1364 882 et
1390 821 1624 882 Melina
1652 839 1795 880 cum

107 892 155 930 '¹'
248 912 383 972 aliis
411 912 554 972 loco
588 913 782 974 citato
817 934 830 974 :
865 914 983 974 nisi
1009 919 1220 976 tamen
1251 920 1489 976 certum
1522 920 1686 975 esset
1712 919 1799 974 te-

250 1009 552 1065 statorem
603 1006 992 1067 contrarium
1020 1025 1093 1067 co
1120 1026 1268 1067 casu
1299 1006 1564 1067 voluisse
1589 1026 1603 1079 ;
1652 1010 1720 1066 ιιι
1746 1006 1798 1066 si

250 1097 403 1157 dixit
431 1116 552 1175 pro
592 1098 767 1158 mille
812 1099 976 1159 male
1019 1100 1279 1176 ablatiS,
1334 1117 1473 1179 quae
1518 1118 1592 1158 ex
1637 1100 1796 1159 libro

248 1208 537 1250 mearum
564 1191 884 1252 rationum
914 1194 1410 1271 comperientur,
1446 1197 1509 1254 et
1536 1212 1611 1252 ex
1639 1192 1797 1252 libro

249 1285 729 1361 comperiantur
787 1285 974 1345 fuisse
1018 1287 1217 1347 solum
1276 1287 1618 1366 quingenta
1674 1303 1798 1364 quo

249 1395 394 1436 casu
425 1384 703 1455 apparet
731 1396 805 1436 ex
833 1398 1063 1455 errore,
1098 1384 1162 1440 et
1187 1379 1604 1440 involuntarie
1629 1379 1797 1438 mille

251 1469 437 1530 fuisse
467 1470 709 1547 legata,
746 1475 815 1532 ut
840 1471 1114 1533 advertit
1142 1472 1309 1532 idem
1338 1472 1590 1534 Molina.
1624 1472 1798 1531 Idem

251 1567 344 1622 est
370 1563 424 1621 si
452 1580 569 1640 pro
603 1564 779 1623 mille
822 1564 1044 1630 ablatis
1091 1565 1315 1644 jubeat
1355 1565 1633 1626 construi
1661 1584 1797 1625 ora-

251 1655 476 1716 torium
506 1655 688 1715 mille
717 1657 944 1734 aureis,
977 1658 1039 1717 in
1070 1675 1192 1737 quo
1211 1662 1421 1719 tamen
1441 1662 1799 1719 construen-

251 1748 330 1808 do
360 1766 487 1808 non
536 1749 787 1826 possint
831 1751 1096 1829 expendi
1130 1751 1246 1812 nisi
1277 1752 1640 1831 quingenta,
1679 1751 1793 1811 de-

250 1841 397 1901 bent
424 1842 670 1920 quippe
701 1842 822 1902 alia
844 1843 1187 1922 quingenta
1225 1845 1503 1904 converti
1523 1844 1584 1903 in
1604 1845 1796 1904 alium

252 1952 430 1992 usum
482 1934 670 2012 pium
695 1981 711 2009 ,
772 1938 841 1996 ut
894 1936 1119 1998 docent
1174 1955 1315 1996 cum
1374 1937 1509 1997 aliis
1564 1937 1796 1998 Molina

253 2030 312 2088 et
338 2027 633 2088 Sanchez
664 2027 749 2088 ibi
773 2074 789 2104 ,
835 2032 897 2090 et
941 2029 1196 2108 quidem
1235 2030 1537 2091 deberent
1582 2031 1646 2089 in
1677 2031 1797 2091 uti-

250 2119 485 2180 litatem
517 2120 824 2196 oratorii,
872 2122 968 2181 vel
998 2123 1205 2199 operis
1250 2123 1600 2202 praescripti
1643 2123 1796 2184 assi-

255 2231 453 2291 gnari.

108 2323 142 2380 9
329 2306 673 2367 Dubitatur
700 2311 945 2385 quarte,
983 2307 1132 2387 quid
1163 2308 1525 2385 dicendum,
1573 2309 1626 2370 si
1672 2313 1792 2371 tes-
1822 2301 1827 2305 ⁴

258 2401 414 2459 tator
436 2397 634 2476 jussit
663 2399 801 2459 dari
833 2403 1085 2460 centum
1141 2401 1340 2477 Titiae,
1375 2406 1444 2463 ut
1507 2402 1789 2479 nuberet,

202 2534 211 2548 .
257 2496 315 2552 et
342 2510 415 2551 ea
443 2496 595 2551 ante
619 2493 873 2569 nuptias
904 2498 1151 2554 mortua
1178 2493 1305 2554 sit?
1334 2495 1789 2573 Respondetur,

157 2609 198 2649 ,a
259 2601 328 2643 ex
356 2583 742 2662 conjecturis
760 2584 1190 2663 indagandum
1219 2588 1690 2666 esse,imprimis
1713 2608 1793 2648 an

258 2676 484 2754 nuptioe
532 2677 776 2737 fuerint
829 2679 1102 2741 conditio
1161 2681 1532 2755 necessaria,
1569 2699 1647 2741 an
1678 2701 1790 2760 po-

258 2769 373 2832 tius
408 2770 700 2850 legatum
728 2772 916 2831 fuerit
944 2772 1166 2848 solum,
1200 2777 1268 2833 ut
1294 2780 1502 2852 posset
1533 2775 1789 2852 nubere,

258 2883 374 2942 quo
400 2882 551 2925 casu
601 2865 881 2942 legatum
911 2866 1355 2927 transmittitur
1383 2867 1462 2927 acl
1510 2867 1793 2929 haeredes

258 2957 424 3018 Titiae
447 2957 639 3035 juxta
668 2958 1060 3035 supradicta3
1096 2959 1323 3019 deinde
1352 2961 1403 3019 si
1434 2979 1556 3020 non
1588 2966 1790 3022 trans·

260 3050 537 3123 mittitur,
572 3050 920 3111 videndum
973 3053 1109 3129 erit,
1145 3071 1223 3113 an
1264 3056 1526 3114 testator
1552 3054 1795 3133 legave-

260 3141 335 3204 rit
361 3143 418 3202 in
442 3143 690 3204 honum
720 3143 946 3206 animae
975 3163 1126 3208 suae.
1162 3164 1285 3226 quo
1316 3165 1463 3208 casu
1516 3148 1792 3225 legatum

264 3238 374 3297 erit
400 3237 576 3315 pium
612 3240 678 3298 et
704 3240 1195 3299 convertendum
1222 3240 1281 3299 in
1298 3240 1510 3302 dotem
1541 3242 1793 3302 alterius

261 3331 548 3408 pauperis
574 3351 589 3404 ;
622 3349 703 3390 an
724 3350 869 3392 vero
899 3332 1201 3411 legaverit
1227 3352 1301 3393 ex
1332 3336 1558 3394 affectu
1588 3335 1666 3395 ad
1695 3337 1793 3397 'ri-

262 3424 428 3499 tiam,
453 3428 517 3485 et
544 3424 632 3484 ad
690 3443 829 3484 eam
882 3427 1431 3504 remunerandam,
1466 3446 1589 3507 quo
1644 3448 1791 3490 casu

264 3514 531 3594 legatum
558 3517 684 3578 erit
711 3518 1063 3596 profanum,
1095 3523 1157 3580 et
1182 3520 1290 3581 fiet
1335 3521 1666 3589 caducum,
1704 3516 1792 3582 viss

267 3608 479 3669 deatur
508 3610 820 3687 Sanchez,
857 3615 919 3672 et
946 3612 1178 3673 Molina
1206 3612 1356 3674 locis
1385 3615 1609 3676 citatis.

115 3722 145 3778 0
339 3702 674 3764 Dubitatur
730 3704 969 3783 quinto,
1013 3710 1223 3766 utrum
1276 3708 1327 3766 si
1372 3707 1648 3787 legatum
1681 3728 1793 3769 an-

108 3857 141 3884 m
163 3859 222 3899 pm
269 3812 449 3854 nuum
476 3796 769 3856 relictum
790 3797 906 3858 fuit
932 3798 1211 3858 ecclesiae
1240 3818 1350 3877 pro
1383 3800 1591 3879 aliquo
1630 3802 1788 3863 festo

107 3909 208 3959 mago
266 3886 621 3948 solemniter
646 3888 1043 3965 celebrando,
1069 3891 1265 3968 possit
1293 3892 1619 3971 episcopus
1649 3913 1790 3954 cum

107 3958 201 4065 {4⁵3⁸}ss
266 3997 559 4041 consensu
588 3981 857 4041 haeredis
883 3983 1155 4061 patroni,
1193 3983 1346 4044 illud
1406 3985 1484 4044 ad
1542 3990 1789 4065 tempus

107 4064 226 4155 ζῇ
267 4077 617 4133 convertere
634 4074 698 4133 in
713 4076 1173 4153 reparationem
1192 4077 1472 4156 ejusdem
1487 4080 1783 4158 ecclesiae,

271 4182 397 4242 quae
425 4168 823 4245 reparatione
846 4168 1104 4247 indiget,
1141 4175 1203 4230 et
1231 4188 1356 4230 non
1388 4170 1578 4233 habet
1623 4175 1787 4234 unde

266 4264 597 4335 reparetur.
652 4261 940 4322 Affirmat
967 4262 1247 4322 Sanchez
1277 4263 1426 4324 dub.
1454 4267 1582 4326 Vll.
1610 4284 1782 4328 num.

271 4356 319 4408 1.
350 4369 487 4411 cum
516 4352 732 4413 multis
760 4353 897 4414 aliis
928 4373 1086 4433 quos
1106 4358 1306 4432 affert,
1343 4357 1489 4435 quia
1520 4360 1786 4419 necessi-

269 4446 352 4501 tas
403 4444 683 4505 ecclesiae
713 4446 823 4507 dat
857 4449 961 4525 jus
991 4447 1069 4506 ad
1093 4450 1628 4527 commutandum,
1663 4451 1786 4511 imo

273 4538 327 4594 et
360 4536 436 4594 ad
491 4539 848 4615 cogendum
904 4544 1239 4619 patronum
1295 4545 1364 4601 ut
1414 4545 1781 4622 consentiat,

271 4628 424 4704 quod
453 4632 782 4708 probabile
813 4638 927 4695 est.

115 4734 158 4791 ιι
340 4722 664 4785 Dubitatur
710 4730 902 4801 texto,
964 4746 1043 4787 an
1092 4727 1258 4788 idem
1315 4728 1651 4790 dicendum
1708 4732 1787 4793 sit

272 4814 505 4890 quando
534 4817 812 4895 legatum
841 4824 936 4879 est
962 4819 1038 4878 ad
1072 4839 1301 4880 novam
1349 4823 1652 4899 capellam
1686 4812 1784 4884 ex*—

274 4907 585 4968 truendam
616 4910 677 4969 in
710 4911 1010 4987 ecclesia,
1048 4932 1187 4992 qua}
1239 4932 1314 4974 ea
1358 4916 1594 4992 capella
1659 4936 1780 4977 non

108 5016 186 5059 >nun
273 4995 510 5077 indiget,
545 5002 656 5061 sed
687 5005 892 5081 potius
920 5007 1317 5082 reparatione
1365 5008 1633 5083 aediticii,
1683 5011 1784 5070 cui

118 5106 233 5168 ,πὸ
275 5090 436 5151 aliter
481 5094 796 5155 subveniri
841 5116 963 5157 non
997 5103 1220 5176 potest.
1279 5101 1567 5162 Affirmat
1613 5102 1781 5162 idem

182 5201 203 5211 ·
276 5183 532 5245 Sanchez
558 5206 703 5248 cum
747 5190 882 5249 aliis
913 5210 1082 5251 num.
1113 5195 1170 5253 4.
1201 5197 1261 5253 et
1284 5193 1460 5254 addit
1489 5194 1653 5253 idem
1685 5214 1783 5255 es-

276 5290 351 5350 se,
374 5277 421 5336 si
446 5277 721 5357 legatum
752 5287 913 5343 esset
941 5283 1020 5343 ad
1068 5303 1294 5344 novam
1326 5286 1653 5347 eeclesiam
1683 5287 1776 5347 vel

275 5373 697 5433 monasterium
754 5376 813 5434 in
872 5376 1120 5437 civitate
1150 5378 1527 5455 faciendum,
1562 5382 1624 5439 in
1656 5400 1779 5460 qua

275 5466 402 5521 sunt
443 5464 574 5525 alite
630 5467 906 5529 ecclesia}
954 5472 1345 5549 reparatione
1404 5472 1776 5550 indigenteS,

277 5553 478 5630 quibus
503 5559 752 5625 aliunde
771 5562 1088 5625 subveniri
1119 5582 1241 5626 non
1272 5569 1496 5646 potest,
1532 5570 1593 5628 et
1614 5567 1779 5629 idem

3318 358 3432 418 153

1900 542 2178 612 extendit
2199 561 2339 602 cum
2391 541 2793 616 Covarruvia,
2829 543 2897 600 ut
2925 538 2988 598 in
3044 536 3426 606 universum,

1901 635 2182 713 legatum
2212 635 2497 696 relictum
2528 636 2590 694 in
2622 641 2861 695 certum
2901 649 3083 692 usum
3108 628 3278 706 pium
3307 643 3432 686 non

1899 727 1986 788 ita
2016 729 2459 804 necessarium,
2495 727 2773 788 converti
2804 723 2998 804 possit
3052 718 3428 781 auctoritate

1900 821 2173 899 episcopi
2205 820 2264 880 in
2296 821 2485 880 alium
2506 839 2687 880 usum
2716 820 2890 899 pium
2919 815 3119 894 magis
3138 809 3433 891 reipubli-

1901 932 1989 974 coe
2022 914 2441 974 necessarium
2470 932 2543 974 ac
2587 911 2892 990 religioni,
2928 908 3028 969 cui
3077 902 3432 966 necessitati

1900 1006 2151 1067 aliunde
2210 1006 2340 1065 sine
2395 1025 2622 1085 magna
2695 1003 3058 1064 difficultate
3115 995 3432 1059 subveniri

1903 1118 2026 1160 non
2055 1103 2288 1177 potest;
2324 1100 2459 1160 haec
2488 1104 2699 1160 tamen
2724 1095 2999 1157 extensio
3031 1112 3152 1154 non
3185 1090 3433 1149 videtur

1899 1193 2051 1252 mihi
2084 1193 2263 1252 facile
2295 1190 2686 1253 admittenda
2741 1193 2883 1269 post
2930 1185 3264 1248 concilium
3298 1180 3433 1243 Tri—

1901 1285 2247 1360 dentinum,
2282 1304 2319 1346 a
2343 1305 2463 1365 quo
2483 1288 2785 1346 statutum
2809 1287 2922 1358 est,
2957 1284 3028 1341 ut
3049 1277 3426 1350 videbimus,

1900 1379 1964 1438 in
1994 1379 2066 1438 iis
2099 1379 2345 1439 casibus
2375 1377 2825 1438 recurrendum
2851 1392 2985 1435 esse
3009 1372 3088 1432 ad
3115 1385 3430 1431 summum

1898 1472 2284 1548 Pontificem,
2321 1472 2424 1551 qui
2455 1472 2623 1531 solus
2654 1473 2859 1549 potest
2894 1467 3143 1528 ultimas
3173 1465 3433 1524 testato·

1900 1565 1983 1624 ris
2012 1566 2361 1626 voluntates
2417 1569 2825 1637 commutare,
2862 1559 3114 1641 quando
3169 1556 3230 1616 in
3287 1571 3432 1634 pro-

1897 1658 2036 1737 pria
2060 1659 2267 1737 specie
2298 1659 2541 1737 impleri
2574 1661 2849 1737 possent.

1980 1754 2195 1812 Restat
2248 1770 2396 1830 ergo
2428 1752 2762 1812 dicendum
2818 1749 2896 1808 de
2943 1742 3429 1807 commutatione
3562 1751 3678 1810 312

1895 1845 2105 1922 legati,
2131 1846 2229 1904 vel
2258 1844 2492 1905 ultimae
2514 1843 2869 1918 voluntatiS,
2897 1839 3149 1921 quando
3179 1833 3429 1915 impleri
3480 1875 3648 1928 mundo
3697 1875 3777 1917 im,

1903 1938 2111 1998 adhuc
2141 1941 2366 2017 potest,
2402 1938 2479 1997 de
2511 1957 2633 2017 qua
2664 1937 2865 2017 primo
2896 1931 3169 1995 dubitari
3200 1932 3423 2010 potest,
3481 1929 3757 2036 Pfflffffssn

1901 2050 1978 2090 an
2013 2049 2294 2090 summus
2327 2031 2604 2091 Pontifex
2636 2029 2830 2109 possit
2858 2045 2997 2088 eam
3024 2023 3280 2086 facere?
3301 2020 3430 2082 Ali-
3479 2015 3774 2099 ροωῑιηὲρω-

1899 2123 2003 2204 qui
2034 2125 2270 2199 dicunt,
2303 2142 2484 2203 posse
2507 2123 2695 2183 etiam
2725 2123 2856 2182 sine
2880 2137 3090 2194 causa,
3117 2117 3264 2197 quia
3293 2132 3428 2175 om·
3529 2095 3723 2209 ῗοῗῖἦῖςζ

1897 2217 1991 2276 nis
2022 2217 2344 2296 dispositio
2376 2216 2688 2278 testatoris
2737 2213 3102 2292 intelligitur
3130 2207 3427 2271 conditio·
3506 2211 3596 2242 ‘¹¹¹⁰
3613 2209 3744 2241 ‘'⁸¹¹⁸‘'

1899 2315 2047 2372 nata
2102 2310 2218 2370 sub
2248 2310 2352 2369 illa
2383 2310 2742 2370 conditione
2798 2306 3119 2386 implicita,
3171 2304 3223 2364 si
3261 2305 3429 2380 Papa

1906 2403 2085 2463 aliter
2113 2421 2237 2463 non
2287 2402 2684 2481 disposuerit.
2747 2403 2837 2462 Ita
2884 2403 3099 2461 tenent
3143 2394 3423 2471 Armilla,

1894 2496 2194 2572 Tabiena,
2257 2495 2556 2574 Angelus,
2612 2494 2930 2569 Silvester,
2977 2495 3040 2553 et
3086 2490 3190 2550 alii
3259 2485 3425 2567 apud

1897 2589 2179 2650 Sanchez
2211 2589 2375 2649 dicto
2407 2606 2543 2665 cap.
2579 2589 2652 2647 11.
2690 2586 2837 2646 dub.
2874 2602 2917 2646 1.
2954 2604 3059 2645 nu.
3123 2587 3177 2643 1.
3214 2587 3276 2643 et
3318 2577 3422 2641 alii

1896 2701 2052 2761 quos
2086 2682 2269 2742 affert
2298 2686 2358 2741 et
2390 2680 2671 2759 sequitur
2698 2678 3063 2740 Mandosius
3118 2677 3187 2737 de
3232 2674 3426 2753 siqua-

1894 2785 2029 2836 tura
2046 2775 2260 2854 qratz‘oe
2284 2774 2458 2835 verb.
2486 2773 2875 2835 commutatio,
2903 2773 3024 2834 Alii
3058 2770 3426 2847 dicuntpos-

1894 2889 1959 2930 se
1992 2869 2244 2948 quidem
2279 2871 2530 2947 Papam,
2567 2868 2754 2927 etiam
2810 2867 2943 2927 sine
2973 2883 3161 2926 causa
3192 2863 3311 2922 hoc
3340 2861 3426 2920 sa·

1895 2980 2035 3021 cere
2065 2961 2144 3021 de
2174 2965 2476 3041 potestate
2507 2960 2815 3036 absolut-a,
2869 2978 2994 3020 non
3049 2963 3261 3019 tamen
3309 2972 3422 3034 po-

1893 3058 2119 3115 testate
2168 3053 2505 3130 ordinaria,
2540 3072 2696 3133 quos
2738 3054 2930 3114 refert
2985 3051 3150 3112 idem
3182 3048 3418 3111 Sanch.

1894 3166 2066 3209 num.
2102 3152 2160 3209 ⁶2.

1975 3244 2252 3320 Utraque
2283 3240 2592 3300 sententia
2621 3241 2777 3301 falsa
2821 3244 2932 3311 est,
2995 3243 3057 3300 et
3109 3239 3172 3298 in
3204 3235 3423 3317 primis

1893 3334 2207 3397 distinctio
2239 3334 2342 3392 illa
2372 3335 2694 3413 potestatis
2725 3334 3027 3394 absoluta}
3072 3335 3132 3392 et
3175 3329 3426 3391 ordina-

1892 3429 2001 3489 riae
2031 3427 2265 3487 inutilis
2296 3430 2409 3502 est,
2445 3425 2590 3505 quia
2619 3425 2668 3486 si
2719 3425 2838 3487 hoc
2875 3424 3009 3485 fieri
3039 3442 3162 3484 non
3196 3426 3419 3503 potest,

1893 3523 2033 3583 ideo
2064 3524 2178 3597 est,
2213 3519 2358 3599 quia
2386 3522 2695 3597 repugnat
2715 3518 2844 3598 juri
2872 3509 3151 3581 naturali
3173 3515 3422 3595 exigen-

1894 3616 1935 3677 ti
1971 3614 2138 3695 quod
2169 3613 2458 3673 voluntas
2489 3611 2728 3672 domini
2783 3610 3170 3691 disponentis
3224 3609 3301 3669 de
3356 3627 3423 3668 re

1893 3728 2006 3770 sua
2036 3708 2424 3781 observetur,
2460 3705 2712 3785 quando
2761 3722 2885 3766 non
2917 3710 3013 3766 est
3040 3704 3100 3764 in
3128 3700 3426 3782 praejudi-

1891 3802 2055 3863 cium
2075 3799 2222 3861 boni
2253 3799 2623 3859 communis:
2658 3798 2802 3858 huic
2821 3803 3030 3859 autem
3041 3796 3423 3876 jurinaturae

1892 3898 2063 3973 Papa
2118 3893 2422 3970 derogare
2452 3910 2575 3951 non
2608 3895 2832 3968 potest,
2867 3890 3055 3951 etiam
3086 3890 3164 3948 de
3221 3893 3423 3967 potes-

1889 3992 2016 4049 tate
2047 3985 2351 4045 absoluta.
2406 3983 2470 4045 Si
2499 3987 2710 4044 autem
2742 3982 2862 4044 hoc
2892 3982 2997 4064 jus
3028 3986 3266 4043 naturas
3298 3997 3418 4040 non

1892 4081 2120 4154 obstat,
2156 4076 2386 4156 poterit
2431 4078 2604 4154 Papa
2633 4076 2823 4136 etiam
2861 4076 2921 4135 in
2970 4076 3175 4136 facere
3205 4075 3282 4134 de
3313 4092 3418 4153 po-

1891 4176 2111 4235 testate
2145 4168 2480 4244 ordinaria,
2517 4168 2603 4229 sic
2634 4169 2711 4229 de
2742 4172 3049 4248 potestate
3106 4166 3424 4230 ordinaria

1888 4268 2093 4344 potest
2120 4264 2482 4342 dispensare
2512 4262 2576 4321 in
2607 4261 3070 4340 impedimentis
3100 4260 3421 4322 matrimo-

1890 4357 1998 4433 nii,
2034 4358 2095 4416 in
2139 4356 2323 4431 votis,
2386 4360 2448 4416 et
2501 4354 2639 4414 aliis
2694 4355 3020 4431 similibus,
3081 4372 3223 4415 cum
3279 4353 3421 4414 talis

1890 4450 2295 4512 commutatio
2329 4452 2390 4509 ct
2435 4448 2815 4526 dispensatio
2873 4453 3191 4528 competat
3245 4447 3302 4506 ei
3345 4467 3420 4506 ex

1892 4544 2095 4605 officio
2126 4544 2208 4603 ad
2263 4542 2827 4621 gubernationnem
2881 4542 3298 4616 subditorum,
3360 4544 3423 4601 ct

1890 4636 2142 4697 aliunde
2174 4654 2295 4697 non
2329 4638 2638 4715 requgnet
2682 4634 2811 4714 juri
2867 4635 3156 4713 naturali,
3192 4634 3294 4693 vel
3325 4632 3419 4693 di-

1889 4731 2056 4790 vinc.

1969 4822 2193 4884 Primae
2224 4822 2411 4882 etiam
2442 4822 2765 4883 sententiae
2787 4822 3025 4884 falsitas
3071 4819 3419 4883 ostenditur

1888 4936 1962 4977 ex
1991 4916 2193 4991 dictis,
2229 4914 2373 4994 quia
2408 4918 2594 4993 Papa,
2630 4917 2726 4975 vel
2768 4934 3099 4995 supremus
3127 4914 3420 4995 princeps

1888 5028 2009 5069 non
2043 5014 2265 5086 potest,
2318 5008 2436 5067 nisi
2465 5008 2716 5086 quando
2751 5010 2812 5068 in
2871 5007 3293 5068 necessarium
3327 5013 3420 5066 est

1887 5102 1965 5161 ad
2021 5102 2257 5161 bonum
2298 5119 2650 5175 commune,
2702 5100 3032 5179 disponere
3096 5099 3172 5159 de
3229 5097 3411 5158 bonis

1884 5194 2277 5254 subditorum
2304 5198 2517 5254 contra
2548 5194 2785 5253 domini
2815 5194 3197 5255 voluntatem
3223 5211 3237 5252 :
3272 5209 3415 5250 cum

1886 5306 2034 5365 ergo
2066 5291 2328 5348 testator
2356 5287 2646 5347 dominus
2684 5286 2765 5347 sit
2792 5305 3050 5347 suorum
3079 5286 3411 5361 honorum,

1886 5387 1948 5441 et
1975 5381 2268 5460 disponat
2297 5400 2371 5439 ex
2391 5380 2667 5440 dominio
2691 5381 2858 5460 quod
2878 5381 3090 5456 habet,
3128 5379 3205 5439 de
3229 5378 3417 5438 rebus

1883 5475 2009 5535 suis
2040 5473 2119 5532 ad
2148 5474 2335 5535 talem
2390 5491 2596 5547 usum,
2657 5492 2780 5533 non
2841 5478 3050 5553 potest
3106 5471 3410 5546 Pontifex,

1882 5568 1995 5629 nisi
2028 5585 2214 5629 causa
2252 5565 2423 5647 justa
2470 5565 2691 5640 subsit,
2728 5566 2887 5629 hanc
2943 5565 3416 5648 dispositionem
