4263 6376
920 304 1035 360 67ss

913 478 1046 554 jam
1076 475 1241 536 enim
1272 473 1478 536 caeteri
1507 476 1801 535 tenentur
1828 476 2144 551 praecepto
2176 471 2444 533 naturali

920 569 1158 630 vitandi
1187 566 1550 629 scandalum
1575 613 1589 642 ,
1642 566 1955 627 abstinere
2001 566 2081 626 ab
2112 565 2248 644 ejus
2277 583 2450 625 com-

917 663 1362 736 municatione,
1398 678 1474 719 ne
1506 660 1732 719 darent
1760 658 1844 718 illi
1878 658 2272 719 occasionem
2303 676 2450 735 pec-

918 755 1098 816 candi
1137 775 1149 815 :
1179 757 1367 832 atque
1399 753 1538 812 ideo
1575 757 1902 812 manerent
1941 751 2131 811 iidem
2172 749 2447 829 scrupuli

918 854 981 910 et
1008 847 1449 927 perplexitates
1467 863 1699 922 magna
1732 864 1806 905 ex
1836 848 2032 922 parte,
2063 863 2219 923 quas
2241 842 2449 903 conci-

915 941 1069 1001 lium
1091 938 1561 1001 Constantiense
1590 937 1858 998 intendit
1887 938 2153 996 auferre.
2182 939 2333 997 Cum
2357 953 2448 994 er-

915 1052 996 1112 go
1027 1033 1112 1092 ibi
1141 1035 1467 1105 statuatur,
1501 1030 1689 1090 licere
1718 1030 2006 1089 fidelibus
2031 1030 2281 1090 omnino
2305 1045 2449 1089 cum

914 1126 1034 1187 illis
1064 1123 1615 1186 excommunicatis
1644 1123 2109 1183 communicare
2150 1123 2212 1181 in
2245 1120 2446 1182 omni-

914 1220 1052 1295 buS,
1087 1237 1159 1279 eo
1190 1218 1323 1296 ipso
1355 1216 1603 1277 videtur
1634 1234 1753 1276 non
1787 1216 2042 1294 quidem
2072 1216 2135 1274 in
2165 1216 2448 1275 favorem

917 1309 1460 1384 excommunicati,
1495 1308 1602 1367 sed
1634 1309 1697 1367 in
1719 1308 1999 1367 favorem
2020 1309 2285 1368 aliorum
2306 1325 2450 1385 per-

915 1403 1075 1464 mitti
1107 1401 1647 1462 excommunicato
1678 1400 1757 1459 ab
1787 1400 1925 1460 aliis
1956 1400 2255 1480 requisito
2283 1400 2450 1477 ejus-

913 1496 1085 1557 modi
1115 1493 1619 1555 communicatio,
1668 1494 1759 1553 lta
1790 1492 1972 1553 docet
2012 1493 2136 1553 late
2168 1492 2448 1554 Sanchez

913 1589 1021 1648 lib.
1058 1589 1188 1648 Vll.
1222 1585 1291 1646 de
1316 1585 1648 1662 matrimon,
1701 1584 1860 1662 disp.
1908 1601 2000 1645 lx.
2042 1603 2214 1645 num.
2249 1588 2306 1646 8.
2342 1582 2448 1643 ubi

913 1682 1124 1759 plures
1154 1680 1362 1754 refert,
1412 1696 1600 1757 quam
1647 1677 1836 1737 etiam
1889 1677 2263 1739 sententiam
2304 1694 2450 1755 pro-

913 1773 1183 1834 babilem
1212 1775 1425 1831 censet
1451 1770 1629 1830 Avila
1658 1769 1823 1830 dicta
1852 1771 1927 1830 11.
1978 1772 2140 1848 part.
2176 1787 2312 1848 cap.
2350 1786 2442 1830 vi.

915 1867 1072 1945 disp.
1108 1883 1265 1926 vlu.
1302 1862 1452 1923 duh.
1485 1866 1544 1923 3.
1580 1867 1643 1923 et
1669 1881 1846 1942 seqq.
1881 1864 2011 1940 Ego
2043 1868 2254 1924 tamen
2284 1861 2450 1921 limi-

911 1965 1134 2034 tarem,
1181 1958 1280 2017 vel
1332 1956 1707 2035 explicarem
1764 1955 1926 2015 hanc
1974 1954 2347 2029 doctrinam,
2384 1956 2451 2014 ut

911 2052 1298 2129 intelligatur
1327 2049 1405 2108 de
1437 2048 1977 2108 administratione
2008 2047 2214 2107 activa
2242 2064 2449 2106 sacra—

910 2148 1291 2219 mentorum,
1327 2160 1449 2201 non
1481 2142 1558 2201 dc
1587 2141 1837 2219 passiva
1865 2140 2259 2219 susceptione
2294 2159 2308 2199 ε
2343 2159 2448 2199 ne-

912 2256 1015 2297 mo
1048 2237 1214 2296 enim
1243 2234 1550 2294 concessit
1576 2252 1759 2312 posse
1788 2232 2182 2293 sacerdotem
2204 2250 2448 2292 excom·

913 2330 1299 2390 municatum
1330 2328 1645 2388 celebrare
1676 2326 1756 2385 ad
1799 2325 2145 2404 simplicem
2197 2326 2449 2403 petitio-

915 2441 1056 2482 nem
1089 2420 1418 2500 cujuslibet
1445 2418 1710 2480 volentis
1738 2418 1957 2478 audire
1988 2436 2236 2478 sacrum
2257 2464 2272 2493 ,
2320 2419 2444 2478 imo

912 2515 1107 2594 aliqui
1137 2512 1506 2574 nominatim
1536 2511 1853 2589 excipiunt
1882 2529 2026 2571 eum
2055 2509 2272 2571 cas‘um
2304 2530 2449 2589 pro-

911 2614 1052 2689 pter
1079 2605 1493 2668 reverentiam
1522 2604 1809 2664 sacrificii
1834 2624 1848 2676 ;
1883 2622 1997 2683 ego
2017 2609 2228 2665 tamen
2253 2605 2449 2683 suspi-

913 2721 1022 2764 cor
1059 2701 1364 2762 rationem
1420 2717 1554 2758 esse
1596 2698 1744 2776 quia
1787 2701 1936 2757 tunc
1980 2698 2273 2758 sacerdos
2320 2717 2445 2759 non

910 2796 1113 2856 solum
1144 2793 1344 2853 active
1374 2811 1439 2852 se
1471 2790 1662 2851 habet
1684 2836 1698 2865 ,
1731 2790 1840 2849 sed
1869 2790 2114 2868 passive
2145 2791 2446 2869 recipien-

912 2889 992 2948 do
1040 2889 1524 2959 sacramentum,
1586 2901 1725 2961 qum
1782 2882 2053 2960 receptio
2109 2888 2203 2944 est
2258 2884 2445 2944 etiam

909 2978 1224 3059 prohibIta
1272 2975 1809 3036 excommunicato
1853 2974 2116 3051 minori,
2168 2980 2229 3036 et
2257 2994 2296 3036 a
2323 2976 2444 3036 sor-

907 3073 1051 3135 tiori
1105 3069 1469 3147 intelligitur
1524 3067 1839 3147 prohibita
1895 3068 2439 3129 excommunicato

909 3164 1175 3245 majori,
1237 3181 1312 3222 ne
1367 3161 1447 3223 sit
1499 3159 1775 3221 melioris
1830 3160 2204 3222 conditionis
2261 3180 2278 3222 ε
2339 3181 2445 3222 ex-

911 3259 1048 3337 cipe
1100 3262 1313 3317 tamen
1358 3253 1825 3314 matrimonium
1854 3299 1868 3328 ,
1930 3254 2097 3331 quod
2144 3253 2289 3333 quia
2319 3274 2442 3317 non

908 3355 1114 3430 potest
1154 3346 1490 3408 ministrari
1536 3347 1712 3408 alteri
1758 3345 1906 3425 quin
1953 3347 2135 3406 simul
2178 3349 2445 3427 recipia-

909 3450 1048 3516 tur;
1084 3444 1229 3502 hinc
1276 3446 1370 3501 est
1416 3440 1581 3518 quod
1611 3440 2188 3500 excommunicatus
2220 3441 2442 3502 tolera-

906 3541 1006 3598 tus
1036 3537 1113 3596 ad
1143 3533 1501 3596 instantiam
1529 3532 1814 3612 conjugis
1845 3536 2050 3609 potest
2093 3532 2247 3593 illud
2288 3535 2442 3595 reci-

907 3648 1079 3709 pere,
1114 3631 1183 3688 ut
1227 3626 1532 3687 ministret
1575 3625 1635 3684 in
1681 3629 1848 3685 statu
1905 3625 2146 3702 gratiae,
2198 3631 2267 3688 ut
2313 3627 2439 3688 dixi

907 3723 1067 3800 disp.
1102 3723 1262 3782 VIII.
1297 3718 1368 3780 de
1392 3718 1769 3779 sacramentis
1799 3718 1857 3777 in
1883 3736 2091 3798 genere
2119 3723 2269 3780 sect.
2305 3737 2432 3783 xlv.

905 3816 1012 3876 illa
1040 3833 1188 3892 ergo
1216 3813 1416 3874 solum
1454 3811 1746 3871 videntur
1773 3812 2031 3872 concedi
2078 3830 2441 3875 excommu-

908 3909 1113 3968 nicato
1143 3907 1204 3966 in
1234 3907 1516 3966 favorem
1571 3904 1836 3964 aliorum
1861 3950 1875 3978 ‚
1937 3924 2078 3983 quae
2120 3905 2210 3965 illi
2260 3910 2440 3969 erant

905 4000 1219 4080 prohibita
1267 3999 1330 4058 in
1378 3997 1597 4058 ordine
1629 3997 1707 4057 ad
1740 3996 1925 4071 alios,
1961 4015 2082 4057 non
2113 4017 2263 4059 vero
2297 4018 2436 4079 quae

904 4098 1050 4155 sunt
1078 4093 1394 4171 prohibita
1452 4090 1516 4150 in
1576 4090 1795 4151 ordine
1837 4090 1917 4150 ad
1960 4109 2047 4166 se,
2083 4094 2145 4151 et
2174 4092 2307 4152 sine
2338 4112 2438 4153 re-

905 4190 1118 4263 spectu
1147 4185 1229 4245 ad
1259 4184 1412 4245 alios
1432 4230 1447 4259 ,
1500 4182 1699 4262 qualis
1729 4185 1823 4242 est
1849 4184 2224 4244 sacramenti
2266 4204 2435 4246 rece-

904 4278 1033 4356 ptio
1063 4279 1330 4355 passiva.
1365 4277 1455 4335 Ex
1486 4275 1604 4335 hac
1657 4292 1806 4351 ergo
1836 4274 2121 4336 doctrina
2152 4277 2436 4338 redditur

904 4371 1091 4431 etiam
1123 4369 1462 4449 probabilis
1491 4367 1766 4427 secunda
1793 4368 2099 4429 sententia
2116 4387 2307 4447 supra
2328 4389 2434 4450 po-

901 4463 1041 4539 sita,
1076 4463 1243 4541 quod
1266 4461 1461 4539 judex
1490 4478 1615 4520 non
1645 4463 1862 4537 peccet
1889 4461 2141 4539 quando
2165 4481 2307 4522 cum
2328 4482 2438 4523 exa

902 4554 1466 4616 communicatione
1523 4552 1788 4613 tolerata
1836 4551 2097 4630 judicat,
2131 4554 2353 4615 saltem
2381 4556 2434 4617 si

901 4646 964 4706 id
994 4647 1184 4708 faciat
1228 4644 1563 4723 requisitus
1593 4663 1629 4704 a
1669 4644 1950 4705 subditis.
1987 4646 2434 4708 Universaliter

901 4744 1112 4800 autem
1141 4743 1349 4816 potest
1375 4737 1627 4815 probari
1657 4737 1877 4798 saltem
1905 4737 1968 4795 in
1991 4736 2208 4815 judice
2238 4758 2431 4800 saecu=

899 4831 1037 4908 lari,
1074 4832 1220 4909 quia
1251 4831 1355 4890 illa
1378 4834 1471 4890 est
1489 4848 1663 4889 mera
1685 4829 2167 4890 communicatio
2199 4831 2424 4906 ciVilis3

900 4942 1093 5003 quare
1124 4924 1283 4983 sicut
1310 4922 1789 4983 communicatio
1812 4921 2048 4981 domini
2071 4941 2213 4982 cum
2233 4925 2429 4984 servis

898 5034 1022 5076 non
1051 5021 1146 5077 est
1168 5021 1495 5094 peccatum
1524 5033 1715 5092 grave
1740 5061 1754 5088 ,
1788 5032 1902 5074 nec
1933 5013 2117 5074 etiam
2151 5034 2427 5077 commu-

897 5110 1126 5171 nicatio
1141 5109 1392 5189 judiciS,
1417 5127 1555 5187 quae
1575 5110 1645 5168 fit
1660 5108 1720 5166 in
1745 5108 1983 5168 actibus
1997 5108 2422 5187 judicialibus,

897 5203 1145 5264 videtur
1174 5221 1307 5263 esse
1339 5202 1522 5280 culpa
1564 5200 1793 5279 gravisi.
1836 5201 1924 5259 De
1968 5199 2182 5280 judice
2228 5205 2428 5263 eccle-

896 5295 1142 5358 siastico
1196 5300 1406 5374 posset
1456 5293 1659 5371 magis
1716 5292 2009 5369 dubitari,
2062 5295 2210 5372 quia
2263 5296 2425 5356 illius

896 5394 1072 5450 actus
1101 5389 1392 5449 videntur
1421 5405 1554 5447 esse
1584 5386 1784 5464 magis
1813 5386 2187 5464 spirituales,
2220 5390 2429 5450 adhuc

898 5488 1106 5543 tamen
1130 5482 1420 5543 videntur
1448 5480 1715 5541 multum
1765 5478 1995 5540 habere
2045 5481 2122 5541 de
2153 5500 2428 5542 commu-

2079 297 2183 355 DI«)
2224 296 2573 357 JUSTITIA
2624 296 2723 355 ET
2764 296 2962 357 JUIOE

2548 472 2859 533 nicatione
2889 474 3054 533 civili
3079 494 3093 545 ;
3147 478 3209 534 et
3239 473 3379 534 ideo
3427 476 3553 535 dixi
3585 481 3918 556 utramque
3946 497 4081 538 sen-

2546 566 2807 627 tentiam
2836 566 3033 626 videri
3064 567 3479 645 probabilem.
3514 569 3672 629 Hinc

2625 658 2829 719 Intero
2862 660 3085 737 primo,
3121 662 3732 723 excommunicatum
3780 681 3905 724 non
3933 664 4082 724 tole-

2546 754 2752 811 ratum
2782 769 3043 829 peccare
3073 751 3405 830 dupliciter
3430 754 3805 833 proferendo
3834 760 4085 816 senten-

2545 842 2695 904 tiam
2730 844 2791 903 in
2840 844 3103 923 judicic.
3152 846 3383 921 Primo,
3435 851 3653 908 contra
3696 854 4083 928 praeceptum

2546 936 2838 996 Ecclesiae
2870 937 3261 1015 prohibentis
3289 938 3463 998 illum
3493 944 3703 1000 actum
3733 940 4085 1000 communi-

2547 1029 2830 1090 cationis,
2866 1031 3178 1106 SecundO,
3201 1037 3419 1093 contra
3430 1030 3759 1110 justitiam,
3790 1052 4085 1094 exercen-

2547 1120 2626 1180 do
2651 1120 3154 1200 jurisdictionem
3204 1123 3268 1182 in
3319 1141 3425 1184 eos
3467 1125 3532 1184 in
3561 1144 3719 1205 quos
3765 1145 3881 1206 pro
3934 1130 4087 1188 tunc

2549 1213 2782 1273 nullam
2840 1214 3032 1275 habet
3076 1215 3602 1292 jurisdictionem.
3665 1219 3825 1279 Hinc
3871 1222 4087 1280 autem

2548 1305 2695 1365 oriri
2725 1311 2930 1384 potest
2959 1307 3221 1367 dubium
3246 1328 3261 1380 ;
3314 1326 3395 1367 an
3436 1308 3633 1387 judex
3659 1310 3765 1370 ille
3794 1314 4089 1372 teneatur

2547 1399 2626 1457 ad
2655 1399 3108 1459 restitutionem
3138 1400 3352 1460 damni
3381 1401 3769 1479 litigantibus
3784 1404 3989 1464 secuti
4010 1421 4086 1462 ex

2543 1490 2664 1550 illis
2693 1491 2936 1551 actibus
2959 1491 3387 1570 judicialibus.
3439 1495 3517 1554 Et
3544 1494 3800 1573 quidem
3844 1500 4088 1557 certum

2546 1583 2814 1657 videtur,
2874 1584 3070 1645 teneri
3129 1585 3209 1644 ad
3268 1586 3689 1647 restituendas
3747 1595 4083 1667 expensa3,

2549 1694 2702 1754 quas
2733 1695 2805 1735 ea
2836 1677 2912 1735 de
2944 1695 3131 1737 causa
3162 1678 3466 1739 inutiliter
3509 1679 3796 1742 fecerunt
3840 1681 4087 1760 litigan-

2545 1771 2660 1843 tes,
2695 1769 2799 1847 qui
2822 1773 3079 1848 propter
3107 1770 3453 1831 nullitatem
3476 1773 3821 1850 sententias,
3857 1779 3923 1834 et
3948 1773 4085 1833 reli·

2548 1878 2814 1938 quorum
2843 1868 3121 1937 actuum,
3140 1866 3436 1923 tenentur
3455 1868 3673 1941 postea
3702 1865 3934 1925 iterum
3955 1884 4087 1943 per-

2546 1971 2732 2031 agere
2763 1953 3051 2014 eamdem
3079 1973 3359 2016 causam.
3392 1958 3523 2017 Hoc
3543 1956 3805 2035 inquam
3835 1959 4086 2019 videtur

2547 2049 2809 2121 certum,
2839 2044 2987 2107 licet
3016 2049 3166 2108 Soto
3195 2047 3257 2106 in
3288 2050 3392 2110 lV.
3445 2048 3507 2108 d.
3543 2064 3695 2110 xxu.
3732 2069 3842 2129 qu.
3874 2070 3931 2112 1.
3966 2057 4079 2111 art.

2546 2143 2603 2198 4.
2638 2139 2940 2199 colum.4.
2962 2140 3163 2200 solum
3193 2140 3361 2200 dicat
3380 2140 3662 2219 judicem
3710 2143 3891 2203 illum
3930 2145 4085 2205 forte

2544 2232 2744 2292 teneri
2772 2231 2854 2291 ad
2884 2231 3341 2292 restituendum
3368 2250 3478 2310 pro
3510 2233 3631 2293 illis
3661 2235 3962 2313 expensis
3989 2236 4078 2295 in-

2545 2322 2820 2399 utilibus,
2854 2324 2965 2383 sed
2993 2328 3160 2385 certe
3188 2325 3267 2384 de
3310 2324 3431 2384 illis
3478 2326 3766 2406 expensis
3794 2329 3973 2388 nulla
4000 2328 4086 2389 vi-

2545 2416 2730 2477 detur
2759 2435 2892 2476 esse
2922 2416 3080 2477 ratio
3111 2416 3462 2479 dubitandi.
3497 2418 3771 2479 Dubium
3802 2439 3945 2481 esse
3975 2439 4081 2499 po·

2544 2512 2666 2570 test
2695 2510 2773 2569 de
2803 2509 3034 2570 damno
3066 2528 3179 2588 per
3216 2510 3419 2589 ipsam
3448 2512 3831 2573 sententiam
3860 2513 4034 2575 illato
4065 2533 4078 2574 ε

2544 2603 2596 2662 si
2625 2621 2686 2663 v.
2720 2620 2814 2680 gr.
2857 2602 3053 2682 judex
3100 2603 3375 2682 aliquem
3407 2604 3686 2684 alioquin
3716 2606 3988 2685 dignum
4014 2625 4083 2666 ea

2544 2714 2733 2775 poena
2789 2696 3235 2758 condemnavit
3287 2698 3370 2758 ad
3424 2698 3793 2759 solvendam
3849 2705 4081 2762 certam

2544 2807 2856 2848 summam
2885 2789 3203 2867 pecuniae;
3239 2809 3319 2850 an
3347 2796 3567 2869 postea
3585 2791 3775 2870 judex
3795 2797 4085 2853 teneatur

2544 2882 2869 2942 restituere
2907 2882 3078 2942 illam
3126 2884 3496 2961 pecuniam,
3551 2903 3740 2963 quam
3785 2904 3937 2945 reus
3978 2905 4085 2964 per

2543 2975 2916 3035 sententiam
2972 2975 3310 3035 invalidam
3369 2977 3612 3037 solvere
3659 2982 3920 3038 coactus
3946 2979 4077 3040 fuit.

2543 3069 2700 3128 Item
2723 3067 2776 3127 si
2806 3067 3114 3146 ejusmodi
3137 3068 3333 3147 judex
3366 3069 3639 3149 aliquem
3670 3070 3880 3150 capite
3907 3072 4085 3132 dam-

2544 3160 2736 3237 navit,
2770 3178 2851 3221 an
2881 3165 3172 3223 teneatur
3199 3161 3334 3241 ejus
3362 3163 3527 3234 11Ιί18,
3563 3163 3662 3223 vel
3692 3164 3876 3225 uxori
3904 3166 4084 3228 resti·

2541 3258 2716 3315 tuere
2746 3272 2820 3315 eo
2850 3255 3039 3316 modo
3090 3273 3214 3334 quo
3271 3256 3589 3317 homicida
3629 3257 3900 3336 injustus
3928 3259 4086 3321 solet

2541 3347 2761 3407 tenerL

2621 3443 2709 3501 De
2739 3439 2859 3500 hoc
2886 3438 3076 3499 dubio
3107 3458 3230 3500 non
3262 3444 3457 3519 agunt
3484 3441 3777 3504 doctores
3830 3464 3846 3504 ε
3900 3450 3966 3506 et
3993 3444 4084 3504 vi-

2540 3533 2726 3595 detur
2752 3550 2885 3592 esse
2914 3532 3071 3592 ratio
3101 3532 3427 3593 dubitandi
3458 3553 3571 3613 pro
3593 3538 3856 3615 utraque
3874 3542 4077 3616 parte.

2540 3624 2717 3697 Quod
2765 3626 2935 3684 enim
2981 3624 3082 3684 ille
3126 3643 3248 3686 non
3288 3629 3580 3686 teneatur
3619 3627 3703 3688 ad
3743 3629 4082 3690 restitutio·

2539 3736 2704 3792 nem,
2738 3717 2988 3795 probari
3018 3717 3300 3794 videtur,
3334 3719 3480 3797 quia
3508 3719 3745 3780 damna
3775 3740 3895 3782 non
3929 3740 4082 3784 con-

2538 3813 2888 3889 sequuntur
2932 3829 3006 3870 ex
3053 3810 3524 3874 circumstantia
3573 3815 4084 3875 excommunica-

2535 3904 2721 3965 tionis
2745 3950 2759 3979 ,
2806 3902 2917 3962 sed
2947 3920 3023 3962 ex
3053 3903 3368 3964 occisione
3396 3923 3457 3966 v.
3492 3924 3555 3983 g.
3593 3905 3796 3982 illius,
3846 3908 4085 3967 occisio

2537 4002 2747 4057 autem
2777 3999 3025 4073 poterat
3051 3995 3129 4055 ab
3160 3996 3385 4057 eodem
3427 3997 3642 4076 judice
3699 4004 3841 4077 post
3872 4000 4086 4060 modi-

2535 4108 2677 4151 cum
2698 4093 2944 4167 tempus
2973 4087 3137 4148 licite
3168 4089 3444 4167 praecipi,
3481 4090 3741 4152 obtenta
3769 4093 3949 4171 prius
3978 4094 4087 4152 ab·

2535 4182 2840 4243 solutione
2868 4181 2948 4240 ab
2979 4181 3666 4256 excommunicatione3
3715 4203 3946 4263 parum
3978 4203 4084 4244 au·

2533 4279 2661 4335 tem
2688 4273 2938 4333 videtur
2965 4272 3199 4333 referre
3248 4273 3415 4352 quod
3458 4273 3560 4334 ille
3604 4293 3751 4335 reus
3779 4277 4087 4337 condem·

2532 4370 2717 4428 netur
2750 4385 2786 4426 a
2814 4365 3022 4443 iudice
3051 4366 3619 4445 excommunicato,
3654 4370 3708 4429 si
3737 4374 3962 4429 tamen
3993 4370 4088 4430 fa-

2534 4461 2648 4521 cile
2677 4462 2924 4538 poterat
2950 4460 3029 4520 ab
3060 4459 3284 4520 eodem
3313 4460 3601 4522 absoluto
3629 4462 3855 4522 eodem
3885 4464 4087 4524 modo

2532 4552 2968 4624 condemnari3
2994 4551 3298 4631 injustitia
3325 4554 3494 4612 enim
3521 4558 3654 4615 tota
3669 4561 3971 4617 versatur
3999 4557 4085 4616 ibi

2530 4647 2593 4705 in
2625 4645 2837 4720 mod0,
2870 4662 2991 4704 non
3014 4663 3162 4705 vero
3192 4645 3256 4704 in
3287 4645 3676 4720 substantia3
3709 4648 3949 4709 modus
3978 4668 4086 4709 au·

2528 4744 2657 4800 tem
2685 4737 2954 4816 injustus
2981 4756 3106 4798 non
3144 4738 3393 4800 videtur
3422 4740 3713 4801 sufficere
3742 4746 3812 4803 ut
3836 4742 4089 4821 oblige-

2528 4837 2631 4893 tur
2659 4830 2741 4892 ad
2772 4830 3227 4891 restitutionem
3254 4876 3269 4906 ,
3322 4831 3484 4894 sicut
3529 4832 3579 4891 si
3609 4832 3842 4912 injuria
3873 4835 4093 4896 consi-

2526 4927 2719 4986 steret
2747 4923 2810 4982 in
2852 4923 3119 5002 ipsamet
3144 4923 3491 4985 substantia
3545 4941 3561 4987 :
3613 4945 3765 5006 ergo
3794 4927 3881 4986 ad
3915 4947 4091 4988 sum-

2525 5036 2698 5078 mum
2726 5017 3040 5078 tenebitur
3058 5016 3253 5095 judex
3272 5017 3351 5076 ad
3381 5018 3444 5077 id
3474 5018 3649 5099 quod
3678 5020 3953 5083 interest
3977 5041 4091 5083 reo

2526 5129 2650 5170 non
2682 5110 2871 5170 fuisse
2900 5110 3385 5170 condemnatum
3416 5129 3490 5172 eo
3519 5111 3709 5173 modo
3730 5159 3747 5188 ,
3778 5114 3899 5174 sed
3943 5126 4091 5194 post

2526 5204 2845 5264 obtentam
2877 5203 3353 5264 absolutionem.

2608 5296 3058 5373 Confirmatur‚
3112 5295 3258 5374 quia
3286 5297 3339 5357 si
3369 5295 3596 5376 aliquis
3625 5299 3726 5359 cui
3755 5304 3859 5360 est.
3888 5299 4087 5362 inter·

2529 5389 2732 5450 dictus
2760 5389 3079 5466 ingressus
3108 5389 3172 5449 in
3203 5389 3558 5465 ecclesiam,
3590 5391 3867 5454 violaret.
3915 5393 4085 5455 banc

2525 5483 3036 5561 prohibitionem,
3065 5488 3130 5544 et
3154 5482 3472 5562 ingressus
3499 5483 3561 5543 in
3595 5484 3913 5564 templum
3942 5506 4086 5547 sua·

4196 662 4230 719 Ii

4125 780 4230 828 nonna

4156 850 4230 891 ἰιι

4124 899 4221 935 eontra

4124 946 4206 995 liam,
4225 964 4230 989 ι

4144 1001 4230 1044 beau

4123 1060 4222 1103 tum,

4153 1116 4230 1154 821ss
