4263 6376
1251 263 1724 330 DISPU'PATIO
1769 262 1984 343 XXIV,
2034 265 2307 332 SECTIO
2351 272 2511 333 v111.

90 469 227 521 „mxu
284 446 668 527 praelationis
700 451 765 509 et
808 446 1216 509 successionis
1259 446 1609 507 cert-issima
1639 445 1827 507 debet

90 522 217 564 ationis

90 577 198 619 ditur.

285 558 415 602 esse
470 541 579 601 illa
607 541 853 619 regula.
917 541 979 601 Si
1012 540 1191 600 vinco
1241 540 1594 600 vincentem
1645 544 1727 616 te,
1788 559 1824 599 a

283 635 520 695 fortiori
546 633 808 696 vincam
835 638 919 695 tea
979 634 1102 695 Sed
1132 633 1241 694 filii
1281 633 1491 693 fratris
1521 632 1819 709 defuncti,

283 728 532 809 qnando
563 731 707 789 erat
751 726 1025 788 defuncti
1072 727 1267 787 frater
1312 745 1386 786 ex
1419 731 1684 804 utroque
1714 745 1826 804 pa-

281 824 492 898 rente,
550 821 901 883 excludunt
946 821 1169 881 fratres
1225 819 1500 881 defuncti
1543 819 1824 880 viventes

281 915 476 977 solum
506 914 818 991 uterinos,
858 913 956 975 vel
986 912 1504 993 consanguinem,
1549 912 1697 991 quia
1726 930 1825 972 re-

282 1012 665 1088 praesentant
735 1017 919 1069 suum
974 1009 1219 1086 patrem
1243 1052 1258 1083 ,
1337 1006 1444 1085 qui
1515 1004 1825 1085 ejusmodi

282 1102 531 1184 fratres.
573 1100 962 1176 excluderet,
1034 1103 1101 1162 ut
1153 1107 1344 1178 supra
1399 1099 1690 1175 vidimuS,
1765 1101 1827 1159 et

283 1195 533 1255 aliunde
559 1194 881 1274 ejusmodi
911 1194 1132 1255 fratres
1160 1192 1410 1267 uterini,
1436 1191 1535 1251 vel
1566 1207 1826 1252 consan-

282 1287 490 1368 guinei
531 1287 949 1348 excluderent
992 1291 1249 1366 patruos
1296 1284 1573 1345 defuncti
1602 1284 1826 1345 fratres

282 1381 470 1461 patris
491 1380 788 1460 ejusdem
816 1378 1116 1455 defuncti,
1151 1380 1220 1440 ut
1238 1380 1484 1440 constat
1509 1396 1585 1437 ex
1605 1377 1825 1437 eadem

282 1474 414 1552 lege
445 1494 458 1533 :
492 1489 649 1551 ergo
682 1492 723 1533 a
750 1471 990 1533 fortiori
1021 1472 1303 1550 praedicti
1335 1471 1444 1531 filii
1474 1470 1689 1531 fratris
1722 1470 1824 1530 de-

283 1566 470 1628 functi
500 1566 849 1627 excludent
876 1569 1133 1644 patruos
1164 1563 1461 1626 defuncti.
1508 1566 1702 1624 Porro
1734 1582 1829 1623 re-

283 1661 491 1740 gulam
519 1659 702 1720 illam
750 1658 814 1718 in
859 1655 1357 1720 successionibus
1402 1664 1621 1717 veram
1665 1669 1823 1733 csse,

285 1756 525 1816 constat
551 1752 893 1814 manifeste
918 1771 993 1813 ex
1020 1750 1316 1828 absurde,
1351 1750 1518 1830 quod
1549 1749 1702 1810 alias
1732 1765 1829 1810 se-

285 1849 583 1928 queretur
642 1864 659 1910 :
723 1864 870 1905 nam
898 1845 950 1906 si
978 1863 1227 1923 possem
1261 1842 1592 1905 excludere
1622 1843 1830 1903 exclu-

286 1938 533 2001 dentem
562 1941 653 2015 te,
708 1942 772 1999 et
813 1957 937 1999 non
981 1938 1311 1999 excludere
1358 1940 1441 2013 te,
1493 1954 1824 2015 ponamus,

286 2032 449 2111 quod
477 2035 820 2092 manerent
846 2030 1076 2108 patrui,
1126 2033 1189 2091 et
1216 2025 1440 2090 fratres
1469 2030 1717 2106 uterini,
1771 2033 1833 2090 ct

285 2124 391 2186 filii
419 2123 638 2186 fratris
698 2123 978 2184 defuncti
1019 2122 1313 2202 utrinque
1357 2121 1678 2202 conjuncti
1720 2121 1831 2182 de-

287 2220 492 2280 functo
528 2239 542 2280 :
588 2219 747 2280 tunc
775 2216 999 2279 fratres
1029 2215 1259 2276 uterini
1288 2215 1694 2276 excluderent
1720 2227 1831 2294 pa-

288 2316 476 2386 truoS,
530 2315 730 2391 atque
758 2310 902 2370 ideo
948 2309 1151 2388 patrui
1185 2315 1309 2370 non
1339 2310 1595 2387 possent
1621 2319 1829 2369 succe-

288 2403 451 2466 dere.
486 2406 737 2465 Rursus
766 2402 832 2463 hi
852 2403 1074 2464 fratres
1094 2401 1321 2463 uterini
1344 2401 1683 2462 succedere
1706 2419 1830 2462 non

286 2499 568 2580 possent,
624 2497 779 2577 quia
806 2495 918 2556 filii
945 2495 1153 2557 fratris
1183 2495 1460 2556 defuncti
1491 2514 1597 2556 eos
1627 2495 1830 2555 exclu-

287 2591 525 2653 derent.
560 2592 807 2651 Rursus
835 2605 1040 2667 neque
1062 2588 1125 2648 hi
1145 2588 1253 2649 filii
1275 2588 1684 2648 succederent
1707 2587 1830 2648 sal-

287 2689 407 2747 tem
435 2684 576 2761 soli,
632 2683 785 2763 quia
814 2681 1022 2761 patrui
1052 2682 1386 2742 succedere
1426 2680 1659 2741 vellent
1686 2689 1829 2741 cum

288 2779 422 2839 illis.
485 2779 566 2838 Et
609 2795 833 2837 rursus
879 2774 1101 2835 fratres
1150 2774 1373 2835 uterini
1427 2773 1832 2834 excluderent

287 2875 540 2952 patruos
596 2869 684 2930 ab
733 2886 808 2928 ea
863 2866 1112 2946 partiali
1157 2866 1573 2942 successione,
1635 2869 1697 2927 et
1742 2865 1830 2926 sic

289 2965 581 3043 deinceps
612 2963 879 3023 daretur
904 2958 1193 3040 ,circulus
1235 2957 1666 3020 exclusionum
1696 2958 1830 3019 sine

288 3060 427 3120 fine.
487 3055 700 3118 Debet
736 3059 889 3132 ergo
916 3051 1263 3114 certissima
1291 3069 1424 3112 esse
1454 3051 1559 3111 illa
1587 3052 1825 3131 regula,

202 3171 207 3175 ·
291 3151 454 3233 quod
500 3150 612 3231 qui
657 3144 937 3210 excludit
978 3144 1450 3222 excludentem,
1513 3157 1549 3205 a
1589 3143 1831 3206 fortiori

291 3245 562 3308 excludit
608 3243 959 3316 exclusum,-
1005 3242 1067 3300 et
1107 3238 1250 3299 ideo
1278 3237 1502 3300 merito
1549 3238 1649 3298 lex
1679 3238 1834 3299 dixit

289 3340 352 3400 in
375 3339 580 3400 citatis
609 3334 824 3397 verbis
856 3353 871 3393 ε
903 3328 1068 3393 Illud
1075 3331 1279 3414 palam
1301 3339 1403 3409 est,
1438 3331 1579 3412 quia
1604 3330 1835 3392 Theiois

290 3431 549 3513 defuncti
565 3435 1035 3513 proeponuntur‚·
1063 3425 1209 3506 quia
1238 3425 1473 3486 scilicet
1502 3442 1577 3485 ex
1606 3424 1834 3503 princi-

292 3524 405 3607 piis
431 3524 657 3606 positis
704 3540 819 3604 per
863 3518 1373 3598 consequentiam
1416 3518 1833 3579 necessariam

294 3621 408 3682 hoc
442 3614 954 3698 consequebatur
1007 3633 1020 3674 ε
1078 3610 1365 3693 quamvis
1394 3610 1680 3691 explicite
1709 3627 1831 3671 non

292 3713 505 3775 suisset
534 3726 929 3791 expressum.
1118 3782 1121 3785 Ἴ

369 3806 645 3880 Quando
673 3799 1123 3881 consanguinei
1173 3798 1275 3859 alii
1306 3799 1469 3859 intra
1521 3797 1835 3859 decimum

294 3900 566 3980 gradum
605 3898 836 3977 praeter
862 3894 1109 3972 fratres,
1169 3895 1234 3956 et
1259 3891 1422 3955 filios
1450 3892 1715 3954 fratrum
1743 3908 1836 3951 re-

294 3993 754 4073 praesentantes
774 3992 1041 4067 patrem,
1065 3984 1432 4061 succedunt,
1450 3984 1681 4045 debent
1698 3994 1845 4044 suc—·

295 4087 518 4149 cedere
549 4085 602 4144 ii
633 4100 873 4157 omneS,
907 4079 1187 4159 quisunt
1234 4079 1299 4139 in
1356 4078 1583 4157 aequali
1635 4077 1837 4156 gradu

294 4176 686 4260 proximiori,
720 4172 875 4236 ethi
904 4186 1123 4233 omnes
1150 4174 1265 4251 per
1311 4171 1538 4249 capita,
1574 4180 1696 4230 non
1726 4188 1840 4249 per

296 4274 587 4352 stirpem,
621 4270 695 4330 iis
718 4267 1007 4328 omnibus
1048 4265 1503 4341 deficientibuS,
1563 4264 1842 4324 succedit

296 4367 546 4445 conjux,
587 4363 637 4424 si
669 4376 794 4423 non
821 4358 1142 4438 praecessit
1182 4357 1546 4433 divortium,
1582 4374 1708 4416 non
1751 4361 1847 4417 ta-·

297 4478 435 4519 men
467 4454 692 4536 sponsi
719 4452 798 4513 de
827 4452 1058 4514 futuro,
1095 4451 1309 4529 Neque
1360 4448 1551 4510 etiam
1606 4448 1833 4523 obstat,

298 4550 639 4612 divortium
694 4544 1109 4626 praecessisse,
1171 4543 1221 4602 si
1277 4545 1561 4621 tempore
1618 4538 1839 4600 mortis

299 4644 475 4705 eraut
502 4638 916 4715 reconciliati,
950 4640 1020 4698 ut
1065 4634 1306 4697 notavit
1356 4637 1642 4713 vasquez
1673 4632 1839 4692 dieto

298 4737 354 4815 ἓ.
384 4736 487 4799 ΠΙ.
525 4734 682 4796 dub.
745 4740 791 4793 11
837 4742 899 4792 n.
941 4733 1041 4791 62.
1086 4728 1266 4791 Adde
1322 4727 1548 4806 prime,
1597 4724 1839 4787 etiamsi

300 4836 438 4894 sent
464 4826 882 4893 ascendentes
909 4825 1009 4885 vel
1043 4822 1452 4898 collaterales,
1505 4819 1841 4880 succedere

301 4928 664 5006 conjugem,
696 4917 950 5000 q'uando
978 4917 1166 4993 filius,
1200 4916 1299 4976 vel
1327 4914 1456 4974 filia
1480 4912 1712 4990 clerici,
1740 4912 1841 4971 vel

303 5017 597 5081 monialis
643 5012 983 5092 conjugata
1038 5007 1288 5069 decedit
1348 5007 1481 5067 sine
1538 5006 1732 5086 prole,
1783 5008 1846 5065 et

307 5112 562 5192 quando
592 5109 802 5169 essent
830 5104 962 5166 nati
1005 5119 1080 5165 ex
1135 5101 1305 5162 coitu
1334 5099 1696 5175 damnabili,
1731 5115 1847 5177 per

307 5222 491 5287 quem
521 5205 727 5264 mater
778 5214 1033 5279 pennam
1087 5194 1307 5256 mortis
1361 5193 1725 5265 incurreret,
1780 5196 1850 5253 ut

307 5318 449 5361 cum
479 5296 753 5362 Antonio
788 5290 1039 5367 Gom‘ez,
1088 5293 1151 5350 et
1198 5287 1577 5350 (levari-uria
1607 5286 1853 5347 notavit·

309 5394 594 5473 vasquez
653 5389 765 5465 ibi,
825 5388 886 5447 ct
941 5382 1252 5462 colligitur
1307 5396 1380 5441 ex
1438 5380 1847 5453 Anthentico,

309 5486 511 5567 quibos
538 5481 723 5547 modis
745 5477 1050 5541 naturales
1077 5473 1416 5557 efficiantur
1440 5472 1551 5550 sui,
1571 5471 1831 5551 §Filiam

3355 281 3461 338 113

1938 447 2117 508 Adde
2160 449 2458 526 secundo,
2512 450 2765 529 quando
2820 452 3045 512 mulier
3118 453 3250 514 sine
3320 456 3464 517 dote

1938 541 2169 620 nupsit,
2204 546 2266 603 et
2289 547 2536 604 mortuo
2559 544 2714 620 vir0,
2749 563 2906 606 uxor
2935 565 3058 606 non
3090 547 3280 609 habet
3299 549 3465 608 unde

1937 634 2151 694 vivere
2181 640 2392 714 posset
2432 637 2785 712 commode,
2844 638 3085 700 etiamsi
3142 640 3374 702 habeat
3399 642 3468 701 li-

1936 727 2145 803 berOS,
2180 746 2321 788 cum
2351 728 2471 789 illis
2498 730 2833 791 succedere
2890 737 3155 793 matrem
3187 734 3248 793 in
3280 754 3476 813 quar--

1936 824 2001 881 ta
2030 825 2206 899 parte
2234 821 2546 883 bonorum
2574 824 2803 898 mariti,
2838 823 3158 904 inquibus
3185 827 3295 887 filii
3328 847 3468 888 suc-

1939 913 2191 990 cedunt,
2225 914 2278 973 si
2299 914 2360 974 hi
2383 933 2506 975 non
2538 919 2683 977 sunt
2702 917 2910 995 plures
2942 938 3131 997 quam
3150 923 3294 997 t1·eS‚
3319 921 3467 981 alio-

1940 1005 2088 1085 quin
2119 1007 2403 1069 succedit
2429 1026 2570 1069 cum
2625 1009 2745 1069 illis
2775 1029 2889 1089 per
2915 1012 3154 1090 capita:
3190 1017 3252 1073 et
3278 1014 3466 1074 modo

1941 1099 2143 1178 portio
2200 1100 2440 1177 matris,
2482 1101 2582 1161 vel
2612 1106 2837 1181 quarta
2863 1103 2970 1163 illa
3029 1123 3155 1166 non
3210 1107 3471 1168 excedat

1940 1197 2190 1255 centum
2219 1192 2411 1253 libras
2441 1194 2616 1267 au1·i;
2677 1214 2801 1256 non
2860 1196 3026 1256 enim
3072 1202 3278 1275 potest
3329 1200 3468 1279 plns

1941 1287 2264 1366 accipere:
2296 1287 2558 1366 singulae
2588 1293 2801 1349 autem
2832 1290 3012 1350 librae
3066 1292 3473 1354 continebant

1938 1383 2037 1441 72.
2072 1380 2324 1441 solidos
2360 1381 2552 1460 Cujus
2591 1383 2896 1459 portionis
2953 1381 3342 1445 ususfructus
3371 1387 3470 1447 s'o-

1939 1474 2036 1534 lus
2056 1473 2326 1553 pertinet
2352 1475 2432 1534 ad
2464 1487 2745 1552 uxorem,
2779 1480 2841 1538 et
2872 1477 3222 1539 dominium
3270 1478 3351 1538 ad
3398 1481 3468 1539 fi-

1939 1566 2073 1643 lios,
2110 1566 2159 1626 si
2190 1567 2345 1628 sint:
2406 1567 2457 1627 si
2503 1586 2654 1628 vero
2684 1585 2808 1629 non
2851 1569 2995 1647 sint,
3031 1572 3343 1649 pertinent
3389 1574 3469 1633 ad

1943 1675 2223 1736 uxorem,
2259 1673 2397 1739 cfuae
2429 1660 2480 1720 si
2509 1661 2785 1739 legatum
2809 1681 2845 1722 a
2872 1663 3005 1725 viro
3025 1664 3264 1742 habuit,
3300 1684 3471 1726 com—

1943 1756 2121 1831 putat
2150 1752 2302 1812 illud
2333 1752 2394 1812 in
2426 1769 2604 1814 suam
2637 1757 3062 1834 quartam,vel
3093 1759 3466 1838 portionem,

1943 1850 2012 1907 ut
2040 1847 2286 1908 constat
2314 1861 2386 1906 ex
2417 1847 2793 1914 Authcntico
2824 1847 2893 1910 de
2945 1850 3279 1912 exhibendis
3332 1854 3467 1931 reiS,

1941 1940 1997 2018 §.
2038 1939 2321 2015 Quoniam
2375 1957 2536 2018 vero,
2571 1944 2633 2003 et
2662 1959 2736 2001 ex
2765 1943 3161 2018 AuthenticO,
3199 1964 3274 2006 an
3304 1946 3474 2007 liceat

1941 2032 2126 2094 matri
2151 2041 2205 2094 et
2257 2033 2423 2110 avioe,
2457 2034 2514 2113 ἓ.
2580 2034 2726 2110 Quia
2754 2041 2898 2096 vero·
2924 2036 3103 2117 quem
3132 2057 3201 2100 Π.
3237 2044 3301 2101 ct
3329 2039 3484 2101 cum'

1944 2126 2243 2205 Gregorio
2258 2129 2468 2206 Lopez¹
2495 2132 2668 2190 notat
2694 2128 2930 2193 Molina'
2947 2135 3156 2211 supra,
3191 2131 3247 2212 g.
3280 2129 3358 2194 Si
3381 2134 3475 2195 vir

1942 2237 2208 2283 uxorem,

2022 2313 2084 2376 Si
2115 2314 2387 2393 pupillus
2418 2314 2704 2393 decedat,
2741 2333 2865 2377 non
2918 2307 3284 2382 extantibus·
3327 2318 3471 2382 con·-

1942 2406 2303 2487 sanguineis
2345 2408 2506 2483 ullis,
2559 2410 2841 2472 succedit
2896 2411 2994 2471 illi·
3041 2418 3230 2491 tutor,
3293 2432 3369 2475 ex
3423 2411 3465 2477 l‘.

1948 2501 2070 2576 Quo
2100 2500 2299 2574 tutela,
2334 2515 2536 2563 Lxxlv.
2573 2501 2635 2563 ff.
2673 2502 2742 2564 (le
2768 2503 2987 2584 requfr‘s
3003 2505 3198 2586 juris',
3226 2511 3308 2567 cx*
3330 2519 3471 2568 sen-

1940 2595 2138 2657 tentia
2192 2593 2445 2671 Bartoli,
2481 2601 2543 2656 et
2571 2597 2834 2658 Antonii·
2858 2599 3085 2659 Gomez
3118 2600 3284 2679 apud
3317 2603 3471 2661 Vas-

1943 2703 2099 2768 quez
2130 2704 2235 2748 nu.
2271 2691 2368 2750 63.
2406 2688 2613 2750 Verba
2643 2690 2798 2767 legis
2828 2689 2994 2754 sunt.
3043 2709 3071 2748 <t
3098 2695 3230 2764 Quo
3279 2694 3472 2756 tutela

1941 2780 2125 2857 redit,
2161 2795 2234 2842 eo
2266 2783 2327 2842 ct
2354 2781 2689 2843 haereditas
2719 2785 3024 2862 pervenit,
3059 2785 3177 2846 nisi
3208 2795 3350 2847 cum
3384 2787 3475 2848 fe—

1941 2874 2130 2934 minae
2161 2874 2442 2935 haerede's
2489 2875 2904 2939 intercedunt.
2940 2901 2967 2935 ι)
3007 2880 3100 2939 Ex
3127 2881 3351 2959 quibus
3383 2885 3474 2941 ta-

1944 2986 2089 3028 men
2119 2968 2329 3028 verbis
2359 2967 2478 3029 hoc
2507 2987 2633 3029 non
2664 2969 2995 3049 colligitur,
3031 2976 3100 3034 ut
3134 2973 3475 3035 benedicit

1943 3061 2111 3122 idem
2126 3062 2432 3141 vasquez.
2467 3064 2626 3123 Nam
2645 3063 2733 3124 ibi
2757 3081 2879 3126 non
2902 3057 3197 3144 agit'urde
3228 3067 3472 3129 defectu

1944 3155 2573 3235 consanguineorum,
2624 3157 2733 3219 sed
2783 3157 2949 3238 quod
3008 3160 3172 3221 inter'
3226 3160 3364 3223 illos
3426 3162 3474 3222 is

1944 3250 2271 3328 praefertur
2299 3250 2361 3310 in
2400 3253 2816 3329 successione,
2852 3252 2928 3313 ad
2986 3270 3173 3333 quem
3203 3253 3476 3333 pertinet

1944 3343 2163 3420 tutela,
2202 3352 2352 3403 cum'
2404 3343 2539 3405 haec
2595 3348 2786 3407 ctiam
2841 3346 3325 3423 proximioribus
3370 3349 3471 3409 de·

1944 3437 2188 3513 beatur,
2224 3437 2343 3497 nisi
2396 3436 2521 3499 sint
2569 3438 2839 3500 feminae.
2875 3442 3012 3500 N‘on
3061 3448 3224 3519 ergo*
3270 3441 3478 3519 agitur

1947 3529 2023 3590 de
2055 3533 2262 3591 tutore
2293 3548 2417 3591 non
2466 3531 2931 3610 consanguineo
2988 3533 3144 3594 dato·
3186 3553 3261 3593 cx
3291 3540 3475 3595 testa-

1946 3628 2180 3700 mento,
2214 3624 2322 3684 vel*
2344 3630 2418 3684 cx
2449 3624 2650 3686 officio
2674 3624 2926 3706 judicis.

2024 3717 2307 3797 Denique
2338 3726 2461 3778 non
2491 3719 2845 3781 extantibus
2876 3719 3362 3800 consanguineis
3385 3722 3477 3780 in·

1948 3816 2048 3873 tra
2103 3811 2418 3872 decimum
2447 3812 2740 3890 gradum,
2774 3830 2889 3873 nec
2921 3831 3135 3890 uxore,
3197 3814 3480 3875 succedit

1948 3906 2136 3966 fiscus
2165 3906 2245 3966 ab
2277 3906 2601 3982 intestato,
2635 3907 2656 3965 1
2687 3924 2730 3968 Ι.
2790 3906 2845 3984 ξ.
2884 3907 3123 3982 ultimo,
3159 3909 3220 3969 ff.
3256 3907 3482 3987 dejure

1949 3997 2099 4079 fisci,
2131 4000 2174 4061 l.
2212 3998 2253 4060 1³.
2289 3999 2417 4061 etl.
2473 3999 2766 4076 Vacantia,
2800 4002 2864 4061 C.
2912 3999 2982 4059 de
3037 3999 3195 4060 bonis
3224 4002 3480 4062 vacanti-

1951 4092 2073 4169 bch,
2106 4092 2214 4153 lib.
2250 4106 2309 4152 x.
2346 4092 2553 4168 fiscuS,
2609 4093 2892 4171 inquam,
2928 4092 3125 4153 laicus
3184 4092 3477 4161 defuncto

1949 4186 2130 4263 laico,
2167 4190 2228 4247 et
2257 4183 2711 4247 ecclesiasticus
2741 4186 3180 4249 ecclesiastice.
3220 4186 3480 4260 Quando

1949 4296 2100 4340 vero
2134 4279 2501 4358 peregrinus
2552 4278 2616 4338 in
2672 4279 2967 4357 hospitali
2996 4280 3480 4358 decedit,‚hona

1950 4372 2214 4433 mobilia·
2264 4390 2402 4451 quae
2433 4371 2520 4431 ibi
2549 4372 2967 4450 reperiuntur,
3028 4373 3485 4437 distribuuntur

1952 4484 2065 4545 per
2081 4465 2454 4545 episcopum
2478 4465 2541 4524 in
2572 4481 2798 4527 causas
2817 4466 2975 4545 pias,
3011 4484 3085 4525 ex
3101 4467 3482 4530 Authcntica

1955 4557 2161 4619 Omnes
2185 4556 2504 4637 pet-cyrini,
2539 4559 2605 4618 C.
2633 4554 2986 4619 Communia
3004 4556 3074 4619 dc
3116 4562 3484 4621 successioni*

1953 4651 2073 4714 bus.
2104 4650 2262 4725 Quid
2306 4652 2519 4712 autem
2550 4652 2626 4711 de
2667 4651 2808 4729 jure
2840 4652 3115 4731 Hispano
3158 4658 3307 4715 tunc
3348 4656 3478 4730 fiat,

1952 4745 2245 4807 videatur
2273 4747 2561 4825 Vasquez
2591 4745 2696 4807 uhi
2728 4766 2916 4826 supra
2949 4764 3122 4810 num.
3143 4751 3241 4810 64.
3270 4752 3333 4809 et
3359 4749 3484 4810 Mo-

1952 4839 2082 4899 lina
2112 4843 2175 4900 et
2203 4839 2442 4901 ultimo*⁴

3602 2341 3716 2400 193

3573 2465 3701 2508 'I'ulor
3719 2478 3768 2507 an

3573 2518 3765 2562 succedat

3587 2575 3758 2628 pupillo.
