4263 6376
1086 353 1554 414 DlsPU'rA'rlo
1598 353 1872 428 XXXlV,
1923 353 2196 415 SEcho
2244 354 2345 413 111.

135 533 221 590 cet
245 529 524 591 Corduba
546 547 729 608 quem
761 530 942 590 affert
969 533 1031 591 ct
1057 531 1338 609 sequitur
1357 532 1636 610 vasquez

136 625 270 686 dub.
305 641 426 683 xv1.
464 643 525 683 n.
557 626 616 684 3.
650 627 712 684 et
738 623 1079 684 Turi-ianus
1109 624 1214 684 ubi
1246 643 1438 703 supra
1480 623 1630 684 dub.

141 733 200 776 11.
235 717 291 774 iu
318 717 457 776 line.

208 808 544 869 Dicendum
574 808 838 884 videtur,
867 815 1068 871 totum
1108 809 1226 870 hoc
1260 810 1533 887 pendere
1564 828 1639 868 ex

141 903 430 976 facultate,
466 921 605 980 quae
650 902 963 979 przedictis
1021 902 1289 963 dominis
1346 919 1642 962 concessa

143 1001 224 1057 est
248 1015 283 1055 a
307 1013 595 1074 supremo
624 995 906 1075 principe
924 995 1003 1055 ad
1033 996 1402 1057 electionem
1423 995 1644 1056 talium

143 1088 494 1148 officialium.
528 1090 687 1147 Nam
714 1088 765 1147 si
818 1088 967 1166 ipsis
1023 1088 1371 1148 dominium
1416 1088 1643 1148 horum

146 1179 465 1242 officiorum
494 1199 862 1242 concessum
906 1186 1001 1242 est
1030 1199 1174 1241 cum
1215 1181 1507 1242 facultate
1540 1179 1644 1240 eli-

144 1273 313 1351 gendi
358 1292 512 1352 quos
555 1273 889 1348 voluerint,
952 1278 1246 1352 poterunt
1292 1292 1367 1333 ex
1422 1277 1646 1334 natura

149 1367 224 1427 rei
251 1385 320 1427 ea
346 1366 641 1427 vendere.
677 1366 922 1427 Sufficit
946 1385 1096 1427 vero
1127 1367 1380 1428 licentia
1421 1365 1647 1445 princi-

148 1459 229 1538 pis
254 1477 557 1538 expressa,
584 1459 683 1519 vel
711 1459 924 1535 tacita,
958 1478 1099 1538 quae
1141 1459 1332 1520 tacita
1384 1458 1649 1518 facultas

152 1552 523 1631 praesumitur
553 1552 615 1611 iu
645 1552 860 1613 multis
888 1552 1157 1627 casibuS,
1192 1569 1349 1630 quos
1393 1569 1651 1611 enume-

150 1651 233 1706 rat
257 1645 528 1706 Sanchez
558 1645 620 1706 d.
657 1663 711 1705 c.
739 1646 788 1705 I.
822 1644 970 1704 dub.
1005 1661 1266 1705 xxxvul.
1304 1663 1366 1706 .a
1396 1664 1457 1704 n.
1496 1647 1591 1704 12.

219 1737 676 1800 Advertendum
713 1740 923 1798 tamen
970 1742 1067 1798 est
1110 1737 1444 1816 dupliciter
1468 1753 1651 1816 posse

154 1851 271 1893 eam
320 1831 678 1892 facultatem
725 1830 994 1909 eligendi
1060 1830 1317 1891 concedi
1376 1830 1562 1889 alicui
1615 1846 1655 1888 a

154 1925 426 2005 principe.
480 1925 715 2000 Prim0,
750 1923 1037 1985 faciendo
1070 1941 1214 1983 eum
1270 1922 1654 2000 dispensato-

158 2037 269 2078 rem
344 2018 787 2096 praedictorum
861 2016 1233 2092 officiorum,
1293 2014 1453 2074 sicut
1523 2012 1656 2092 ipse

160 2112 416 2190 princeps
444 2115 558 2186 est,
612 2114 675 2170 et
704 2108 885 2188 quasi
919 2107 1278 2168 ministrum
1334 2105 1656 2183 publicum

159 2204 212 2262 in
238 2222 303 2263 ea
331 2203 629 2266 electione
659 2201 967 2263 facienda.
1027 2202 1105 2262 Et
1134 2204 1284 2262 tunc
1315 2199 1477 2261 sicut
1517 2217 1660 2258 con-

161 2296 401 2357 stituitur
448 2296 586 2356 loco
609 2294 909 2374 principis
936 2293 1019 2354 ad
1047 2293 1111 2352 id
1137 2311 1366 2353 munus
1387 2289 1659 2369 eligendi

159 2389 461 2464 ministrOS,
492 2389 580 2449 sic
608 2388 779 2448 subit
792 2386 1045 2447 easdem
1068 2385 1480 2464 obligationes
1504 2401 1659 2463 quas

162 2483 419 2561 princeps
472 2481 702 2543 habet:
738 2498 931 2560 quare
985 2478 1147 2539 sicut
1199 2478 1488 2556 princeps
1536 2493 1660 2535 non

161 2580 336 2653 potest
353 2593 425 2635 ea
450 2573 750 2648 vendere,
802 2572 919 2632 nisi
950 2571 1012 2630 in
1043 2570 1229 2631 certis
1284 2569 1554 2644 casibuS,
1601 2570 1664 2630 et

165 2686 283 2729 cum
328 2666 507 2728 certis
536 2664 1003 2727 conditionibus
1059 2682 1251 2742 supra
1300 2661 1540 2741 positia,
1573 2660 1663 2722 sic

166 2781 262 2822 nec
286 2762 379 2821 ille
409 2761 564 2821 alius
614 2759 723 2839 qui
778 2758 986 2820 locum
1042 2755 1362 2836 principis,
1417 2758 1480 2815 et
1528 2755 1663 2833 ejus

170 2873 365 2914 munus
407 2857 680 2928 exercet,
713 2850 943 2931 poterit
997 2849 1295 2925 vendere,
1348 2847 1466 2907 nisi
1499 2846 1559 2905 in
1592 2846 1668 2906 iis

167 2949 382 3008 casibus
409 2949 470 3007 in
526 2945 757 3025 quibus
799 2944 1089 3022 princeps
1124 2945 1356 3020 posset,
1391 2958 1535 3001 cum
1590 2958 1665 2999 ex

169 3041 572 3101 commissione
604 3041 864 3115 accepta
894 3037 1094 3096 factus
1140 3035 1220 3096 sit
1247 3033 1435 3095 homo
1468 3031 1664 3111 publi·

175 3153 266 3195 cus
289 3153 354 3196 ac
383 3131 683 3212 principis
714 3129 999 3205 vicarius,
1034 3127 1113 3187 ad
1149 3145 1337 3208 quem
1371 3145 1495 3186 non
1551 3125 1665 3185 mi-

173 3247 271 3287 nus
294 3231 526 3307 spectat
554 3225 884 3286 consulere
912 3223 1079 3283 bono
1102 3221 1443 3296 communi,
1478 3237 1667 3299 quam

172 3321 238 3380 ad
271 3322 459 3399 ipsum
488 3318 863 3398 principem,
883 3315 1062 3396 cujus
1077 3331 1412 3394 personam
1439 3330 1666 3391 reprae-

174 3419 367 3475 seutat.
401 3412 690 3475 Secundo
705 3415 915 3472 tamen
935 3412 1141 3487 potest
1159 3406 1415 3468 concedi
1449 3406 1501 3466 ei
1526 3405 1666 3467 talis

174 3506 403 3567 facultas
433 3506 702 3583 privata,
733 3500 1276 3563 faciendoscilicet
1295 3516 1439 3559 eum
1469 3498 1672 3559 domi-

175 3618 299 3657 num
336 3599 467 3659 talis
510 3596 702 3658 officii
739 3613 885 3655 cum
939 3592 1256 3669 facultate,
1316 3597 1386 3653 ut
1439 3591 1517 3652 de
1566 3591 1668 3652 illo

174 3693 340 3770 possit
364 3692 715 3771 disponere,
776 3693 1077 3768 tanquam
1114 3685 1190 3745 de
1235 3704 1301 3745 re
1357 3703 1492 3760 sua,
1546 3701 1668 3762 quo

174 3792 329 3862 pacto
386 3804 546 3863 saepe
603 3782 896 3863 princeps
951 3779 1061 3840 dat
1106 3777 1418 3857 aliquibus
1467 3777 1671 3837 officia

177 3897 292 3955 quae
317 3878 602 3953 vendant,
638 3882 707 3936 ut
736 3874 935 3953 pretio
993 3874 1250 3948 accepto
1296 3869 1674 3931 subveniant

177 3972 283 4054 suis
302 3969 790 4043 necessitatibUS,
823 3965 921 4026 vel
953 3963 1188 4042 aliquid
1220 3963 1579 4023 lucrentur:
1614 3965 1676 4023 ct

178 4069 323 4141 tunc,
347 4062 647 4144 quidquid
679 4061 861 4121 aliter
886 4059 1056 4119 dicat
1086 4058 1295 4129 SotuS,
1331 4073 1522 4133 quem
1550 4054 1666 4113 im-

178 4162 429 4235 pugnant
472 4153 758 4219 Sanchez
808 4171 869 4211 n.
906 4152 1000 4211 13.
1052 4167 1176 4209 non
1233 4145 1568 4223 alligantur
1612 4146 1678 4206 hi

180 4249 245 4307 ad
310 4249 749 4328 obligationem
828 4262 1018 4323 quam
1091 4240 1385 4316 Princeps
1445 4237 1673 4302 habet:

181 4341 313 4413 Quia
339 4343 622 4420 princeps
653 4358 729 4399 ex
756 4354 1016 4397 munere
1037 4350 1149 4394 suo
1180 4331 1370 4391 debet
1398 4331 1678 4391 consule·

180 4450 234 4492 re
274 4435 423 4495 bono
470 4431 837 4496 communi:
899 4428 963 4488 hi
1015 4431 1248 4499 autem,
1315 4441 1459 4483 cum
1507 4424 1675 4485 nullo

180 4527 338 4587 modo
366 4528 485 4589 sint
512 4526 822 4598 homines,
856 4525 967 4582 aut
984 4517 1252 4580 ministri
1283 4515 1537 4595 publici,
1563 4535 1678 4578 nec

180 4620 499 4697 acceperint
519 4637 660 4680 eam
688 4614 1046 4676 facultatem
1079 4612 1141 4671 in
1177 4608 1396 4671 ordine
1435 4609 1514 4669 ad
1570 4609 1677 4671 bo·

183 4728 311 4771 num
338 4713 669 4792 publicum,
706 4708 815 4769 sed
857 4706 936 4767 ad
967 4722 1149 4767 suum
1178 4703 1415 4763 bonum
1472 4702 1681 4780 priva-—

184 4809 315 4880 tum,
347 4825 462 4867 non
516 4807 815 4866 tenentur
841 4801 1007 4861 bono
1041 4795 1358 4858 communi
1402 4796 1680 4856 consule·

184 4914 262 4959 te.
316 4901 505 4970 Quare
562 4899 708 4958 licet
770 4893 1061 4973 princeps
1121 4888 1373 4969 quando
1423 4887 1685 4950 fortasse

188 4992 509 5067 peccaverit
534 4989 744 5051 dando
777 4987 867 5048 eis
899 4984 1104 5045 officia
1152 5001 1294 5042 cum
1331 4980 1442 5041 tali
1495 4982 1686 5042 facul-

3148 353 3260 412 561

1742 530 1791 588 si
1827 534 2210 608 potestatem
2238 536 2620 608 acceperunt
2676 528 2950 607 eligendi
2998 529 3078 588 ad
3135 528 3269 588 hoec

1742 623 1968 698 officia,
2026 624 2138 683 sed
2184 624 2536 699 limitatam,
2570 624 2655 684 ita
2683 629 2753 683 ut
2804 641 2920 682 uec
2951 640 3264 700 expresse,

1741 734 1856 775 nee
1914 716 2097 776 tacite
2170 716 2506 777 habuerint
2560 716 2875 776 licentiam
2930 715 3266 791 vendendi,

1739 814 2003 887 peccent
2049 813 2269 870 contra
2347 809 2688 887 justitiam,
2740 809 3073 869 vendendo
3130 826 3273 868 cum

1745 902 2127 981 obligatione
2159 901 2523 963 restituendi
2553 904 2847 982 pretium.
2885 903 3091 962 Prima
3135 920 3278 961 sen-

1740 995 1935 1056 tentia
1965 995 2151 1056 docet
2168 1013 2426 1074 peccare
2458 999 2677 1056 contra
2697 995 3025 1072 justitiam,
3080 1000 3142 1054 et
3169 993 3280 1053 de-

1744 1088 1893 1148 bere
1922 1088 2193 1167 pretium
2224 1088 2573 1163 restituere,
2609 1088 2757 1167 quia
2803 1089 3085 1148 vendunt
3145 1105 3278 1147 rem

1745 1182 1924 1259 cujus
1953 1200 2075 1240 non
2107 1185 2252 1241 sunt
2276 1181 2535 1255 domini,
2573 1187 2632 1241 et
2660 1181 2792 1240 sinc
2846 1181 3098 1240 licentia
3127 1178 3282 1240 taci-

1745 1278 1810 1335 ta
1840 1274 1937 1333 vel
1969 1293 2263 1352 expressa
2290 1274 2421 1334 veri
2448 1274 2710 1334 domini.
2743 1276 2836 1336 lta
2894 1275 3102 1349 SotuS,
3136 1273 3280 1335 'Pel-

1746 1367 1828 1443 lo,
1859 1371 1921 1427 et
1949 1367 2238 1428 Salonius
2269 1367 2434 1446 apud
2467 1367 2748 1428 Sanchez
2781 1385 2840 1427 n.
2895 1370 2991 1428 ⁴6.
3048 1367 3281 1427 Secun-

1748 1459 1829 1520 da
1860 1461 2170 1521 sententia
2201 1460 2374 1536 dicit,
2409 1479 2532 1520 non
2569 1478 2828 1538 peccare
2859 1464 3082 1520 contra
3110 1458 3283 1538 justi·

1748 1553 1928 1629 tiam,
1973 1570 2090 1612 nec
2146 1552 2375 1613 debere
2431 1553 2700 1631 pretium
2758 1553 3105 1629 restituere,
3141 1551 3288 1631 quia

1751 1665 1826 1705 ex
1860 1649 2168 1723 potestate
2215 1649 2473 1723 accepta
2519 1650 2768 1723 poterat
2824 1645 3028 1706 valide
3084 1645 3289 1705 domi-

1753 1737 1923 1797 nium
1953 1737 2313 1814 transferre,
2349 1743 2410 1798 et
2465 1738 2718 1798 aliunde
2762 1758 2863 1798 res
2896 1743 3030 1799 erat
3085 1738 3286 1816 pretio

1753 1830 2175 1903 aestimabilis;
2213 1831 2366 1890 nulli
2396 1849 2547 1909 ergo
2609 1832 2894 1892 fecerunt
2949 1831 3283 1909 injuriam;

1754 1942 1879 1983 non
1906 1922 2073 1982 enim
2100 1923 2485 2001 reipublicae,
2514 1942 2659 1984 cum
2682 1924 3077 1985 vendiderint
3096 1924 3288 2003 digno

1754 2018 1851 2078 cui
1876 2020 2168 2095 poterant
2197 2017 2393 2094 gratis
2435 2017 2625 2079 dare:
2660 2035 2782 2076 non
2815 2018 3002 2078 etiam
3024 2016 3290 2096 emptori

1755 2110 1853 2170 cui
1898 2127 2022 2169 non
2062 2109 2441 2170 tenebantur
2493 2108 2647 2169 illud
2703 2109 2977 2169 officium
3021 2109 3195 2184 dare,
3230 2112 3294 2169 et

1756 2202 2066 2264 dederunt
2092 2220 2228 2262 rem
2270 2221 2382 2281 pro
2424 2203 2623 2280 pretio
2654 2202 2757 2262 illo
2805 2202 3082 2281 dignam.
3118 2205 3292 2262 Hanc

1757 2301 1968 2357 tamen
1999 2294 2243 2356 Ludov.
2275 2297 2480 2374 Lopez
2529 2301 2591 2356 et
2645 2295 2998 2374 Henriquez
3047 2296 3106 2355 in
3153 2314 3289 2354 ma-

1760 2388 2092 2466 nuscriptis
2121 2393 2184 2448 et
2225 2388 2516 2466 alii,quos
2553 2388 2747 2449 refert
2802 2387 3033 2449 Sanch.
3095 2409 3155 2449 n.
3192 2393 3287 2449 17.

1761 2482 1869 2560 qui
1899 2499 2037 2541 eam
2065 2480 2459 2560 probabilem
2489 2484 2758 2557 reputat,
2794 2485 2856 2541 et
2884 2481 3173 2541 eamdem
3205 2486 3296 2542 te-

1759 2579 1866 2635 net
1894 2577 2083 2653 Vasq.
2119 2573 2249 2633 dub
2278 2590 2407 2634 xvl.
2446 2593 2504 2634 n.
2544 2577 2680 2634 112.
2708 2573 2823 2645 Qui
2855 2579 3065 2635 tamen
3095 2594 3157 2634 n.
3194 2594 3296 2634 se-

1760 2666 1972 2746 quenti
2031 2665 2208 2726 addit
2253 2683 2396 2725 cum
2453 2666 2625 2741 Soto,
2689 2667 3021 2727 Senatores
3069 2666 3295 2746 quibus

1761 2759 2167 2820 commissum
2215 2762 2405 2818 estut
2433 2756 2788 2818 scribarum
2837 2758 3044 2819 officia
3084 2759 3293 2821 distri-

1761 2853 1978 2926 buant,
2014 2869 2139 2911 non
2185 2868 2367 2929 posse
2393 2849 2558 2910 licite
2588 2850 2823 2929 aliquid
2852 2869 2963 2929 pro
3001 2851 3120 2912 illis
3167 2851 3294 2912 exi·

1759 2961 1931 3022 gere,
1963 2942 2062 3002 vel
2093 2941 2447 3017 vendendo,
2488 2942 2586 3002 vel
2615 2960 2728 3020 per
2755 2944 3012 3004 modum
3059 2944 3292 3024 stipen-

1763 3035 1849 3094 dii
1880 3039 1941 3095 et
1972 3033 2319 3107 locationiS,
2356 3035 2504 3112 quia
2533 3034 2621 3094 illi
2652 3053 2776 3096 non
2818 3041 2962 3097 sunt
2992 3037 3135 3098 facti
3183 3039 3297 3099 do-

1761 3127 1913 3188 mini
1964 3127 2187 3188 horum
2245 3127 2618 3204 officiorum,
2669 3128 2779 3187 sed
2853 3126 3096 3193 tantum
3153 3135 3300 3193 sunt

1764 3222 2244 3301 dispensatores,
2273 3225 2438 3282 unde
2462 3223 2743 3283 vendunt
2771 3224 2938 3302 quod
2961 3243 3143 3301 suum
3173 3245 3298 3286 non

1764 3319 1893 3386 est;
1930 3331 2123 3393 quare
2152 3314 2479 3374 restituere
2518 3315 2750 3377 debent
2777 3316 2973 3378 electo
3004 3319 3295 3397 pretium,

1765 3407 1882 3467 nisi
1904 3408 2038 3484 jam
2069 3424 2178 3465 rex
2208 3406 2350 3481 illis,
2412 3412 2598 3485 prout
2650 3408 2778 3467 suis
2834 3410 3055 3470 aulicis
3114 3412 3295 3488 solet,

1765 3497 2140 3560 concederet
2165 3498 2270 3558 illa
2303 3499 2528 3575 officia,
2560 3499 2718 3560 utin
2751 3500 3031 3579 ipsorum
3071 3504 3298 3566 utilita-

1767 3598 1895 3654 tem
1925 3610 2001 3651 ea
2027 3591 2306 3651 vendant
2357 3592 2456 3652 cui
2503 3592 2847 3654 voluerint:
2903 3595 2981 3656 de
3038 3597 3302 3658 ducibus

1768 3703 1918 3747 vero
1942 3682 2041 3743 vel
2070 3684 2537 3745 marchionibus
2569 3686 3004 3764 negatdebere
3033 3689 3301 3766 pretium

1768 3778 2117 3851 restituere,
2181 3777 2329 3854 quia
2385 3777 2634 3837 videtur
2689 3797 3079 3858 supponere,
3133 3784 3300 3862 quod

1769 3871 1894 3931 sint
1920 3870 2066 3929 facti
2095 3869 2335 3928 domini
2365 3868 2753 3934 officiorum:
2788 3874 2849 3931 et
2867 3872 3012 3933 licet
3057 3874 3135 3934 de
3164 3875 3302 3954 lege

1772 3961 2225 4042 prohibeantur
2279 3961 2576 4038 vendere,
2629 3980 2751 4023 non
2781 3962 2847 4022 id
2883 3964 2980 4023 lex
3030 3966 3212 4045 jubet
3240 3970 3300 4028 in

1772 4054 2041 4134 gratiam
2071 4053 2502 4131 eligendorum
2558 4055 2637 4114 ad
2687 4056 2913 4132 officia,
2949 4061 3126 4136 quasi
3171 4061 3305 4122 haec

1773 4150 1892 4209 illis
1921 4147 2114 4224 gratis
2172 4146 2541 4223 debeantur,
2594 4154 2664 4209 ut
2695 4150 2864 4212 bona
2921 4155 3299 4217 communia.

1772 4244 1900 4302 Lex
1930 4240 2096 4300 enim
2138 4259 2263 4301 non
2292 4241 2495 4302 variat
2523 4248 2812 4304 naturam
2870 4246 3118 4308 illorum
3175 4250 3306 4310 offi-

1775 4335 2037 4410 ciorum,
2084 4334 2197 4393 sed
2226 4338 2472 4394 tantum
2494 4336 2798 4414 prohihet
2816 4339 3071 4401 illorum
3093 4343 3307 4404 vendi-

1776 4427 2033 4501 tionem,
2068 4431 2177 4487 aut
2200 4426 2575 4487 locationem
2633 4436 2889 4509 propter
2935 4435 3121 4511 mala,
3168 4454 3307 4515 quae

1775 4518 1922 4580 iude
1946 4519 2123 4597 sequi
2145 4523 2426 4596 possunt.
2463 4520 2641 4581 Unde
2658 4524 2918 4584 servatis
2932 4524 3065 4585 aliis
3096 4529 3311 4587 condi-

1776 4611 2074 4686 tionibus,
2110 4611 2162 4670 si
2193 4611 2325 4671 sine
2354 4612 2608 4673 licentia
2628 4616 3005 4694 vendantur,
3041 4620 3147 4680 fiet
3168 4639 3311 4681 con—

1776 4709 1873 4766 tra
1902 4703 2325 4765 obedientiam
2357 4704 2534 4782 legis,
2571 4725 2692 4765 non
2741 4714 2958 4770 contra
3004 4710 3310 4790 justitiam

1778 4802 1889 4859 aut
1908 4797 2013 4874 jus
2033 4796 2496 4874 eligendorum,
2532 4799 2677 4876 quia
2707 4800 2827 4859 illis
2859 4820 2980 4861 non
3004 4803 3315 4866 debeban-

1780 4894 1881 4951 tur
1911 4887 2137 4948 officia.

1864 4983 1994 5059 Ego
2025 4985 2237 5042 tamen
2273 4983 2482 5060 quoad
2511 4984 2629 5044 hoc
2650 5004 2773 5045 non
2805 4986 2986 5047 video
3018 4989 3310 5050 differen-

186 5084 297 5145 tate
325 5084 628 5144 vendendi
653 5104 668 5155 ;
696 5080 814 5160 ipsi
837 5084 1049 5141 tamen
1072 5093 1197 5135 non
1230 5078 1685 5152 peccantuten-
1784 5075 1936 5137 tiam
1967 5073 2128 5134 inter
2156 5079 2484 5152 magnates
2512 5082 2572 5137 et
2601 5078 2763 5138 inter
2805 5086 3144 5159 senatoreS,
3180 5085 3316 5164 qui-

191 5172 259 5235 do
287 5195 353 5238 ea
389 5179 702 5251 facultate,
754 5173 905 5233 dum
960 5177 1171 5233 tamen
1229 5185 1353 5227 non
1411 5167 1689 5229 vendant
1784 5169 1904 5228 bus
1929 5166 2340 5227 committitur
2371 5168 2590 5229 electio
2633 5171 2980 5232 scribarum
3034 5176 3132 5235 vel
3179 5178 3314 5237 offi-
3385 5194 3646 5237 reatinum

174 5262 454 5347 ,indignis
486 5276 545 5331 et
574 5273 833 5331 caeteras
887 5261 1280 5325 conditiones
1308 5258 1385 5318 de
1406 5260 1549 5337 jure
1579 5279 1687 5320 na·

176 5348 331 5451 ''turae
350 5363 728 5424 necessarias
755 5359 1111 5420 observent.

477 5551 638 5611 Tou.
672 5547 802 5609 vll.

1788 5259 2044 5321 cialium
2072 5279 2087 5319 :
2123 5259 2271 5338 quia
2291 5278 2495 5339 neque
2524 5263 2711 5322 etiam
2744 5267 2993 5343 quando
3022 5273 3321 5331 senatori-

1793 5354 1911 5414 bus
1937 5351 2120 5412 datur
2143 5350 2247 5429 jus
2276 5351 2413 5412 illos
2441 5354 2746 5431 eligendi,
2782 5358 3152 5435 prohibetur
3172 5383 3322 5424 ven-

180 5506 201 5521 ,.
265 5455 426 5518 Circa
451 5456 585 5518 haec
614 5461 826 5517 tamen
858 5448 1194 5512 difficultas
1210 5449 1324 5506 est.
1351 5444 1583 5522 Primo,
1609 5466 1689 5508 an
1794 5445 1947 5506 ditio
1980 5444 2044 5503 in
2072 5444 2342 5523 gratiam
2373 5445 2825 5526 eligendorum,
2862 5452 3039 5530 quasi
3085 5455 3174 5515 eis
3220 5458 3324 5519 de-

2929 5548 3006 5606 36

3338 544 3402 584 Αιι
3431 541 3596 586 leima!

3359 597 3576 638 restituere

3347 651 3537 704 prelium.
3563 650 3598 691 si

3376 717 3422 745 (a
3459 705 3565 744 male

3335 757 3617 800 vendiderunt.

3375 5058 3382 5061 -
3462 5017 3537 5075 33

3367 5142 3431 5184 An
3463 5141 3518 5183 aa
3543 5140 3663 5183 aiflo-

3369 5254 3599 5297 senatores.
3621 5251 3664 5289 et

3389 5302 3664 5345 marchiones.
