4263 6376
1271 352 1743 415 DISPUTATIO
1789 352 2004 426 XXIV,
2054 353 2328 414 SECTIO
2374 354 2423 414 1.

286 530 439 612 quod
465 549 540 591 ea
567 530 649 591 sit
678 530 753 590 de
786 530 931 610 jure
958 530 1223 610 positivo
1254 528 1422 609 apud
1453 547 1699 606 omnm,
1732 531 1803 588 ut

283 628 429 686 Deus
453 623 594 683 ideo
623 621 893 684 voluerit
916 623 1123 702 legem
1152 641 1329 682 suam
1349 625 1799 683 testamentum

283 716 577 796 appellare
601 763 618 791 ,
654 717 799 796 quia
828 721 891 777 et
919 716 1073 776 alias
1103 715 1518 794 proprietates
1547 718 1610 775 et
1638 714 1800 774 hanc

281 810 450 870 etiam
478 808 763 885 haberet,
794 827 980 888 quam
1010 808 1180 887 leges
1209 807 1421 868 civiles
1452 810 1798 867 communi-

278 906 363 964 ter
386 906 757 963 testamento
805 901 1153 976 dederunt,
1203 900 1398 962 utitur
1437 900 1604 959 enim
1634 903 1798 960 Deus

278 996 472 1074 figuris
492 996 656 1073 aptis
674 995 752 1054 ad
773 993 1254 1073 significandum
1268 993 1612 1071 spiritualia
1626 992 1797 1072 juxta

276 1086 777 1167 significationem
844 1104 1241 1148 communem
1310 1085 1792 1163 vocabulorum,

277 1199 446 1260 quam
472 1198 549 1240 ex
578 1199 700 1240 usu
728 1180 1055 1242 hominum
1086 1179 1342 1240 habent.

88 1277 141 1333 «Η
344 1272 670 1334 Dubitatur
720 1278 892 1334 sexto
914 1318 930 1348 ,
983 1290 1061 1331 an
1106 1272 1155 1331 si
1188 1272 1310 1333 duo
1361 1291 1435 1332 ex
1477 1270 1793 1332 communi

47 1401 214 1441 rm
274 1384 558 1427 consensu
588 1370 1040 1427 testamentum
1082 1364 1357 1427 condant
1392 1384 1465 1424 ex
1513 1365 1640 1424 suis
1683 1364 1797 1424 bo-

47 1451 235 1494 ”ffl
276 1459 376 1535 niS,
406 1463 652 1520 mortuo
678 1476 810 1519 uno
836 1504 853 1535 ,
905 1458 1101 1536 possit
1144 1462 1457 1537 superstes
1498 1475 1794 1517 revocare

50 1508 206 1611 ‘535
274 1551 459 1630 quoad
515 1570 702 1611 suam
755 1551 1049 1630 partem?
1098 1553 1282 1630 Resp.
1345 1550 1678 1631 dupliciter
1731 1549 1793 1609 id

47 1619 233 1719 ῗᾷἆιῗὲ
270 1662 432 1723 posse
459 1643 852 1721 contingere.
908 1643 1152 1718 Prim0,
1208 1643 1256 1703 si
1303 1663 1462 1703 unus
1492 1642 1795 1704 concedat

268 1736 611 1797 facultatem
644 1736 825 1797 alteri
851 1783 868 1812 ,
920 1740 989 1797 ut
1016 1736 1094 1795 de
1125 1736 1251 1796 suis
1277 1737 1465 1796 etiam
1490 1735 1672 1796 bonis
1702 1739 1795 1795 te·-

266 1832 464 1905 stetur,
496 1828 664 1890 sicut
696 1828 774 1888 de
805 1828 1096 1907 propriis,
1150 1829 1437 1890 Secundo
1464 1875 1478 1904 ,
1533 1827 1580 1888 si
1622 1832 1793 1888 uter-

265 1942 369 2002 que
380 1922 744 1983 immediate
758 1925 1198 1982 testamentum
1211 1921 1361 1981 illud
1376 1920 1581 1982 faciat.
1592 1922 1655 1981 In
1670 1919 1791 2000 pri-

262 2033 351 2075 mo
365 2033 508 2075 casu
518 2020 729 2076 morte
745 2015 909 2075 illius
919 2014 1132 2091 solius,
1156 2014 1262 2093 qui
1291 2033 1365 2074 ex
1392 2013 1685 2074 facultate
1702 2013 1759 2074 al
1774 2046 1796 2056 -

261 2107 430 2168 terius
464 2111 736 2168 testatus
765 2112 880 2181 est,
914 2108 1322 2168 confirmatur
1345 2110 1788 2168 testamentum

258 2219 357 2260 nec
378 2205 581 2280 potest
613 2200 698 2259 ab
728 2218 825 2275 eo,
860 2199 964 2279 qui
996 2199 1310 2259 licentiam
1351 2198 1562 2274 dedit,
1608 2217 1790 2259 revo-

260 2293 391 2354 cari.
424 2295 515 2354 Ita
542 2311 698 2353 cum
726 2292 865 2352 aliis
894 2294 962 2352 P.
997 2291 1214 2352 Molin.
1240 2290 1401 2369 disp.
1436 2290 1780 2352 omninno.

258 2386 424 2446 etalii
452 2385 663 2462 multi,
699 2405 857 2465 quos
884 2386 1099 2458 affert,
1148 2388 1210 2445 et
1239 2384 1519 2463 sequitur
1548 2384 1778 2445 Sanch.

258 2479 309 2539 d.
338 2498 389 2540 c.
419 2480 465 2541 1.
499 2479 659 2539 dub.
696 2496 823 2540 xxl.
858 2498 920 2539 n.
955 2481 1013 2539 3.
1051 2477 1198 2557 quia
1233 2482 1383 2539 tunc
1432 2477 1652 2537 unicus
1692 2480 1787 2538 te-

255 2576 430 2632 stator
456 2576 585 2648 est,
629 2571 736 2631 ille
766 2575 978 2632 autem
1010 2571 1113 2650 qui
1144 2570 1504 2631 facultatem
1534 2587 1784 2630 conces·

254 2664 355 2740 sit,
385 2683 507 2725 non
538 2668 638 2724 est
670 2667 955 2740 testator,
993 2681 1108 2724 nec
1136 2662 1284 2724 fecit
1311 2666 1778 2737 testamentum,

252 2757 345 2816 sed
397 2762 659 2838 pactum
715 2756 971 2818 alterius
1041 2755 1290 2836 generis
1346 2754 1775 2816 irrevocabile.

253 2850 411 2911 Unde
439 2868 555 2911 uec
586 2851 843 2912 vivente
892 2850 997 2911 illo
1046 2850 1142 2910 cui
1192 2849 1457 2910 facultas
1486 2866 1782 2910 concessa

252 2947 348 3018 est,
374 2943 605 3021 poterit
635 2944 749 3023 qui
776 2943 1096 3004 licentiam
1119 2942 1312 3020 dedit,
1337 2960 1634 3002 revocare
1656 2940 1777 3002 tale

250 3039 682 3097 testamentam
707 3083 722 3112 ,
769 3042 839 3098 ut
866 3054 1010 3096 eum
1054 3037 1308 3098 Covarr.
1343 3039 1406 3095 et
1433 3034 1568 3094 aliis
1597 3033 1780 3094 docet

250 3128 396 3188 idem
422 3130 664 3192 Sanch.
698 3128 806 3190 ibi.

318 3221 374 3283 Si
400 3225 616 3283 tamen
655 3222 917 3284 facultas
948 3240 1073 3282 non
1103 3224 1303 3297 esset,
1348 3223 1778 3283 attestaretur

249 3332 346 3373 suo
372 3316 630 3393 proprio
667 3315 917 3375 nomine
938 3361 954 3391 ,
989 3313 1099 3373 sed
1130 3312 1381 3373 nomine
1413 3313 1602 3373 etiam
1632 3330 1775 3373 con-

249 3405 504 3467 cedentis
546 3405 918 3467 facultatem
945 3454 960 3483 ,
1012 3410 1160 3467 tunc
1206 3406 1312 3485 qui
1361 3406 1668 3466 concessit
1710 3403 1775 3464 li-

249 3499 519 3576 centiam,
581 3503 801 3577 posset
826 3516 1127 3560 revocare
1152 3545 1168 3575 ,
1217 3498 1365 3577 quia
1415 3502 1563 3559 tunc
1590 3500 1774 3559 testa-

248 3596 506 3653 mentum
537 3591 872 3672 utriusque
904 3610 1051 3652 vere
1081 3595 1264 3668 esset,
1291 3595 1352 3652 et
1367 3590 1575 3671 quoad
1605 3591 1774 3651 illam

246 3689 466 3761 partem
496 3685 602 3745 ille
633 3732 651 3762 ,
686 3686 786 3745 cui
831 3685 1085 3747 licentia
1118 3684 1264 3746 data
1311 3688 1442 3761 est,
1490 3703 1614 3745 non
1644 3689 1775 3745 tam

247 3781 389 3838 esset
416 3782 707 3854 testator,
742 3796 934 3858 quam
964 3777 1430 3838 commissarius
1448 3777 1525 3838 ad
1547 3781 1776 3839 testan-

246 3868 378 3929 dum
405 3871 669 3932 alterius
700 3871 954 3931 nomine
990 3891 1003 3932 ε
1040 3874 1107 3931 ut
1156 3889 1299 3931 eum
1329 3870 1636 3931 Matienzo
1668 3890 1773 3931 no·

248 3965 323 4022 tat
350 3963 579 4025 Sanch.
630 3983 692 4024 n.
727 3966 788 4025 4.
821 3966 917 4025 An
959 3982 1107 4024 vero
1156 3952 1465 4043 ejusmodi
1497 3964 1769 4041 licentia,

249 4058 302 4113 ut
328 4055 481 4115 alius
509 4056 770 4135 proprio
802 4056 1056 4116 nomine
1087 4060 1353 4118 testetur
1384 4056 1461 4116 de
1485 4057 1773 4117 omnibus

244 4145 405 4208 bonis
433 4148 644 4209 dantis
672 4149 993 4210 licentiam
1025 4150 1230 4209 valida
1278 4150 1392 4226 sit,
1439 4150 1671 4229 pendet
1699 4170 1773 4211 ex

247 4258 329 4316 ee,
359 4260 436 4300 an
466 4241 729 4303 donatio
761 4242 1042 4303 omnium
1082 4242 1392 4302 bonorum
1422 4242 1630 4301 valida
1668 4242 1767 4320 sit,

246 4348 371 4392 cum
399 4333 648 4396 auferat
678 4338 1052 4413 potestatem
1081 4334 1384 4412 testandi,
1420 4335 1497 4394 de
1530 4354 1653 4415 quo
1684 4334 1774 4394 di-

123 4458 133 4469 ·
246 4429 396 4486 ctum
425 4431 520 4487 est
548 4427 714 4506 disp.
748 4445 937 4507 praec.
973 4426 1042 4487 de
1069 4425 1203 4488 don.

71 4529 120 4585 sti
314 4520 378 4580 In
404 4521 687 4581 secundo
721 4525 933 4581 autem
962 4539 1132 4596 casu,
1160 4538 1282 4600 quo
1305 4524 1568 4601 uterque
1589 4521 1772 4582 simul

190 4656 195 4664 .
244 4610 299 4670 iu
327 4612 545 4673 eadem
584 4612 898 4692 scriptura
936 4616 1234 4689 testatur,
1287 4613 1624 4673 dicendum
1654 4619 1767 4690 est,

246 4706 631 4783 superstitem
662 4724 963 4765 revocare
994 4724 1176 4784 posse
1208 4705 1414 4785 quoad
1436 4724 1612 4766 suam
1634 4726 1773 4786 par-

244 4800 377 4858 tem.
435 4800 531 4859 Ita
590 4797 882 4858 doctores
938 4798 1373 4875 communiter,
1425 4818 1580 4878 quos
1621 4801 1772 4860 affe-

243 4896 393 4966 runt,
448 4895 512 4951 et
541 4896 898 4970 sequuntur
937 4890 1166 4951 Molina
1196 4937 1212 4967 ,
1263 4896 1326 4952 et
1356 4892 1586 4953 Sanch.
1619 4891 1771 4952 locis

245 4982 334 5043 cit.
362 4984 537 5044 Tunc
588 4982 758 5043 enim
807 4983 931 5043 duo
981 4988 1125 5044 sunt
1153 4986 1530 5046 testamenta
1574 5002 1769 5044 unum

244 5072 311 5133 ab
336 5074 527 5135 altero
562 5075 1019 5155 independens,
1056 5095 1170 5137 nec
1210 5078 1278 5139 fit
1332 5077 1562 5157 injuria
1597 5096 1767 5137 mor-

243 5170 360 5242 tuo,
409 5169 517 5248 qui
566 5168 617 5228 si
647 5168 970 5248 praesciret
996 5170 1446 5247 revocandum,
1481 5171 1663 5231 aliter
1690 5171 1769 5231 de

245 5259 356 5319 suis
372 5260 557 5322 bonis
587 5262 1032 5341 disposuisset:
1054 5263 1252 5343 potuit
1282 5264 1447 5323 enim
1469 5267 1532 5325 et
1554 5264 1772 5326 debuit

246 5352 386 5413 scire
413 5353 476 5415 id
525 5374 715 5435 posse
744 5354 905 5432 fieri,
940 5374 1083 5416 cum
1136 5358 1580 5419 testamentum
1608 5377 1767 5419 sem-

245 5462 344 5521 per
368 5448 725 5509 revocabile
755 5448 858 5509 sit.
893 5448 1072 5511 Unde
1118 5449 1263 5511 licet
1315 5451 1376 5510 in
1420 5450 1521 5511 illo
1578 5456 1769 5513 testa-

246 5544 435 5600 mento
467 5539 833 5621 disponeret
878 5546 1141 5623 uterque
1199 5542 1422 5622 conjux
1477 5544 1556 5604 ad
1611 5563 1765 5629 opus

3358 353 3434 409 69

1897 527 2093 607 pium,
2125 528 2219 588 vel
2246 528 2325 589 ad
2349 527 2544 589 alium
2577 529 2765 589 finem
2795 544 3216 602 communem,
3249 525 3430 587 relic-

1898 625 1962 682 to
1993 623 2319 683 usufructu
2340 621 2619 682 omnium
2645 622 2955 682 bonorum
2971 621 3024 681 ei
3053 621 3161 700 qui
3190 638 3434 699 supers-

1898 719 1991 775 tes
2021 717 2188 775 esset
2232 714 2404 775 alteri
2429 733 2540 793 per
2566 718 2762 775 totam
2793 714 3011 790 vitam,
3063 719 3275 793 posset
3331 732 3430 773 su·

1899 812 2139 885 perstes
2170 809 2612 868 testamentum
2644 825 2940 867 revocare
2988 806 3194 887 quoad
3252 823 3429 866 suam

1897 904 2164 977 partem,
2199 904 2440 960 retent-o
2461 900 2784 960 usufructu
2808 918 2882 959 ex
2913 900 3095 960 lionis
3125 898 3425 973 defuncti,

1895 996 1967 1053 ut
2001 1011 2146 1053 cum
2175 993 2311 1052 aliis
2341 992 2526 1054 docet
2554 992 2833 1055 Sanchez
2864 1012 2925 1053 n.
2959 996 3018 1054 6.
3054 995 3180 1052 Nec
3210 991 3272 1051 in
3311 991 3430 1053 hoc

1894 1086 1965 1146 fit
1991 1085 2285 1146 defuncto
2317 1085 2566 1164 injuria,
2600 1104 2742 1147 cum
2773 1086 2905 1165 ipse
2955 1085 3144 1147 etiam
3190 1083 3430 1163 potuis-

1896 1182 1989 1240 set
2017 1178 2418 1257 supervivere
2449 1177 2648 1255 alteri,
2685 1182 2748 1239 et
2795 1177 3026 1237 habere
3081 1176 3428 1237 usumfruc-

1894 1274 2026 1331 tum
2050 1289 2122 1329 ex
2155 1270 2288 1350 ejus
2318 1270 2518 1331 boniS.

1976 1363 2038 1422 Si
2074 1369 2287 1424 autem
2334 1363 2385 1423 is
2431 1363 2820 1424 ususfructus
2849 1363 3099 1424 relictus
3130 1366 3296 1424 esset
3323 1382 3426 1422 su-

1892 1457 2137 1535 perstiti
2166 1456 2284 1517 hoc
2315 1475 2527 1532 onere,
2580 1460 2650 1517 ut
2702 1459 3145 1518 testamentum
3176 1474 3300 1517 non
3331 1474 3425 1516 re-

1891 1553 2092 1625 vocet,
2119 1549 2409 1610 dubitant
2436 1550 2626 1629 aliqui
2655 1548 2822 1628 apud
2867 1549 3158 1609 eumdem
3189 1549 3415 1610 Sanch.

1891 1659 1951 1701 n.
1982 1645 2040 1703 8.
2075 1661 2154 1702 an
2173 1642 2222 1701 si
2245 1647 2558 1721 superstes
2588 1646 2861 1718 revocet,
2893 1645 3184 1703 teneatur
3215 1660 3424 1703 usum-

1888 1733 2161 1795 fructum
2189 1734 2704 1813 restituere,quia
2735 1733 3422 1814 conditiossimpossibilis
3500 1714 3578 1796 ‘205

1889 1826 2156 1886 habetur
2185 1845 2295 1905 pro
2327 1845 2448 1887 non
2481 1826 2761 1907 adjecta:
2796 1830 2890 1887 est
2917 1831 3125 1888 autem
3147 1827 3419 1888 conditio

1887 1919 1964 1980 de
1987 1919 2128 1999 jure
2160 1919 2578 1997 impossibilis,
2614 1920 2887 1980 conditio
2921 1938 3045 1980 non
3079 1920 3418 1981 revocandi

1886 2016 2372 2073 testamentum:
2430 2012 2563 2091 ipse
2640 2017 2851 2073 autem
2899 2012 3178 2074 Sanchez
3216 2017 3414 2090 putat,

1886 2104 2116 2165 debere
2139 2105 2484 2180 restituere,
2519 2110 2587 2166 ut
2616 2104 2771 2166 dixit
2797 2104 2882 2164 illi
2914 2105 3168 2185 quidam
3200 2105 3419 2167 doctus

1884 2196 2227 2257 admodum
2267 2196 2706 2277 jurisperitus:
2756 2196 2904 2276 quia
2934 2197 3036 2257 hic
3066 2197 3418 2259 intercessit

1883 2294 2262 2365 contractus,
2297 2290 2357 2349 in
2415 2290 2839 2351 contractibus
2887 2293 3096 2351 autem
3142 2290 3414 2351 conditio

1882 2382 2282 2461 impossibilis
2326 2400 2450 2442 uon
2507 2382 2776 2444 habetur
2812 2401 2928 2462 pro
2976 2401 3101 2444 non
3157 2383 3410 2463 scripta,

1881 2474 1990 2535 sed
2021 2476 2230 2555 potius
2259 2475 2540 2536 annullat
2568 2475 2771 2553 ipsum
2813 2479 3044 2552 actum,
3078 2477 3134 2556 ἓ.
3179 2475 3256 2537 Si
3306 2476 3416 2536 im-

1873 2567 2190 2648 possibilis,
2226 2568 2419 2629 instit.
2453 2566 2523 2628 de
2550 2567 2742 2628 inutil.
2775 2569 3039 2649 stipulat.

1961 2664 2093 2722 Hoc
2135 2666 2343 2723 tamen
2374 2678 2764 2740 responsum,
2799 2661 3249 2741 cujuscumque
3279 2662 3414 2722 fue-

1877 2754 1978 2831 rit,
2016 2735 2290 2833 undiqsm
2320 2753 2568 2814 videtur
2596 2752 2970 2816 claudicare.
2993 2754 3223 2830 Prima,
3265 2756 3412 2834 quia

1878 2846 1926 2907 si
1946 2846 2220 2907 conditio
2251 2845 2653 2925 impossibilis
2682 2848 2964 2908 annullat
2991 2851 3405 2925 contractum,

1876 2943 1938 3000 et
1966 2938 2066 2999 hic
2094 2939 2482 3000 ususfructus
2512 2957 2634 2999 non
2668 2939 2937 3001 habetur
2973 2959 3047 3000 ex
3075 2944 3410 3002 testamen-

1872 3036 1958 3109 to,
1991 3031 2102 3092 sed
2131 3050 2205 3092 ex
2238 3036 2583 3108 contractu,
2618 3036 2682 3093 et
2721 3033 2994 3094 conditio
3028 3033 3141 3094 fuit
3182 3033 3408 3113 impos-

1874 3124 2090 3202 sibilis,
2126 3143 2277 3205 ergo
2320 3124 2667 3185 annullavit
2719 3128 3131 3203 contractum,
3184 3130 3247 3186 et
3293 3145 3407 3206 per

1873 3238 2285 3298 consequenS,
2321 3219 2564 3280 etiamsi
2607 3222 2919 3298 superstes
2975 3239 3098 3282 non
3154 3224 3407 3280 revocet

1865 3316 2332 3389 testamentum,
2388 3330 2511 3372 non
2558 3312 2790 3391 poterit
2860 3314 3136 3373 retinere
3196 3332 3403 3373 usum-

1870 3405 2181 3466 fructum:
2248 3404 2415 3485 quod
2471 3409 2681 3466 tamen
2746 3408 2841 3467 est
2920 3410 3139 3468 contra
3194 3406 3396 3485 ipsum

1873 3497 2101 3559 Sanch.
2138 3498 2242 3577 qui
2290 3497 2584 3576 supponit
2631 3498 2882 3559 retineri
2925 3517 3132 3577 posse,
3183 3499 3399 3559 condi-

1868 3591 2037 3651 tione
2072 3590 2428 3666 observata,
2463 3594 2523 3650 et
2551 3589 2747 3651 solum
2801 3591 3045 3654 dubitat
3072 3611 3148 3652 an
3181 3592 3395 3670 possit,

1872 3684 2200 3746 deficiente
2230 3682 2609 3745 conditione.
2652 3684 2967 3761 Secunde,
3002 3685 3149 3765 quia
3179 3686 3400 3747 falsum

1877 3780 1974 3839 est
2004 3777 2105 3838 hic
2146 3777 2557 3838 intervenisse
2588 3781 3018 3840 contractum:
3077 3778 3194 3839 suit
3240 3779 3405 3838 enim

1871 3870 2101 3949 duplex
2157 3869 2358 3931 solum
2392 3873 2859 3947 testamentum,
2896 3889 3018 3950 quo
3052 3871 3280 3949 singuli
3313 3872 3402 3932 le-

1870 3969 2101 4043 garunt
2143 3963 2310 4024 socio
2366 3963 2684 4042 superstiti
2770 3963 3232 4025 usumfructum
3273 3984 3402 4025 sum

1870 4057 2088 4137 partis,
2123 4056 2424 4136 quamdiu
2455 4060 2899 4117 testamentum
2936 4061 3250 4138 superstes
3279 4076 3404 4119 non

1867 4155 2212 4211 revocaret.
2248 4152 2374 4209 Nec
2404 4153 2667 4228 apparet
2688 4150 2812 4209 ulla
2845 4150 3088 4229 effigies
3119 4156 3403 4213 contrac-

1872 4248 1990 4321 tus,
2024 4247 2133 4305 aut
2161 4243 2530 4321 acceptatio,
2566 4243 2665 4304 vel
2690 4242 3009 4322 obligatio,
3045 4262 3168 4323 qua
3188 4245 3401 4324 singu-

1869 4337 1909 4396 li
1960 4337 2151 4397 etiam
2183 4355 2248 4396 se
2278 4336 2659 4416 obligassent
2687 4336 2767 4395 ad
2797 4354 2920 4396 non
2952 4338 3399 4398 revocandum.

1872 4429 1936 4491 Si
1966 4448 2114 4508 ergo
2163 4429 2266 4490 illa
2296 4433 2390 4490 est
2428 4427 2703 4490 conditio
2752 4428 3174 4508 impossibiliS,
3210 4431 3403 4492 habe-

1870 4522 2039 4582 bitur
2067 4541 2180 4600 pro
2229 4540 2353 4581 non
2393 4521 2646 4600 scripta,
2703 4522 2852 4601 quia
2891 4541 3014 4582 non
3071 4524 3406 4604 apponitur

1871 4614 2239 4691 contractui,
2275 4614 2384 4674 sed
2414 4614 2649 4675 ultimae
2697 4614 3028 4677 voluntati:
3056 4617 3266 4678 Tertio
3297 4618 3405 4678 ‹le-

1873 4708 2084 4787 nique‚
2135 4707 2278 4787 quia
2311 4706 2688 4787 supponitur
2716 4706 2963 4783 falsum,
2998 4710 3164 4787 quod
3195 4710 3403 4771 condi-

1869 4801 1956 4862 tio
1987 4801 2092 4862 illa
2119 4800 2286 4861 sitde
2310 4798 2451 4879 jure
2481 4799 2906 4877 impossibilis
2925 4801 3112 4862 Aliud
3130 4802 3294 4862 enim
3312 4806 3406 4864 est

1870 4913 1994 4955 non
2020 4911 2319 4954 revocare
2349 4896 2815 4969 testamentum,
2875 4893 3045 4954 aliud
3084 4913 3233 4954 vero
3280 4913 3401 4956 non

1868 5005 2050 5067 posse
2084 4985 2236 5045 illud
2264 5004 2562 5047 revocare
2598 5006 2610 5047 ε
2645 4986 2765 5045 hoc
2812 4986 3157 5046 secundum
3205 4990 3297 5047 est
3325 4987 3403 5048 de

1862 5078 2431 5161 jureimpossibile,
2468 5078 2616 5158 quia
2655 5096 2777 5138 non
2807 5080 3013 5156 potest
3032 5079 3262 5139 auferri
3292 5080 3404 5141 ali-

1870 5172 1965 5233 cui
1982 5176 2255 5252 potestas
2271 5171 2608 5232 revocandi
2628 5190 2640 5230 :
2662 5170 2932 5231 conditio
2949 5175 3157 5232 autem
3170 5172 3232 5233 in
3246 5192 3404 5252 prae-

1852 5265 2026 5326 ‘senti
2058 5283 2183 5325 non
2213 5264 2348 5341 fuit,
2381 5264 2437 5324 si
2458 5284 2572 5324 non
2590 5263 2780 5345 possit
2807 5281 3077 5326 revocare
3106 5273 3404 5327 testamen·

1868 5368 2013 5436 tum,
2047 5357 2180 5435 sed,
2227 5356 2282 5418 si
2316 5378 2430 5419 non
2478 5357 2866 5419 revocaverit:
2929 5376 3069 5439 quae
3129 5359 3402 5422 conditio

1867 5451 2177 5531 possibilis
2210 5454 2304 5511 est
2338 5471 2350 5512 :
2386 5471 2509 5531 quo
2546 5451 2711 5511 enim
2734 5450 2879 5531 jure
2900 5451 3273 5531 prohibetur
3302 5472 3407 5514 su-

1866 5549 2106 5626 perstes
2138 5563 2261 5605 non
2292 5563 2590 5607 revocare
2619 5545 3114 5609 testamentum?
3143 5565 3265 5609 non
3312 5566 3402 5611 er-

3573 1365 3651 1422 46

3529 1487 3647 1540 Quid,
3681 1489 3715 1531 si

3498 1543 3755 1585 ususfructus

3500 1596 3669 1637 relictus
3703 1608 3728 1637 e

3508 1653 3616 1690 esset
3637 1661 3730 1691 cum
