4263 6376
859 298 977 359 500

860 492 1005 535 cum
1029 473 1283 550 Molina,
1321 476 1382 535 et
1409 472 1544 533 aliis
1573 472 1849 550 dixisset,
1884 473 2107 534 ludum
2137 476 2396 552 propter

861 567 1063 628 solum
1100 567 1345 627 lucrum
1388 585 1512 627 non
1553 587 1688 627 esse
1730 572 2063 646 peccatum
2095 567 2341 628 veniale
2374 585 2387 626 ε

861 665 1079 737 postca
1122 660 1343 720 eodem
1394 679 1450 719 n.
1488 664 1548 720 4.
1585 661 1906 722 concludit
1941 680 1954 721 :
2000 682 2026 716 «
2059 661 2124 722 Si
2158 678 2281 720 non
2314 660 2395 722 sit

859 752 1063 833 major
1090 772 1231 831 spes
1262 753 1412 813 lucri
1446 772 1636 832 quam
1679 753 1913 826 damni,
1950 759 2163 814 actum
2193 753 2394 813 videri

860 845 1149 922 otiosum,
1184 845 1423 905 eumad
1450 864 1594 905 eum
1626 847 1816 905 finem
1846 846 2123 905 medium
2155 864 2394 905 assum-

860 942 1036 1016 ptum
1078 956 1204 997 non
1242 937 1443 1016 magis
1475 937 1671 1017 possit
1702 939 2019 1016 prodesse,
2065 957 2254 1017 quam
2287 939 2393 998 ob-

858 1049 1014 1092 esse.
1059 1032 1390 1107 Caeterum,
1437 1031 1485 1090 si
1527 1032 1687 1109 plus,
1734 1031 1958 1110 inquit,
1991 1032 2224 1091 lucrari
2255 1051 2393 1110 spen

856 1128 975 1199 rat,
1020 1141 1209 1202 quam
1248 1124 1445 1201 possit
1490 1123 1777 1201 perdere,
1828 1124 2172 1201 prudenter
2217 1124 2391 1184 ludet

858 1216 1230 1295 aliquando:
1294 1216 1461 1276 unde
1519 1222 1739 1277 contra
1786 1216 2225 1277 liberalitatem
2274 1217 2392 1276 erit

860 1309 1016 1369 velle
1056 1307 1307 1384 lucrari,
1343 1309 1489 1387 quia
1523 1314 1616 1370 cst
1648 1310 1803 1369 velle
1835 1310 2079 1370 auferre
2114 1310 2195 1371 ab
2227 1310 2391 1369 ami—

858 1402 966 1474 cis,
1019 1402 1245 1480 quibus
1288 1406 1454 1462 esset
1497 1402 1798 1479 dandum,
1838 1403 1925 1463 ait
1970 1404 2225 1464 Aristol.
2281 1406 2386 1464 lv.

854 1495 919 1555 E
922 1494 1059 1556 tleic.
1092 1513 1145 1554 c.
1181 1512 1223 1554 1.
1258 1517 1285 1551 υ
1329 1496 1532 1565 Quare
1561 1494 1811 1555 videtur
1839 1495 2216 1555 concludere
2250 1514 2392 1573 pec-

856 1587 986 1648 cari
1007 1587 1333 1647 venialiter
1353 1586 1625 1646 ludendo
1650 1587 1851 1647 solum
1874 1593 2131 1665 propter
2147 1588 2390 1648 lucrum

858 1684 1075 1740 contra
1104 1679 1166 1737 id
1205 1679 1370 1758 quod
1403 1679 1646 1740 dixerat
1681 1699 1694 1740 ε
1732 1698 1877 1739 nam
1909 1680 2007 1739 vel
2038 1699 2160 1740 non
2189 1682 2391 1758 magis

856 1773 1099 1833 lucrum
1131 1776 1418 1849 speratur
1450 1791 1639 1851 quam
1662 1772 1945 1851 jactura;
1983 1778 2046 1835 et
2088 1778 2242 1835 tunc
2274 1775 2391 1834 erit

857 1884 970 1944 per
996 1866 1200 1943 ipsum
1228 1870 1407 1925 actus
1456 1865 1714 1941 otiosuS,
1751 1866 1804 1925 si
1836 1866 2145 1926 referatur
2184 1866 2263 1926 ad
2295 1867 2391 1926 lu-

856 1977 1035 2020 crum
1069 1958 1215 2019 :'vel
1242 1959 1448 2036 maj01·
1477 1963 1570 2018 est
1602 1976 1744 2036 spes
1774 1956 1964 2031 lucri;
2002 1964 2064 2019 et
2093 1964 2243 2019 tunc
2273 1959 2392 2021 erit

857 2057 1076 2112 contra
1122 2050 1563 2111 liberalitatem
1611 2051 1675 2110 id
1726 2051 2072 2111 intendere.
2120 2052 2389 2112 Facilius

858 2162 1009 2222 ergo
1041 2149 1309 2221 negatur
1336 2143 1396 2202 in
1430 2143 1791 2203 universum
1815 2144 2031 2204 ludum
2063 2163 2198 2205 esse
2237 2145 2389 2206 otio-

856 2256 1018 2309 sum,
1054 2255 1178 2297 non
1207 2236 1408 2296 solum
1438 2236 1688 2314 quando
1741 2242 1835 2297 cst
1874 2236 2078 2316 major
2118 2257 2261 2316 spes
2290 2238 2385 2298 lu-

856 2331 966 2407 cri,
1021 2330 1131 2390 sed
1180 2330 1371 2390 etiam
1414 2329 1665 2407 quando
1700 2335 1863 2390 esset
1898 2330 2182 2409 aequaliS.
2228 2334 2386 2391 Nam

855 2424 1016 2485 sicut
1044 2423 1151 2502 qui
1180 2422 1604 2484 emitdomum
1628 2423 1801 2501 justo
1833 2425 2055 2501 pretio,
2091 2442 2213 2484 non
2247 2425 2388 2502 plus

853 2517 1133 2579 lucratur
1164 2535 1353 2595 quam
1396 2516 1640 2594 perdat,
1675 2521 1738 2578 et
1764 2521 1973 2577 tamen
2018 2518 2249 2595 emptIo
2282 2518 2388 2578 illa

854 2629 978 2671 non
1009 2615 1104 2673 est
1132 2610 1350 2681 otiosa,
1387 2608 1495 2667 sed
1528 2608 1695 2669 utilis
1734 2608 1816 2669 ad
1864 2608 2228 2670 habendam
2275 2611 2388 2672 do-

852 2722 1026 2763 mum
1056 2721 1246 2782 quam
1278 2701 1630 2774 desiderat;
1667 2701 1756 2761 sic
1786 2702 1891 2780 qui
1922 2701 2102 2777 ludit,
2143 2703 2385 2765 deside-

852 2800 952 2857 rat
997 2795 1199 2875 majus
1244 2794 1394 2854 illud
1438 2794 1709 2871 lucrum,
1766 2794 1846 2855 ad
1887 2795 2055 2874 quod
2098 2815 2388 2857 necessa-

853 2890 1016 2949 rium
1058 2893 1152 2949 est
1195 2887 1592 2967 dispendium
1637 2888 1898 2966 periculi
1931 2888 2221 2967 jacturae,
2271 2908 2385 2950 nec

854 2988 947 3043 est
977 2982 1209 3043 otiosus
1238 2981 1444 3055 ludus,
1482 2999 1625 3040 cum
1654 2980 1735 3040 sit
1752 2980 1920 3041 utilis
1951 2981 2034 3041 ad
2062 2980 2267 3061 majus
2295 2983 2385 3042 lu-

853 3094 1052 3152 crum,
1105 3074 1273 3154 quod
1319 3074 1451 3133 sine
1487 3073 1754 3152 jacturae
1801 3074 2057 3152 oequalis
2106 3075 2381 3152 periculo

852 3167 1119 3230 obtineri
1152 3185 1273 3228 non
1306 3170 1530 3245 potest.
1567 3166 1771 3240 Quare
1803 3186 2007 3247 neque
2038 3173 2131 3229 est
2161 3169 2374 3247 prodi-

849 3263 1096 3341 galitaS,
1134 3279 1277 3320 cum
1309 3279 1433 3320 non
1465 3265 1814 3338 exponatur
1842 3262 2110 3339 pecunia
2140 3263 2380 3341 pericu-

849 3357 909 3416 lo
938 3355 1071 3416 sine
1101 3372 1309 3428 causa,
1331 3353 1440 3412 sed
1454 3357 1709 3431 propter
1725 3372 1901 3431 spem
1922 3354 2179 3433 majoris
2197 3356 2373 3417 lucri.

850 3448 1030 3510 Unde
1078 3465 1202 3507 non
1233 3450 1327 3505 est
1353 3445 1708 3506 audiendus
1740 3448 1918 3524 Hugo
1950 3447 2012 3505 in
2046 3465 2099 3506 c.
2135 3447 2200 3506 E
2190 3447 2382 3527 pisco-

837 3560 978 3622 pus,
1011 3557 1195 3600 xxxv.
1216 3539 1357 3599 dist.
1377 3538 1479 3617 qui
1511 3539 1685 3615 dixit,
1707 3558 1841 3599 esse
1863 3543 2190 3617 peccatum
2216 3559 2378 3601 mor·

847 3634 971 3696 tale
1003 3651 1313 3712 exponere
1341 3632 1508 3691 bona
1536 3631 1684 3691 ludo
1714 3631 1980 3693 tortunae
2016 3654 2028 3693 :
2064 3633 2184 3694 hoc
2214 3634 2380 3694 enim

846 3733 1012 3788 esset
1057 3726 1357 3786 damnare
1399 3743 1615 3785 omnes
1663 3729 2019 3786 contractus
2065 3727 2374 3805 fortuitoS‚

845 3826 916 3883 ut
961 3839 1104 3881 cum
1135 3821 1306 3895 soto,
1351 3817 1584 3879 Medin.
1637 3822 1700 3879 et
1745 3819 1879 3879 aliis
1921 3818 2148 3898 probat
2200 3822 2379 3882 Salas

846 3935 907 3977 n.
940 3918 1000 3976 5.

922 4008 1043 4069 Alii
1090 4025 1239 4085 ergo
1287 4005 1523 4081 dicunt,
1568 4004 1790 4065 ludum
1838 4024 1982 4066 cum
2025 4006 2131 4067 illa
2171 4006 2379 4067 inten-

841 4103 1012 4164 tione
1055 4118 1189 4161 esse
1237 4103 1564 4178 peccatum
1608 4097 1873 4175 veniale,
1910 4099 2059 4177 quia
2098 4100 2376 4163 continet

843 4193 1194 4254 avaritiam.
1228 4195 1321 4252 lta
1353 4194 1516 4252 Petr.
1550 4191 1771 4252 Ledes,
1806 4192 1973 4270 apud
2007 4192 2185 4253 Salas
2216 4213 2277 4253 n.
2309 4198 2368 4255 4.

842 4288 939 4349 cui
971 4287 1103 4366 ipse
1134 4286 1322 4346 etiam
1346 4284 1596 4345 videtur
1624 4284 1998 4361 consentire,
2034 4289 2103 4346 ut
2133 4290 2379 4347 constat

842 4401 917 4442 ex
959 4379 1167 4441 verbis
1208 4377 1443 4454 relatiS,
1477 4381 1539 4437 et
1566 4377 1876 4455 approbat
1906 4377 2096 4438 ctiam
2137 4379 2368 4440 Sanch.

842 4476 904 4535 d.
941 4473 1091 4534 dub.
1127 4476 1224 4532 24.
1285 4490 1344 4531 n.
1383 4473 1479 4530 12.
1516 4471 1646 4529 Hoc
1675 4472 1885 4529 tamen
1916 4469 1977 4529 in
2008 4470 2372 4530 universum

839 4586 963 4628 non
1003 4571 1097 4626 est
1128 4581 1349 4626 verum
1383 4583 1396 4623 :
1433 4562 1579 4640 quia
1610 4561 1994 4621 desiderium
2040 4562 2219 4638 lucri,
2254 4563 2373 4623 nisi

838 4659 1102 4721 nimium
1149 4659 1247 4733 sit,
1282 4675 1407 4716 non
1439 4673 1688 4732 semper
1714 4654 1992 4715 continet
2017 4656 2367 4731 avaritiam,

835 4773 979 4815 cum
1009 4751 1206 4831 possit
1230 4750 1474 4810 lucrum
1504 4748 1764 4808 honeste
1796 4748 2027 4827 appeti,
2064 4753 2125 4808 et
2143 4767 2371 4827 procu-

834 4848 959 4908 rari
1009 4846 1089 4906 ad
1117 4841 1637 4906 sustentationem
1680 4840 1956 4913 familiae,
2001 4842 2099 4900 vel
2145 4845 2365 4902 statuS.

835 4939 1095 5013 Quando
1128 4954 1276 5015 orgo
1307 4934 1536 4995 debitae
1583 4932 2069 4996 circumstantiae
2110 4952 2372 4994 concur·

831 5039 1064 5109 rerent,
1098 5050 1223 5093 non
1253 5033 1350 5090 est
1376 5047 1487 5088 cur
1517 5026 1853 5086 damnetur
1881 5027 2121 5106 peccati
2155 5027 2370 5087 venia-

828 5128 927 5205 lis,
962 5126 1067 5206 qui
1098 5127 1355 5204 propter
1374 5122 1619 5181 lucrum
1648 5119 2360 5198 principaliterluderet.

909 5219 1118 5282 Tertio
1178 5217 1523 5289 dubitatur,
1586 5231 1666 5272 an
1722 5212 1959 5272 licitum
2016 5214 2096 5273 sit
2150 5213 2366 5274 ludere

537 5354 600 5395 A„
621 5354 741 5397 „cm
828 5333 1048 5396 preces
1077 5329 1308 5385 sacraS,
1338 5309 1423 5370 ita
1453 5312 1520 5368 ut
1548 5307 1749 5368 victus
1780 5305 2008 5366 debeat
2035 5307 2365 5385 aliquoties

483 5404 779 5505 '‘¹³30’ng
827 5408 1091 5470 recitare
1110 5403 1554 5465 salutationem
1576 5398 1942 5477 Angelicam
1966 5418 2078 5478 pro
2100 5401 2361 5476 victore,

828 5503 923 5563 vel
946 5519 1060 5580 pro
1082 5496 1411 5560 animabus
1427 5493 1821 5575 purgatorii?
1850 5495 2095 5571 Negant
2120 5493 2360 5554 Ludov.

1989 296 2093 355 DE
2136 295 2490 357 JUS'PI'PIA
2535 295 2634 355 ΕΤ
2674 296 2873 358 JURE

2493 475 2695 551 Lopez
2727 490 2795 534 11.
2830 493 2892 552 p.
2933 472 3214 535 Instruct.
3250 492 3307 537 c.
3336 490 3535 535 xxxn.
3571 474 3634 532 in
3656 473 3761 549 fin,
3786 476 4006 553 etVega

2492 566 2667 627 verb.
2715 565 2905 642 ludus,
2941 585 2995 627 c.
3041 584 3171 628 xlv.
3225 572 3487 646 propter
3534 566 4005 642 irreverentiam,

2493 679 2617 738 qua
2671 660 3014 720 miscentur
3065 678 3248 720 sacra
3301 660 3620 738 profanis;
3683 664 3747 719 et
3793 660 4010 722 addunt

2493 771 2628 812 esse
2672 753 3026 829 simoniam,
3081 753 3132 813 si
3164 771 3230 813 se
3273 753 3543 815 civiliter
3573 752 3769 813 velint
3808 752 3885 811 ad
3912 753 4010 814 hoc

2493 846 2793 923 obligare.
2840 846 3234 907 Contrarium
3265 852 3478 906 tamen
3523 851 3745 906 tenent
3772 847 4006 907 Navarr.

2492 937 2552 997 d.
2589 956 2641 997 c.
2677 955 2775 998 xx.
2814 958 2875 999 n.
2908 944 2968 999 7.
3002 940 3100 1019 xjel
3131 940 3193 998 in
3225 939 3497 1000 editione
3517 939 3789 1016 antiqua
3817 958 3871 998 c.
3904 955 4008 999 m.

2494 1049 2553 1090 n.
2600 1036 2658 1091 7.
2708 1030 2937 1092 Sanch.
2988 1031 3049 1091 d.
3104 1032 3252 1091 dub.
3305 1048 3475 1092 xxlv.
3532 1051 3595 1092 n.
3644 1035 3745 1092 15.
3798 1032 4007 1091 Rebell.

2488 1123 2597 1183 lib.
2631 1141 2741 1186 ΧΠ.
2777 1129 2840 1185 et
2873 1125 3050 1185 Salas
3080 1124 3228 1185 dub.
3264 1142 3441 1185 xxm.
3477 1145 3541 1186 n.
3581 1128 3640 1194 1.
3677 1125 3860 1196 Quod
3884 1126 4011 1185 mihi

2492 1216 2678 1278 etiam
2701 1217 2926 1295 placet,
2953 1223 3364 1280 concurrente
3385 1218 3629 1297 duplici
3649 1217 4008 1277 conditione.

2493 1310 2700 1369 Prima
2731 1315 2844 1385 est,
2879 1330 2956 1371 ne
2987 1315 3243 1389 propter
3271 1312 3682 1390 praesentiam
3716 1310 3846 1370 ludi
3877 1312 4011 1389 peri-

2492 1403 2700 1460 culum
2729 1403 2811 1463 sit
2837 1402 3117 1464 defectus
3149 1405 3519 1464 reverentia:
3541 1403 3781 1463 debitae
3812 1403 3870 1462 in
3899 1423 4012 1462 ora·

2491 1494 2658 1554 tione
2688 1495 3013 1571 solvenda,
3048 1495 3198 1556 dum
3226 1502 3489 1574 propter
3527 1496 3810 1555 reditum
3838 1496 3912 1554 ad
3940 1497 4011 1555 lu·

2491 1586 2664 1661 (luni,
2699 1593 2908 1650 mente
2937 1589 3189 1649 omnino
3213 1588 3538 1661 distracta,
3567 1595 3632 1649 et
3663 1590 4009 1650 festinanter

2490 1681 2688 1741 oratio
2736 1681 3036 1741 recitatur
3081 1682 3256 1759 quasi
3306 1681 3576 1741 ludicra.
3621 1682 3931 1755 Secunda,
3958 1686 4011 1741 ut

2490 1772 2780 1851 utrinque
2824 1774 3024 1833 oratio
3066 1775 3369 1833 solvenda
3411 1775 3493 1834 sit
3527 1792 3544 1838 :
3578 1775 3630 1833 si
3665 1775 3835 1833 onim
3878 1795 4011 1835 unus

2489 1865 2728 1924 solvere
2758 1864 3020 1927 deberet
3046 1866 3279 1945 aliquid
3326 1868 3711 1945 temporale,
3747 1869 3796 1928 si
3832 1869 4011 1927 vince-

2489 1961 2681 2034 retur,
2715 1957 2874 2018 alter
2900 1977 3074 2035 vem,
3109 1959 3256 2037 quia
3287 1960 3442 2019 nihil
3470 1960 3656 2020 aliud
3679 1960 3890 2037 habet,
3920 1961 4012 2019 de-

2487 2049 2654 2125 beat,
2707 2051 2758 2109 si
2787 2050 3098 2127 vincatur,
3147 2070 3363 2129 preces
3399 2053 3706 2129 recitare,
3733 2053 3864 2131 jam
3894 2072 4011 2131 pcne-

2487 2147 2582 2203 set
2611 2161 2745 2203 esse
2774 2143 3056 2204 simoni-ce
3087 2144 3471 2222 periculum;
3508 2153 3834 2224 quatenus
3857 2147 4010 2224 spiri-

2486 2235 2654 2296 tuale
2737 2238 3075 2315 opponitur
3156 2240 3486 2316 temporali
3574 2241 3641 2300 iu
3717 2248 4008 2300 contractu

2488 2346 2773 2404 oneroso,
2825 2330 2889 2389 in
2919 2348 3043 2408 quo
3091 2331 3362 2409 exigitur
3390 2334 3738 2412 :equalitas
3774 2335 3925 2394 inter
3958 2333 4008 2392 id

2488 2421 2656 2499 quod
2702 2422 2782 2482 ab
2831 2428 3099 2502 utroque
3163 2423 3420 2485 ludente
3476 2426 3860 2486 solvendum
3911 2434 4004 2486 est.
4087 2498 4090 2507 Ι

2489 2514 2666 2587 Quod
2714 2515 3058 2592 periculum
3106 2522 3329 2593 cessat,
3372 2518 3424 2577 si
3457 2520 3769 2599 utrinque
3807 2519 4009 2598 aliquid

2486 2625 2657 2667 mere
2705 2608 3024 2685 spirituale
3054 2609 3337 2671 solvatur
3368 2630 3384 2668 ε
3418 2621 3828 2673 commutare
3869 2616 4010 2671 enim

2484 2699 2802 2777 spirituale
2833 2719 2945 2778 pro
2977 2701 3304 2780 spirituali,
3340 2721 3468 2762 non
3500 2711 3602 2765 est
3637 2705 4004 2782 prohibitum

2486 2793 2604 2852 nisi
2654 2793 2731 2853 de
2767 2792 2910 2871 jure
2954 2792 3229 2855 humano
3272 2794 3335 2853 in
3367 2796 3701 2875 aliquibus
3732 2798 4005 2863 materiis.

2485 2905 2544 2947 v.
2578 2906 2640 2965 g.
2676 2886 2740 2945 in
2765 2886 3086 2948 beneflciis
3120 2908 3132 2948 :
3169 2906 3366 2966 quare
3388 2908 3508 2949 nec
3538 2890 3796 2951 etiamsi
3825 2890 4014 2951 luden-

2483 2983 2576 3039 tes
2639 2998 2705 3038 se
2763 2979 3029 3040 civiliter
3098 2979 3399 3059 obligent,
3474 2982 3898 3044 interveniret
3943 2985 4012 3043 si·

2482 3089 2717 3133 moma.

2564 3164 2794 3238 Quarto
2833 3164 3181 3242 dubitatur,
3234 3165 3311 3225 de
3343 3170 3816 3247 exponentibus
3857 3190 4010 3230 men-

2480 3277 2580 3319 sas
2627 3258 2909 3337 publicas
2939 3258 3018 3318 ad
3047 3258 3416 3335 ludendum,
3469 3267 3535 3322 et
3579 3263 4008 3341 recipientibus

2481 3352 2652 3411 domi
2680 3370 2809 3411 suae
2840 3369 3076 3426 omneS‚
3113 3351 3216 3429 qui
3247 3351 3464 3412 ludere
3494 3354 3748 3428 volunt,
3779 3375 3864 3415 an
3892 3375 4008 3435 pec-

2481 3449 2624 3504 cent
2667 3443 3058 3504 mortaliter?
3111 3443 3448 3506 Affirmant
3501 3447 3619 3508 Th.
3666 3449 3910 3508 Sanch.
3953 3448 4005 3508 d.

2480 3556 2535 3598 c.
2568 3554 2704 3598 vm.
2738 3536 2887 3597 dub.
2921 3553 3048 3596 xxx.
3086 3537 3193 3614 qui
3226 3537 3412 3598 affert
3450 3539 3768 3599 Didacum
3813 3543 4006 3612 perez,

2481 3633 2543 3691 ot
2569 3630 2850 3690 Alcozer.
2887 3634 3040 3705 tum,
3075 3628 3222 3707 quia
3251 3629 3316 3689 id
3345 3630 3560 3691 multis
3591 3631 3851 3710 legibus
3881 3653 4006 3712 pro-

2480 3723 2753 3799 hibetur,
2787 3722 2827 3782 l.
2863 3739 2908 3784 Ι.
2953 3721 3023 3781 ff.
3072 3721 3141 3781 de
3170 3721 3314 3782 aleoe
3342 3744 3468 3797 usu,
3503 3729 3567 3786 et
3607 3726 3756 3786 aliis
3785 3727 4012 3804 legibus

2478 3816 2759 3877 Castellae
2793 3835 2806 3875 :
2841 3821 2972 3876 tum
3002 3815 3213 3891 etiam,
3249 3816 3398 3894 quia
3422 3836 3618 3894 grave
3652 3821 4008 3880 scandalum

2478 3910 2566 3969 ibi
2611 3909 2817 3985 alatur,
2871 3913 2932 3969 et
2987 3907 3319 3970 innumera
3361 3910 3508 3970 inde
3556 3920 3827 3988 peccata
3871 3915 4009 3973 blas-

2478 4002 2767 4080 phemiae,
2802 4001 2936 4078 irae‚
2965 4001 3136 4074 rixae,
3188 4006 3253 4063 et
3276 4002 3443 4064 furta
3472 4003 3786 4066 oriuntur.
3828 4007 4008 4079 Quam

2477 4095 2849 4156 sententiam
2883 4094 3113 4155 acriter
3138 4099 3500 4174 propugnat
3537 4097 3742 4157 Diana
3773 4111 3947 4159 tomo
3962 4100 4004 4159 1.

2476 4207 2610 4267 par.
2664 4205 2732 4248 11.
2784 4196 2860 4249 tr.
2901 4204 2941 4248 1.
2978 4187 3215 4248 miscell.
3268 4188 3455 4249 resol.
3495 4192 3576 4250 65
3624 4191 3760 4250 Hoc
3810 4196 4008 4252 tamen

2475 4282 2606 4341 fere
2648 4281 2948 4360 probaret
2992 4280 3182 4341 etiam
3231 4280 3308 4339 de
3339 4282 3809 4359 exponentibus
3852 4283 4006 4344 domi

2473 4394 2602 4435 suas
2649 4374 2802 4434 alios
2848 4373 3029 4434 ludos
3058 4372 3366 4452 publicOS,
3402 4393 3465 4435 v.
3499 4393 3565 4453 g.
3600 4376 3769 4454 pilas,
3806 4378 3909 4437 vel
3935 4379 4009 4436 si-

2472 4468 2736 4543 milium,
2773 4466 2880 4545 qui
2910 4466 3116 4525 minus
3157 4465 3423 4528 sortunae
3455 4466 3719 4544 hahent,
3767 4488 3854 4529 ex
3883 4471 4006 4549 qui·

2471 4560 2588 4621 bus
2634 4579 2758 4621 non
2800 4559 3046 4620 minora
3075 4577 3242 4637 saepe
3279 4563 3542 4637 peccata
3594 4561 3928 4634 oriuntur;
3957 4566 4008 4622 et

2471 4658 2684 4715 tamen
2729 4653 2975 4732 publice
3023 4652 3492 4730 permittuntur.
3552 4654 3761 4726 Quare
3811 4657 4008 4735 placet

2471 4746 2695 4807 modus
2720 4745 3018 4826 loquendi
3048 4745 3296 4807 Molinae
3337 4764 3528 4825 quem
3557 4747 3724 4807 male
3753 4768 3882 4827 pro
3910 4768 4009 4810 sua

2471 4841 2780 4902 sententia
2820 4840 2971 4901 citat
2998 4839 3195 4899 Diana
3222 4839 3284 4899 in
3318 4839 3480 4918 disp.
3533 4842 3674 4901 516.
3711 4861 3775 4901 n.
3811 4847 3884 4904 5.
3917 4842 4008 4902 ubi

2473 4934 2628 4993 nihil
2671 4933 2749 4993 de
2797 4932 2918 4994 hoc
2958 4932 3131 5008 dicit,
3178 4931 3287 4992 sed
3337 4931 3498 5010 disp.
3530 4936 3670 4993 521.
3707 4934 3897 5010 dicit,
3923 4941 4006 4995 at·

2469 5031 2640 5089 tenta
2668 5026 3008 5087 acerbitate
3028 5044 3359 5104 poenarum
3393 5025 3792 5088 damnandos
3827 5029 4008 5089 fuisse

2467 5120 2709 5199 peccati
2735 5118 3015 5180 mortalis
3038 5119 3220 5197 :quia
3242 5123 3456 5179 tamen
3478 5137 3602 5179 non
3623 5120 3840 5184 solent
3861 5124 4008 5201 ejus-

2465 5213 2636 5273 modi
2690 5230 2893 5291 poeuae
2948 5210 3145 5289 infligi
3203 5230 3280 5270 ex
3328 5229 3402 5271 eo
3434 5212 3638 5290 capite
3689 5232 3820 5274 non
3881 5234 4004 5276 esse

2467 5305 2878 5365 damnandos,
2895 5305 2984 5364 Ex
3001 5303 3297 5382 qualitate
3326 5305 3540 5364 autem
3557 5303 3689 5363 ludi
3712 5306 4004 5367 etludeu-

2470 5398 2628 5459 tium
2634 5396 2657 5477 j
2669 5396 3049 5457 udicandum
3079 5414 3212 5456 esse
3228 5413 3308 5455 an
3327 5395 3681 5456 mortaliter
3705 5410 3997 5476 peccent:

2469 5495 2657 5570 prout
2683 5509 2902 5551 revera
2924 5492 3277 5568 peccarent,
3302 5488 3413 5569 qui
3441 5488 3524 5548 ad
3555 5489 3908 5554 ludendum
3928 5493 3998 5552 ad

4073 3308 4090 3348 m
