4263 6376
110 2441 135 2499 0

110 2572 174 2609 Μ·

1251 312 1722 374 DISPUTATIO
1767 310 2038 385 XXXVI,
2089 309 2362 370 SECTIO
2405 308 2481 371 11.

272 486 582 547 fortunam
610 486 874 564 venerit,
893 488 1196 549 resarcire
1219 487 1485 549 subditis
1505 487 1805 549 damnum

271 577 417 639 illud
463 579 632 659 quod
674 580 974 660 principis
1002 582 1185 660 culpa
1212 581 1378 660 passi
1407 584 1572 643 sunt.
1626 579 1805 642 Unde

270 675 479 732 monet
506 673 737 734 Molina
767 693 873 735 nu.
906 678 966 736 5.
1013 692 1276 753 peccare
1319 674 1631 753 principes
1660 690 1806 751 pec-

271 769 406 825 eato
436 764 796 844 injustitiae,
849 766 1103 846 quando
1134 767 1506 827 inordinatis
1549 765 1805 844 sumpti-

268 857 381 918 bus
436 863 501 918 et
544 857 980 936 largitionibus
1033 860 1311 938 periculo
1366 878 1432 920 se
1487 863 1807 937 exponunt

268 950 572 1027 gravandi
600 950 661 1011 in
692 950 971 1013 futurum
1002 953 1269 1032 populos
1292 999 1309 1029 ,
1361 956 1424 1013 et
1461 951 1604 1012 ideo
1656 969 1805 1011 con-

269 1041 618 1119 fessarium,
651 1047 714 1103 et
741 1044 1165 1105 thesaurarios
1193 1045 1424 1105 debere
1456 1043 1800 1122 praevenire

269 1138 330 1195 et
353 1135 610 1214 injicere
659 1137 1023 1215 scrupulum
1069 1138 1131 1197 in
1168 1138 1244 1199 iis
1273 1136 1626 1216 sumptibus
1656 1153 1803 1214 pro-

267 1232 400 1307 pter
426 1228 776 1307 periculum
805 1247 998 1307 grave
1018 1276 1035 1307 ,
1068 1230 1167 1290 cui
1197 1249 1262 1292 se
1293 1230 1582 1309 princeps
1612 1245 1803 1306 expo-

265 1321 354 1381 nit
403 1321 715 1398 gravandi
768 1322 1032 1401 populos
1083 1322 1290 1383 nimiis
1345 1320 1795 1394 exactionibuS,

267 1418 627 1476 occurrente
699 1418 919 1493 postea
990 1415 1387 1488 necessitate3
1448 1412 1799 1493 praesertim

265 1525 403 1567 cum
433 1507 605 1567 bona
631 1506 737 1567 illa
766 1527 905 1586 quae
932 1507 1273 1588 prodigunt
1299 1508 1641 1587 principes,
1673 1523 1798 1567 non

263 1599 382 1660 siut
409 1618 631 1660 eorum
659 1600 857 1662 libera
878 1647 893 1677 ,
947 1601 1057 1661 sed
1087 1602 1174 1662 eis
1203 1620 1239 1661 a
1268 1601 1514 1680 populis
1543 1601 1689 1660 data
1717 1596 1797 1658 ad

263 1692 690 1754 defensionem
731 1694 946 1773 regni,
998 1694 1169 1756 etad
1199 1695 1598 1756 necessitates
1628 1710 1801 1753 com-

262 1804 505 1863 munes,
540 1805 682 1865 quae
709 1804 1037 1848 occurrere
1066 1790 1347 1867 possunt.
1399 1786 1578 1848 Unde
1608 1784 1798 1846 etiam

261 1877 447 1939 infert
493 1878 724 1939 Sanch.
761 1879 822 1940 d.
857 1878 1007 1941 dub.
1041 1896 1112 1941 11.
1146 1899 1251 1941 nu.
1284 1883 1343 1942 8.
1396 1879 1447 1939 si
1479 1896 1554 1939 ex
1583 1876 1798 1956 iniqua

258 1976 576 2032 rectorum
650 1970 1188 2033 administratione
1250 1971 1519 2051 populus
1587 1969 1799 2031 debita

260 2064 592 2139 contraxit,
650 2082 833 2143 posse
892 2082 967 2124 ex
1012 2064 1305 2126 facultate
1353 2063 1531 2143 regia
1558 2061 1797 2141 imponi

259 2156 565 2217 tributum
594 2156 674 2216 ad
705 2174 780 2217 ea
808 2157 1019 2218 debita
1046 2157 1379 2234 solvenda,
1430 2155 1681 2236 quando
1722 2173 1797 2215 ex

258 2248 439 2310 bonis
468 2253 809 2327 rectorum,
843 2250 949 2329 qui
978 2250 1141 2311 male
1172 2249 1792 2323 administraverunt,

257 2341 415 2402 solvi
448 2360 579 2405 non
609 2346 889 2421 possunt.

334 2435 670 2497 Tributum
699 2434 832 2496 sine
859 2454 1050 2496 causa
1075 2433 1405 2496 sufficienti
1434 2433 1795 2513 impositum

255 2527 560 2606 injustum
590 2528 805 2607 procul
833 2528 1025 2589 dubio
1057 2533 1189 2604 est,
1222 2532 1285 2589 et
1313 2527 1502 2589 debet
1525 2526 1788 2603 restitui,

110 2626 210 2715 m
256 2619 468 2700 quoad
498 2639 640 2681 eam
667 2620 887 2681 saltem
932 2626 1178 2700 partem
1221 2639 1346 2701 qua
1388 2638 1643 2681 causam
1688 2638 1794 2679 ex-

111 2739 139 2787 ς,
157 2732 193 2767 a
252 2713 439 2775 cedit.
476 2713 748 2774 Dubium
776 2718 986 2775 tamen
1012 2732 1147 2775 esse
1175 2717 1399 2794 potest,
1423 2712 1672 2794 quando
1701 2715 1795 2774 est

110 2792 207 2887 {122
244 2805 416 2885 justa
447 2823 641 2866 causa
668 2806 1026 2885 imponendi
1058 2807 1359 2868 tributum
1386 2853 1401 2883 ‚
1434 2806 1545 2867 sed
1573 2809 1792 2886 postea

110 2900 138 2928 Γ·
249 2918 373 2960 non
405 2898 784 2977 expenditur
827 2899 907 2959 ad
948 2898 1120 2960 illam
1149 2898 1617 2971 necessitatem,
1678 2898 1789 2959 sed

248 2992 310 3052 in
342 2991 504 3052 alios
534 3010 683 3052 usus
711 2991 980 3069 inutileS,
1013 2992 1350 3077 anffldebeat
1375 2991 1661 3053 restitui?
1686 2991 1788 3052 Af-

246 3086 510 3146 firmant
541 3084 736 3165 Cajet.
772 3089 834 3147 et
857 3085 996 3162 alii,
1049 3102 1206 3164 quos
1233 3085 1516 3166 sequitur
1542 3083 1789 3147 Lessius

248 3178 400 3242 dub.
437 3197 526 3240 vl.
561 3198 668 3239 nu.
699 3182 799 3241 44.
855 3178 974 3241 Alii
1023 3182 1231 3241 tamen
1282 3179 1532 3256 dicunt,
1591 3178 1788 3240 teneri

248 3271 600 3352 principem
648 3272 728 3333 ad
770 3273 1168 3333 resarcienda
1197 3273 1398 3333 solum
1428 3291 1502 3333 ea
1531 3273 1783 3349 damna,

247 3384 390 3445 quae
419 3369 639 3426 secuta
667 3369 812 3427 sunt
837 3366 918 3427 ob
938 3384 1062 3426 non
1080 3366 1242 3426 bene
1271 3366 1652 3446 insumptam
1680 3384 1789 3444 pe-

247 3457 506 3519 cuniam
537 3457 708 3518 illam
739 3457 818 3517 ad
844 3458 1128 3520 debitum
1155 3461 1366 3520 finem.
1427 3462 1518 3522 lta
1559 3459 1788 3522 Melina

246 3550 310 3612 d.
343 3551 511 3629 disp.
545 3552 684 3611 667.
717 3569 888 3612 num.
922 3554 980 3612 3.
1017 3556 1078 3613 et
1106 3554 1294 3632 Vasq.
1330 3571 1474 3612 cum
1503 3552 1786 3613 Gabriele

246 3644 312 3704 d.
347 3643 504 3704 dub.
540 3658 610 3703 11.
644 3662 705 3703 n.
740 3646 836 3704 25.
871 3644 1017 3705 licet
1043 3650 1262 3724 postea
1287 3646 1342 3724 ἓ.
1379 3663 1474 3707 111.
1509 3646 1660 3708 dub.
1693 3662 1782 3708 lv.

248 3741 428 3799 n.54.
465 3735 634 3796 idem
650 3737 840 3816 Vasq.
874 3737 1256 3798 contrarium
1284 3738 1529 3815 doceat,
1563 3757 1788 3819 nempe

244 3830 486 3891 debere
515 3829 844 3890 restituere
873 3830 1176 3892 tributum
1205 3836 1555 3910 acceptum.
1610 3834 1788 3894 Ratio

245 3929 342 3985 est
364 3969 381 3998 ,
436 3923 590 4002 quia
635 3922 797 4002 juste
828 3923 1192 4001 impositum
1220 3928 1283 3985 et
1312 3931 1638 4005 acceptum
1674 3926 1792 3987 fuit

241 4016 578 4092 tributum,
604 4020 666 4078 et
692 4017 981 4096 princeps
1010 4017 1455 4096 obligationem
1484 4020 1792 4083 contraxit

243 4108 526 4170 faciendi
555 4108 617 4170 id
661 4110 742 4170 ob
782 4110 961 4189 cujus
1004 4110 1440 4172 necessitatem
1485 4113 1790 4175 tributum

236 4203 412 4282 juste
446 4201 816 4280 exigebatur
859 4221 873 4263 ε
925 4202 1115 4265 debet
1150 4221 1299 4282 ergo
1326 4205 1655 4267 restituere
1684 4206 1790 4266 da-

243 4313 472 4355 mnum
503 4299 786 4355 secutum
832 4315 907 4356 ex
949 4313 1022 4356 eo
1072 4297 1242 4376 quod
1282 4302 1671 4362 contractum
1716 4319 1793 4360 ex

247 4392 434 4466 parte
468 4404 578 4447 sua
616 4406 741 4448 non
771 4388 1230 4468 observaverit,
1292 4391 1370 4452 de
1416 4392 1536 4453 hoc
1579 4397 1791 4455 tamen

247 4481 543 4541 dicemus
571 4479 732 4540 infra
760 4487 912 4543 sect.
948 4497 1040 4543 111.

332 4573 632 4635 Secunda
660 4574 931 4636 conditio
961 4578 1313 4638 necessaria
1338 4582 1451 4655 est,
1476 4579 1794 4660 proportio

110 4697 160 4738 ἢ,
248 4666 477 4728 tributi
521 4685 665 4727 cum
694 4668 1064 4731 necessitate
1092 4715 1108 4747 ,
1161 4671 1259 4731 vel
1304 4690 1494 4733 causa
1539 4677 1797 4752 propter

110 4763 198 4857 :2⁸3-
249 4778 450 4840 quam
481 4759 780 4838 exigitur;
831 4780 1021 4840 quam
1064 4765 1530 4842 proportionem
1561 4784 1676 4844 ego
1708 4765 1797 4826 sic

111 4864 200 4901 *Μ
246 4852 540 4932 intelligo
567 4899 581 4928 ,
614 4858 685 4915 ut
714 4872 838 4915 non
866 4855 948 4915 sit
971 4856 1174 4936 majus
1203 4858 1438 4918 malum
1467 4858 1568 4919 cui
1592 4877 1793 4939 popu-

247 4947 353 5007 lus
381 4946 747 5025 exponitur,
801 4951 863 5008 et
907 4948 1074 5027 quod
1125 4950 1361 5029 patitur
1387 4970 1463 5011 ex
1491 4952 1796 5013 solutione

246 5040 398 5101 talis
427 5038 673 5115 tributi,
708 5057 900 5120 quam
931 5041 1085 5102 illud
1113 5043 1277 5121 quod
1308 5043 1532 5106 timere
1561 5048 1793 5124 posset,

248 5133 306 5194 si
335 5131 418 5192 ad
449 5149 592 5192 eam
619 5132 1053 5195 necessitatem
1083 5134 1167 5196 ita
1197 5154 1320 5196 non
1351 5138 1792 5199 contribueret:

248 5243 463 5304 neque
507 5225 675 5284 enim
716 5225 866 5286 boni
907 5227 1135 5288 medici
1174 5232 1267 5289 est
1295 5234 1631 5292 extenuare
1660 5249 1799 5293 cor-

245 5337 372 5398 pus
400 5317 723 5395 sanguinis
755 5319 1083 5381 emissione
1112 5340 1310 5400 usque
1331 5323 1411 5384 ad
1429 5324 1794 5404 deliquium,

248 5409 374 5471 nisi
405 5409 471 5469 in
502 5415 783 5472 extremo
814 5412 955 5474 vitae
986 5413 1264 5492 periculo
1287 5462 1303 5487 ,
1357 5417 1458 5477 cui
1488 5417 1666 5478 aliter
1697 5436 1797 5478 oc-

249 5502 427 5565 curri
457 5520 584 5565 non
615 5509 839 5584 potest,
873 5509 935 5568 et
962 5507 1345 5588 experientia
1373 5513 1649 5589 constat,
1683 5528 1794 5592 po-

3327 309 3443 367 613

1901 484 2284 549 tentissimas
2352 488 2415 545 et
2480 484 2987 565 opulentissimas
3057 483 3443 563 respublicas

1904 579 2137 639 sensim
2190 578 2395 638 nimiis
2443 578 2869 666 exactionibus
2917 581 2980 639 et
3018 576 3313 637 oneribus
3358 577 3445 637 ita

1904 672 2259 734 debilitatas
2284 671 2496 748 fuisse,
2529 674 2599 732 ut
2626 672 2688 732 in
2719 671 3003 732 ultimam
3030 668 3289 731 tandem
3317 668 3444 730 rui-

1905 784 2050 824 nam
2080 766 2497 843 pervenerint.
2567 765 2745 837 Quod
2791 763 3110 843 potissime
3156 761 3443 823 conside-

1901 859 2172 920 randum
2201 858 2486 936 videtur,
2520 858 2771 938 quando
2798 861 2931 920 tota
2960 874 3150 917 eausa
3177 856 3443 916 tributo-

1902 970 2043 1011 rum
2071 952 2587 1030 gravissimorum
2636 954 2729 1011 est
2766 951 3070 1012 sustinere
3099 948 3265 1009 bella
3295 965 3436 1027 quae

1901 1050 2206 1122 geruntur
2231 1044 2393 1106 inter
2422 1045 2578 1106 duos
2606 1044 2938 1123 principes,
2961 1041 3167 1122 qui1de
3185 1040 3323 1121 jure
3349 1041 3441 1101 le-

1900 1136 2140 1216 gitimae
2169 1137 2582 1199 successionis
2607 1137 2672 1196 in
2702 1155 2776 1197 eo
2807 1154 3000 1214 regno
3031 1133 3437 1209 contendunt,

1902 1235 1965 1290 et
1991 1230 2092 1289 ille
2119 1230 2226 1309 qui
2255 1229 2573 1309 possidet,
2632 1228 2903 1290 extrahit
2929 1226 3347 1288 substantiam
3377 1229 3441 1287 et

1901 1323 2270 1402 sanguinem
2301 1340 2337 1382 a
2365 1322 2651 1398 subditis,
2685 1325 2755 1382 ut
2781 1340 2845 1382 se
2876 1321 2939 1381 in
2970 1339 3043 1381 eo
3074 1338 3268 1398 regno
3291 1336 3440 1379 con-

1899 1418 2125 1476 servet.
2187 1416 2265 1477 Et
2293 1414 2545 1494 quidem
2567 1461 2582 1491 ‚
2636 1415 2687 1474 si
2716 1414 2818 1474 ille
2847 1414 2953 1493 qui
2982 1414 3265 1492 ingressu
3293 1428 3440 1491 pro·

1899 1507 2176 1584 hibetur,
2208 1506 2475 1568 infidelis
2505 1508 2603 1569 vel
2635 1506 2968 1568 haereticus
2999 1509 3183 1581 esset,
3218 1506 3316 1565 vel
3345 1508 3440 1565 ta-

1899 1601 1973 1662 lis
2024 1602 2140 1662 sul)
2188 1601 2366 1680 cujus
2421 1600 2791 1679 regiminine
2847 1599 3221 1678 gravissima
3272 1596 3439 1657 mala

1899 1694 2129 1756 subditi
2158 1693 2379 1756 timere
2413 1697 2687 1773 possent,
2711 1712 2833 1755 non
2856 1692 3247 1766 estdubium,
3268 1689 3438 1770 quod

1899 1786 2130 1848 subditi
2162 1787 2434 1848 debeant
2473 1804 2539 1848 se
2580 1786 2761 1847 bonis
2811 1785 3115 1865 spoliare,
3176 1788 3245 1846 ut
3291 1801 3436 1843 eum

1897 1879 2042 1941 totis
2083 1879 2322 1940 viribus
2364 1878 2762 1959 prohibeant.
2822 1876 3175 1957 Aliquando
3223 1880 3435 1938 tamen

1898 1972 2137 2033 nullum
2190 1973 2427 2033 malum
2474 1972 2644 2033 aliud
2687 1971 2852 2033 bono
2900 1970 3148 2050 publico
3177 1970 3435 2032 timetur

1897 2084 1970 2126 ex
2001 2065 2256 2127 alterius
2286 2065 2597 2141 adventu,
2650 2064 2770 2125 nisi
2796 2062 3058 2124 variatio
3106 2062 3429 2142 principiS,

1896 2163 1958 2220 et
1987 2159 2249 2220 fortasse
2295 2159 2397 2219 ille
2428 2158 2585 2218 alius
2613 2157 2834 2218 melior
2862 2156 2978 2217 erit
3006 2156 3083 2216 ad
3112 2155 3433 2235 publicum

1894 2253 2130 2313 bonum
2167 2272 2179 2312 :
2231 2269 2425 2331 quare
2458 2270 2581 2312 non
2610 2255 2700 2311 est
2734 2252 2977 2310 certum
3005 2248 3173 2328 quod
3198 2247 3433 2309 subditi

1896 2362 2039 2407 cum
2083 2348 2259 2406 tanto
2297 2343 2624 2423 dispendio
2673 2360 2928 2403 suorum
2967 2341 3279 2403 bonorum
3324 2340 3435 2402 de-

1892 2439 2085 2499 beant
2137 2437 2484 2516 principem
2539 2436 2815 2515 priorem
2871 2433 3174 2514 adjuvare
3229 2454 3242 2495 :
3305 2451 3430 2494 non

1894 2531 2062 2592 enim
2108 2534 2205 2592 est
2245 2548 2510 2609 regnum
2554 2532 2811 2607 propter
2849 2545 3098 2606 regem,
3158 2525 3267 2587 sed
3320 2545 3432 2587 rex

1892 2627 2147 2703 propter
2173 2640 2435 2701 regnum
2461 2642 2474 2682 ε
2510 2625 2572 2682 et
2600 2621 2835 2682 bo'num
2866 2638 3196 2680 commune
3225 2637 3297 2679 ac
3318 2638 3428 2699 pu-

1891 2717 2125 2778 blicum
2205 2714 2666 2794 praeferendum
2736 2716 2830 2774 est
2908 2713 3073 2773 bono
3155 2711 3421 2791 privato,

1891 2810 2143 2889 quando
2175 2808 2327 2869 illud
2355 2807 2669 2887 privatum
2696 2806 2930 2867 bonum
2963 2823 3086 2865 non
3116 2803 3429 2866 redundat

1889 2902 1952 2963 in
2000 2902 2237 2963 bonum
2291 2917 2645 2962 commune.
2706 2900 2909 2970 Quare
2966 2898 3226 2959 deberet
3276 2900 3426 2957 tunc

1888 2995 2179 3075 princeps
2225 2996 2311 3055 ita
2353 3011 2604 3054 causam
2633 3009 2812 3052 suam
2860 2991 3169 3071 privatam
3197 2988 3425 3068 procu-

1886 3109 2027 3150 rare
2048 3135 2062 3164 ,
2115 3093 2186 3150 ut
2214 3093 2423 3149 tamen
2450 3086 2687 3147 bonum
2717 3103 2972 3147 suorum
3003 3084 3417 3159 subditorum,

1888 3181 2056 3265 quod
2085 3201 2199 3244 suo
2226 3181 2468 3262 privato
2499 3179 2793 3259 praeferre
2823 3178 3032 3254 debet,
3053 3177 3254 3256 primo
3285 3176 3423 3238 loco

1887 3280 2031 3337 ante
2060 3277 2273 3337 oculos
2303 3275 2585 3336 haberet.
2648 3273 2821 3335 Sicut
2848 3273 3016 3334 enim
3056 3291 3181 3333 non
3208 3276 3423 3333 tenen-

1884 3373 1988 3431 tur
2014 3387 2233 3431 omnes
2261 3368 2493 3446 subditi
2522 3385 2832 3446 exponere
2878 3383 3057 3427 suam
3086 3365 3280 3426 vitam
3305 3381 3420 3442 pro

1885 3462 2119 3524 tuenda
2148 3461 2274 3522 vita
2304 3460 2635 3539 principiS,
2685 3459 2939 3538 quando
2968 3458 3074 3519 illa
3101 3476 3227 3518 non
3260 3459 3424 3517 esset

1886 3555 2239 3615 necessaria
2269 3554 2346 3614 ad
2376 3553 2612 3613 bonum
2641 3570 3008 3624 commune;
3054 3550 3143 3611 ita
3180 3568 3305 3610 non
3332 3553 3420 3610 te-

1884 3650 2115 3709 nentur
2140 3646 2407 3726 spoliare
2450 3664 2515 3705 se
2562 3645 2688 3704 suis
2714 3644 2896 3705 bonis
2925 3647 2988 3705 et
3013 3642 3420 3722 dignitatibus

1886 3759 2103 3803 omnes
2131 3739 2471 3814 subditi,ut
2497 3737 2793 3817 principis
2820 3736 3100 3798 fortunas
3130 3740 3193 3796 et
3219 3734 3418 3813 digni-

1885 3839 2046 3897 tates
2073 3836 2369 3896 tueantur
2390 3878 2405 3908 ,
2439 3831 2692 3912 quando
2723 3831 2842 3892 hoc
2870 3831 3070 3908 ipsum
3102 3846 3225 3890 non
3255 3831 3420 3889 esset

1889 3927 2309 3989 necessarium
2341 3926 2419 3985 ad
2450 3926 2685 3986 bonum
2714 3941 3066 3985 commune.

1964 4021 2061 4082 Ad
2101 4038 2355 4081 causam
2399 4017 2587 4079 etiam
2627 4016 2779 4096 justi
2808 4017 3024 4078 tributi
3052 4014 3418 4094 imponendi

3564 4018 3642 4075 22

1889 4117 2131 4193 spectat
2150 4112 2321 4192 justa
2350 4110 2774 4190 compensatio
2795 4156 2810 4186 ,
2861 4110 2958 4170 vel
2989 4108 3228 4188 punitio
3262 4124 3276 4170 :
3311 4124 3417 4186 po·
3506 4140 3571 4184 A„
3590 4142 3722 4197 pm„

1887 4211 2011 4269 test
2037 4206 2205 4267 enim
2233 4204 2523 4284 princeps
2553 4203 2743 4264 etiam
2789 4203 3026 4281 absque
3057 4202 3179 4263 alia
3208 4219 3419 4262 neces·
3494 4195 3549 4238 ³¹¹¹
3565 4195 3660 4249 poni
3679 4196 3720 4238 in

1889 4392 2166 4473 graviter
2181 4394 2395 4452 contra
2422 4390 2628 4470 ipsum
2658 4389 3076 4468 deliquerunt,
3120 4387 3423 4448 tributum

1893 4504 2125 4548 novum
2156 4485 2499 4562 imponere,
2531 4482 2757 4562 partim
2783 4482 2862 4541 ad
2892 4480 3425 4563 compensandum

1895 4579 2063 4659 quod
2106 4577 2403 4657 expendit
2446 4580 2516 4637 ut
2555 4594 2662 4636 eos
2692 4575 3072 4652 debellaret,
3104 4574 3426 4655 partimin

1893 4691 2149 4752 poenam
2196 4673 2433 4750 justam
2490 4668 2843 4730 rebellionis
2890 4672 2953 4729 et
2992 4669 3199 4730 delicti
3256 4687 3430 4731 com-

1894 4765 2066 4826 missi
2099 4811 2114 4840 ,
2179 4769 2247 4825 ut
2293 4764 2519 4824 docent
2557 4762 2796 4824 Victor.
2837 4762 3049 4823 relect.
3085 4780 3169 4822 1v.
3202 4761 3432 4842 dejure

1897 4858 2030 4919 belli
2053 4877 2114 4919 n.
2135 4862 2233 4919 57.
2268 4861 2331 4918 et
2357 4859 2527 4918 Less,
2563 4856 2713 4916 dub.
2735 4872 2820 4916 vl.
2856 4875 2916 4915 n.
2941 4858 3040 4916 49.
3074 4854 3236 4916 sicut
3261 4855 3430 4915 enim

1897 4954 2151 5031 possent
2196 4951 2363 5011 bona
2410 4949 2641 5010 civium
2684 4948 2881 5027 spolio
2925 4947 3193 5008 militum
3237 4947 3424 5022 tradi,

1895 5043 2125 5124 poterit
2153 5043 2340 5104 etiam
2370 5042 2670 5104 tributum
2700 5060 2888 5121 super
2904 5040 3136 5100 eisdem
3159 5040 3338 5102 bonis
3368 5040 3429 5101 in

1897 5141 2272 5218 perpetuum
2300 5135 2536 5215 imponi
2568 5136 2647 5196 ad
2688 5136 2926 5196 bonum
2965 5134 3323 5213 publicum,
3371 5138 3435 5196 et

1899 5231 1977 5291 ad
2007 5230 2296 5291 oerarium
2325 5247 2657 5290 commune
2687 5228 3067 5308 augendum.

1978 5323 2190 5385 Tertia
2219 5322 2489 5383 conditio
2514 5369 2529 5394 ,
2564 5341 2703 5401 quae
2734 5322 3020 5401 exigitur,
3056 5325 3149 5382 est
3175 5338 3431 5400 propor-

1894 5415 1981 5478 tio
2011 5415 2393 5495 geometrica
2424 5416 2484 5475 in
2514 5414 2730 5475 tributi
2760 5415 3149 5494 impositione
3178 5433 3436 5475 servan-

1895 5509 1977 5572 da
2008 5529 2022 5573 ε
2058 5512 2128 5573 ut
2154 5509 2427 5588 scilicet,
2475 5507 2526 5570 si
2557 5509 2636 5570 ad
2664 5508 3107 5573 necessitatem
3145 5527 3271 5572 non
3300 5525 3435 5571 om-

1889 4301 2108 4375 sitate‚
2170 4297 2434 4360 subditis
2479 4296 2583 4376 qui
2633 4295 2863 4376 injuste
2909 4296 3295 4356 rebellarunt
3321 4294 3420 4354 vel
3465 4260 3767 4346 suffigaffnm.

3580 5337 3658 5397 23
