4263 6376
580 1194 658 1253 39

501 1319 634 1362 Varie
651 1330 759 1362 seu-

520 1374 660 1415 tentiae
688 1372 741 1414 de

478 1425 639 1480 institit
656 1427 778 1479 hujus

511 1484 758 1522 couti-nctus.

577 3710 658 3769 40

578 3834 685 3878 Vera

538 3889 742 3931 sententia

518 3942 756 3996 explicatur.

827 273 948 332 480

826 446 1018 507 beant
1059 443 1364 525 majorem
1403 441 1686 521 pecuniae
1742 441 1989 520 copiam
2046 442 2124 501 ad
2173 459 2363 519 nego-

828 538 1149 612 tiandum;
1201 540 1335 598 tum
1382 539 1449 595 ut
1476 534 1660 595 liberi
1689 534 1814 594 sint
1843 554 1876 594 a
1908 532 2366 612 suspicionibus

828 632 1111 693 dantium
1141 628 1438 708 pecunias
1462 674 1478 704 ,
1527 626 1632 706 qui
1662 645 1912 705 semper
1939 625 2200 687 credent
2236 643 2366 684 ma-

820 724 925 804 jus
965 724 1154 785 fuisse
1196 721 1476 796 lucrum,
1529 724 1591 780 et
1636 719 1969 780 molestum
2026 723 2192 779 esset
2247 717 2365 777 illis

825 815 1106 895 computi
1133 814 1326 875 libros
1354 811 1683 874 ostendere
1704 858 1720 888 ,
1769 829 2111 890 eorumque
2143 810 2368 871 verita-

825 915 956 971 tem
981 906 1394 989 persuadere3
1428 910 1491 967 et
1519 905 1813 984 denique,
1848 906 1994 984 quia
2014 902 2367 964 communi-

827 1005 924 1063 ter
951 1002 1148 1063 multo
1178 1000 1317 1079 plus
1345 998 1577 1059 lucrari
1624 998 1829 1059 solent
1860 1018 1873 1058 :
1921 996 2025 1077 qui
2072 1014 2365 1057 excessus

827 1097 962 1155 tuta
991 1090 1373 1154 conscientia
1404 1091 1482 1151 ab
1513 1091 1586 1149 iis
1617 1090 1874 1151 retineri
1899 1092 2126 1168 potest.

907 1189 997 1247 De
1045 1184 1287 1265 justitia
1344 1182 1531 1262 hujus
1587 1186 1949 1244 contractus
1993 1199 2224 1260 magna
2273 1183 2368 1241 est

828 1278 1257 1340 controversia
1280 1323 1296 1353 ‚
1358 1280 1418 1337 et
1485 1275 1661 1336 varia
1727 1275 2056 1336 doctorum
2115 1277 2366 1335 senten-

826 1372 952 1434 tiae.

911 1463 1117 1525 Prima
1149 1465 1339 1539 negat
1362 1459 1605 1520 licitum
1648 1478 1818 1536 esse,
1866 1457 2154 1537 quamvis
2198 1458 2365 1518 enim

828 1557 987 1617 alius
1020 1554 1242 1616 tertius
1272 1553 1470 1633 possit
1517 1552 1627 1613 tibi
1677 1551 1944 1631 capitale
1977 1556 2152 1612 tuum
2202 1570 2364 1611 asse-

825 1667 1084 1722 curare,
1120 1651 1182 1707 et
1210 1664 1386 1724 spem
1416 1644 1572 1705 lucri
1621 1644 1877 1724 majoris
1924 1643 2146 1705 incerti
2193 1647 2362 1704 certo

824 1743 996 1802 lucro
1026 1739 1251 1800 minori
1279 1756 1487 1799 emere
1511 1757 1527 1810 ;
1565 1755 1686 1798 non
1708 1743 1920 1798 tamen
1942 1740 2205 1815 possunt
2227 1736 2363 1797 haec

826 1839 1010 1914 pacta
1038 1832 1176 1893 fieri
1205 1851 1349 1893 cum
1396 1831 1531 1909 ipso
1567 1831 1735 1891 socio
1761 1876 1777 1907 ,
1829 1830 1929 1889 cui
1971 1829 2238 1906 capitale
2281 1829 2362 1888 ad

826 1925 1279 2005 negotiandum
1309 1923 1554 1984 confers
1581 1970 1596 2000 ,
1632 1923 1778 2002 quia
1799 1922 1932 2002 jam
1962 1941 2086 1982 non
2117 1922 2234 1982 erit
2262 1941 2364 1981 so-

825 2020 1017 2080 cietas
1048 2017 1157 2078 sed
1189 2021 1477 2077 mutuum
1506 2034 1649 2076 cum
1676 2016 1874 2091 lucrO,
1918 2015 2004 2074 ita
2035 2013 2364 2074 Panormi-

825 2116 1008 2174 tanus
1035 2112 1097 2170 in
1127 2129 1266 2188 cap.
1313 2128 1423 2189 per
1452 2116 1706 2182 vestreae,
1743 2122 1914 2169 num.
1953 2111 2049 2167 11.
2082 2105 2155 2166 de
2182 2106 2364 2166 dona-

827 2203 1075 2264 tionibus
1103 2202 1254 2261 z'nter
1283 2201 1473 2261 virum
1501 2208 1554 2260 et
1587 2219 1848 2261 umorem.
1886 2202 2072 2261 Sotus
2109 2198 2220 2260 lib.
2255 2200 2358 2260 vl.

825 2297 893 2358 de
908 2296 1170 2378 justitia,
1205 2313 1310 2374 qu.
1347 2311 1440 2356 v1.
1474 2299 1593 2356 art.
1627 2299 1686 2354 2.
1720 2297 1884 2356 Azor
1913 2295 2016 2354 111.
2051 2297 2215 2371 part.
2250 2292 2357 2353 lib.

827 2408 912 2452 1x.
947 2408 1084 2468 cup.
1120 2405 1214 2449 111.
1252 2406 1444 2467 quaeS.
1485 2391 1545 2448 8.
1579 2387 1871 2447 Rebellus
1891 2385 1997 2447 lib.
2023 2402 2126 2447 xv.
2164 2404 2358 2464 quaeS.

824 2489 885 2545 4.
946 2480 1345 2543 Parladorius
1369 2526 1385 2556 ,
1456 2484 1518 2540 et
1586 2480 1851 2539 Felicius
1872 2525 1888 2556 ,
1963 2497 2119 2558 quos
2184 2479 2365 2539 affert

825 2575 1022 2636 Diana
1052 2592 1095 2636 1.
1131 2579 1282 2636 tom.
1305 2576 1486 2635 tract.
1519 2570 1588 2633 de
1616 2571 2026 2648 contractibzae,
2048 2572 2234 2632 resol.
2259 2573 2357 2633 30.

825 2673 886 2729 et
916 2669 1043 2729 alii.

906 2760 1199 2823 Secunda
1219 2757 1526 2820 sententia
1545 2756 1756 2818 media
1778 2756 2083 2833 concedit,
2101 2756 2216 2816 hos
2236 2761 2362 2816 tres

825 2856 1180 2915 contractus
1239 2868 1419 2930 posse
1477 2849 1613 2910 fieri
1658 2849 2008 2909 successive
2051 2868 2127 2908 ex
2178 2841 2363 2909 inter-

824 2946 1011 3023 vallo,
1063 2963 1187 3005 non
1232 2949 1445 3004 tamen
1504 2942 1734 3002 simul:
1770 2942 1856 3004 ita
1898 2943 2092 3020 CaJet.
2142 2958 2356 3019 opusc.

822 3055 977 3102 xvn.
1027 3056 1193 3116 resp.
1247 3038 1341 3097 11.
1387 3035 1509 3097 Alii
1555 3034 1773 3094 dicunt
1810 3037 2169 3095 contractus
2224 3033 2362 3093 illos

825 3150 950 3193 non
981 3149 1115 3192 esse
1149 3132 1368 3191 contra
1388 3127 1700 3208 justitiam
1724 3173 1740 3204 ,
1785 3145 1919 3186 esse
1951 3131 2162 3187 tamen
2190 3125 2362 3187 illici-

824 3230 942 3302 ωε,
963 3225 1109 3304 quia
1123 3223 1398 3301 speciem
1419 3221 1653 3281 habent
1674 3239 1878 3281 usurae
1913 3224 1976 3280 et
1998 3219 2202 3280 mutui
2219 3237 2362 3280 cum

821 3317 995 3378 lucro
1019 3336 1034 3390 ;
1063 3333 1256 3396 quare
1276 3313 1642 3375 scandalum
1665 3314 1955 3388 afferunt,
1991 3317 2052 3371 et
2083 3312 2362 3372 occasio-

826 3429 969 3470 nem
998 3408 1151 3469 dant
1179 3405 1510 3468 exercendi
1540 3405 1661 3465 hoc
1681 3409 1986 3484 praetextu
2017 3408 2079 3464 et
2100 3404 2364 3481 pallian-

826 3503 886 3563 di
920 3519 1141 3562 usuras
1161 3548 1177 3576 ,
1220 3500 1306 3560 ita
1337 3498 1661 3561 Conradus
1692 3496 1762 3558 de
1790 3495 2177 3557 contractibus
2200 3542 2215 3572 ,
2251 3515 2355 3576 qu.

824 3612 1017 3656 xcvn.

905 3686 1115 3748 Tertia
1141 3684 1453 3746 sententia
1473 3683 1607 3763 jam
1637 3681 1788 3744 satis
1809 3681 2160 3742 communis
2182 3684 2245 3743 et
2260 3699 2362 3741 ve-

825 3781 953 3841 rior
980 3779 1272 3855 affirmat,
1288 3778 1490 3839 licitos
1507 3794 1641 3837 esse
1659 3776 1773 3836 hos
1794 3779 2151 3837 contractus
2174 3775 2362 3836 etiam

825 3873 1009 3934 simul
1038 3873 1234 3932 factos
1259 3919 1273 3945 ,
1312 3871 1364 3930 si
1394 3869 1605 3931 debito
1634 3868 1824 3929 modo
1867 3868 2061 3944 fiant,
2104 3868 2193 3929 ita
2241 3870 2363 3927 Na-

825 3984 1045 4027 varrus
1075 3965 1133 4024 in
1161 3962 1427 4023 Manual.
1462 3980 1601 4040 cap.
1633 3977 1764 4022 xvl.
1799 3979 1837 4021 a
1864 3980 1927 4022 n.
1961 3964 2099 4022 253.
2137 3964 2198 4020 et
2223 3958 2362 4020 aliis

823 4059 1000 4135 lociS,
1034 4056 1449 4119 Covarruvias
1492 4058 1556 4116 et
1598 4054 1820 4132 Major,
1873 4072 2030 4132 quos
2075 4054 2257 4113 affert
2301 4054 2365 4112 et

825 4152 1111 4231 sequitur
1150 4148 1383 4211 Molina
1429 4147 1589 4225 disp.
1622 4149 1763 4206 417.
1813 4148 1985 4207 LeSS.
2032 4164 2170 4223 cap.
2211 4161 2355 4204 xxv.

825 4244 974 4304 dub.
1010 4246 1068 4303 3.
1104 4245 1167 4302 et
1193 4240 1322 4317 alii,
1358 4257 1514 4319 quos
1537 4239 1717 4299 affert
1745 4242 1807 4299 et
1822 4238 2104 4317 sequitur
2121 4239 2357 4298 Bonae.

825 4335 896 4398 de
922 4342 1205 4398 contr-act.
1258 4333 1419 4411 disp.
1454 4334 1557 4393 111.
1593 4350 1699 4410 qu.
1736 4347 1831 4392 111.
1866 4335 2080 4408 punct.
2118 4331 2215 4391 11.
2252 4348 2359 4390 nu.

822 4433 882 4490 2.
914 4428 1207 4503 PalatioS,
1244 4424 1619 4500 sarmiento,
1653 4423 2008 4500 MalderuS,
2043 4422 2364 4483 Homobo-

823 4540 961 4598 nuS,
995 4521 1214 4595 Morla,
1251 4522 1313 4580 et
1341 4517 1444 4577 alii
1473 4517 1652 4578 multi
1683 4535 1839 4595 quos
1869 4515 2154 4593 congerit
2182 4521 2245 4576 et
2266 4533 2363 4575 se-

824 4614 1036 4693 quitur
1063 4612 1263 4672 Diana
1294 4609 1461 4670 dicta
1488 4608 1677 4669 resol.
1711 4612 1810 4669 30.
1844 4608 1983 4669 Dixi
2028 4612 2240 4668 autem
2266 4655 2281 4685 ,
2312 4607 2368 4667 si

824 4705 1010 4766 debito
1038 4702 1206 4764 modo
1239 4702 1436 4783 fian&
1463 4720 1609 4761 nam
1626 4701 1935 4781 imprimis
1955 4701 2200 4761 lucrum
2233 4720 2364 4762 cer-

824 4805 957 4861 tum
988 4797 1153 4878 quod
1186 4795 1477 4874 exigitur,
1503 4795 1692 4856 debet
1720 4812 1855 4855 esse
1886 4793 2044 4854 adeo
2073 4794 2363 4854 modera-

825 4899 981 4970 tum,
1017 4897 1085 4954 ut
1114 4894 1351 4952 attento
1383 4888 1639 4967 capitali
1667 4887 1833 4967 quod
1865 4888 2137 4963 confers,
2173 4890 2235 4947 et
2252 4905 2362 4966 spe

823 4986 983 5046 lucri
1008 4982 1266 5063 majoris
1296 4998 1436 5061 quae
1469 4985 1565 5042 est
1584 5026 1599 5057 ,
1642 4985 1944 5058 appareat
1970 4977 2364 5058 compensari

817 5078 985 5159 juste
1018 5076 1390 5156 periculum,
1426 5074 1594 5152 quod
1626 5073 1785 5133 alter
1814 5073 2018 5133 socius
2048 5072 2218 5132 subit
2245 5071 2367 5132 cir-

824 5190 899 5232 ca
928 5168 1326 5231 securitatem
1371 5165 1694 5245 capitaliS,
1746 5169 1809 5226 et
1852 5164 2160 5225 certitudo
2207 5162 2364 5224 lucri

826 5281 965 5343 quae
986 5260 1393 5342 promittitur,
1419 5257 1833 5319 diminutione
1855 5256 1959 5317 illa
1980 5256 2139 5317 lucri
2159 5257 2360 5317 multo

821 5356 945 5436 maj
955 5356 1101 5432 oris,
1135 5352 1303 5434 quod
1319 5350 1731 5432 probabiliter
1750 5354 2059 5428 speratur.
2083 5350 2148 5411 Si
2166 5350 2354 5427 enim,

822 5469 883 5512 v.
917 5468 980 5528 g.
1026 5450 1315 5528 speratur
1369 5446 1613 5507 lucrum
1665 5442 1799 5503 fore
1856 5441 2189 5504 duodecim
2240 5460 2354 5522 pro

1994 265 2096 324 DE
2140 262 2496 325 JUSTITIA
2540 264 2641 323 ET
2682 263 2883 325 JURE

2468 441 2827 503 centenario
2849 487 2864 517 ,
2911 445 2975 502 et
3020 446 3087 502 tu
3117 440 3311 520 exigis
3339 440 3543 502 solum
3571 444 3857 520 quatuor,
3892 439 4011 500 das

2466 534 2634 594 socio
2664 534 2770 594 illa
2801 533 2924 594 alia
2950 538 3089 595 octo
3120 534 3361 595 incerta
3392 553 3506 612 pro
3535 534 3868 595 securitate
3897 551 4013 594 ca-

2467 626 2674 705 pitalis
2699 673 2714 703 ‚
2762 631 2824 688 et
2868 644 2982 705 pro
3024 626 3396 688 certitudine
3425 627 3585 688 lucri
3612 631 3680 688 ut
3709 630 4005 706 quatuor.

2466 722 2702 780 Rursus
2733 738 2986 780 necesse
3016 725 3109 782 est
3138 726 3207 782 ut
3234 739 3530 782 exerceas
3559 739 3774 781 veram
3803 721 4013 780 socie-

2465 816 2659 874 tatem
2689 813 2900 874 dando
2930 814 3264 893 pecuniam
3313 815 3368 874 ei
3404 833 3593 893 quem
3623 813 3826 873 credis
3854 829 4010 872 vere

2466 924 2540 965 ea
2571 905 3072 983 negotiaturum,
3127 909 3190 966 et
3235 906 3315 966 ad
3360 906 3527 967 hunc
3581 907 3771 966 finem
3804 926 3818 966 ε
3856 905 4012 964 alio-

2466 999 2616 1078 quin
2647 998 2765 1060 erit
2791 999 3056 1060 societas
3084 1000 3231 1060 ficta
3276 1003 3339 1061 et
3379 1018 3573 1060 usura
3609 1017 3782 1060 vera.
3814 995 4013 1059 Deni-

2466 1110 2587 1170 que
2619 1109 2873 1152 necesse
2903 1096 3036 1170 est,
3089 1096 3158 1153 ut
3202 1091 3312 1152 des
3341 1093 3511 1154 socio
3543 1092 3843 1171 capitale,
3879 1108 4013 1150 non

2466 1183 2721 1263 quidem
2750 1188 2818 1245 ut
2847 1184 2979 1264 ipse
3024 1202 3138 1245 suo
3182 1185 3433 1245 nomine
3476 1185 3675 1246 solum
3721 1184 4013 1262 negotie-

2464 1282 2586 1352 tur,
2621 1284 2684 1337 et
2713 1280 2930 1354 postea
2959 1276 3075 1337 tibi
3120 1295 3234 1354 pro
3282 1277 3577 1339 facultate
3607 1275 4008 1355 negotiandi,

2464 1373 2527 1429 et
2552 1369 2838 1429 lucrandi
2866 1373 3110 1447 partem
3138 1369 3485 1448 aliquotam
3514 1370 3611 1430 vel
3643 1373 3882 1430 certam
3911 1368 4010 1427 lu-

2464 1462 2555 1522 cri
2583 1460 2848 1533 reddat;
2896 1460 3006 1521 sed
3050 1464 3118 1521 ut
3148 1466 3254 1522 tuo
3281 1462 3471 1522 etiam
3513 1463 3764 1522 nomine
3812 1479 4014 1539 nego-

2464 1553 2654 1614 tietur
2710 1574 2722 1615 :
2786 1553 3065 1632 alioquin
3120 1572 3245 1614 non
3295 1554 3414 1615 erit
3457 1574 3643 1615 verus
3686 1552 4015 1615 societatis

2464 1651 2841 1724 contractuS,
2875 1650 2943 1707 ut
2965 1646 3198 1707 fatetur
3226 1646 3459 1707 Molina
3488 1647 3594 1707 ubi
3622 1665 3817 1725 supra
3848 1665 3910 1706 n.
3942 1650 4006 1706 7.

2463 1743 2527 1800 et
2553 1743 2612 1800 8.

2542 1831 2650 1892 liis
2671 1849 2819 1910 ergo
2842 1831 3304 1893 conditionibus
3326 1832 3846 1893 concurrentibus
3864 1851 4010 1913 pro·
4078 1819 4089 1832 ”

2461 1924 2599 1985 bari
2630 1924 2809 2000 solet,

2541 2018 2751 2078 Primo
2782 2018 2918 2078 haec
2948 2018 3264 2078 conclusio
3296 2019 3375 2079 ab
3409 2018 3720 2097 aliquibus
3751 2038 3826 2079 ex
3859 2037 4003 2098 cap.

2461 2110 2584 2172 Per
2612 2118 2851 2186 vestras,
2884 2109 2956 2170 do
2985 2109 3057 2170 do
3078 2110 3340 2171 mtz'onib.
3375 2112 3526 2171 inter
3551 2112 3741 2171 virum
3770 2121 3827 2172 et
3860 2130 4008 2171 uxo-

2461 2223 2606 2279 rem,
2626 2203 2730 2263 ubi
2756 2203 3007 2282 quando
3030 2202 3145 2264 dos
3169 2203 3559 2282 periclitatur
3576 2205 3745 2284 apud
3770 2205 4003 2280 virum,

2463 2296 2712 2375 cogitur
2741 2314 2880 2356 eam
2913 2295 3064 2356 dare
3095 2298 3428 2358 mercatori
3459 2297 3539 2356 ad
3575 2316 3867 2358 securam
3900 2317 4009 2358 ne-

2461 2388 2869 2467 gotiationem
2896 2435 2911 2464 ,
2949 2392 3014 2448 ut
3042 2388 3154 2449 dos
3182 2389 3357 2448 salva
3384 2408 3640 2450 manere
3671 2392 3877 2468 possit
3898 2438 3916 2464 ,
3951 2395 4009 2451 et

2461 2500 2537 2541 ex
2579 2480 2751 2540 lucro
2800 2485 3183 2542 sustentetur
3236 2500 3394 2542 uxor
3426 2502 3439 2541 ε
3486 2501 3683 2562 quare
3732 2484 4008 2562 supponi

2464 2573 2708 2635 videtur
2736 2572 2902 2651 quod
2933 2573 3161 2634 debeat
3187 2574 3351 2635 tradi
3382 2575 3716 2635 mercatori
3737 2594 3886 2636 cum
3917 2594 4009 2635 as·

2462 2666 2852 2726 securatione
2884 2666 3167 2744 capitalis
3201 2685 3216 2726 ε
3248 2667 3358 2727 sed
3406 2673 3617 2728 tamen
3665 2668 3790 2729 hoc
3819 2686 4008 2746 argu-

2459 2763 2742 2819 mentum
2770 2758 3089 2818 infirmum
3120 2764 3251 2829 est;
3306 2778 3449 2819 nam
3479 2760 3711 2821 omissa
3741 2779 4007 2839 respon-

2462 2852 2635 2911 sione
2665 2850 3043 2928 aliquorum‚
3077 2851 3244 2930 quod
3266 2851 3418 2911 illud
3434 2854 3624 2914 fuerit
3648 2853 4007 2932 specialiter

2462 2960 2829 3003 concessum
2858 2942 2920 3001 in
2951 2942 3233 3003 favorem
3264 2944 3429 3005 dotis
3457 2991 3472 3022 ,
3526 2946 3695 3024 quod
3743 2945 4001 3025 quidem

2458 3033 2872 3114 improbabile
2904 3039 3018 3111 est,
3053 3053 3195 3095 cum
3227 3037 3404 3097 favor
3437 3038 3600 3098 dotis
3632 3039 3844 3098 facere
3878 3057 4002 3098 non

2459 3126 2697 3209 possit,
2748 3131 2817 3187 ut
2864 3145 2939 3188 ea
2967 3127 3044 3187 de
3076 3146 3267 3191 causa
3295 3136 3650 3193 contractus
3678 3133 4004 3193 usurarius

2458 3220 2625 3281 licite
2655 3225 3023 3282 exerceatur
3054 3241 3066 3282 ε
3104 3222 3211 3282 alii
3237 3227 3451 3285 tamen
3473 3225 3891 3304 probabiliter
3912 3243 4003 3284 re·

2460 3313 2812 3392 spondent,
2865 3314 3116 3374 nomine
3147 3316 3584 3395 negotiationis
3630 3336 3871 3379 securae
3921 3318 4001 3378 ibi

2462 3405 2663 3465 solum
2693 3405 2959 3484 intelligi
2990 3425 3027 3466 a
3055 3408 3353 3469 Pontifice
3374 3409 3776 3472 securitatem
3796 3428 4003 3470 mora-

2460 3497 2584 3557 lem
2615 3503 2679 3559 et
2708 3498 3048 3559 humanam
3070 3546 3088 3573 ,
3145 3519 3334 3579 quam
3366 3508 3752 3563 mercatores
3781 3503 3846 3562 in
3876 3504 4002 3563 suis

2461 3590 2989 3671 negotiationibus
3014 3610 3293 3671 quaerere
3328 3595 3551 3671 solent,
3588 3613 4002 3675 quaecumque

2461 3682 2566 3743 illa
2596 3682 2695 3743 sit.

2543 3775 2855 3852 Secunde,
2890 3782 2953 3836 et
2978 3777 3200 3837 melius
3227 3779 3554 3858 probatur,
3591 3780 3743 3858 quia
3773 3780 3837 3840 hi
3874 3786 4001 3841 tres

2462 3872 2821 3929 contractus
2850 3867 3077 3946 singuli
3108 3871 3453 3931 secundum
3483 3890 3550 3931 se
3578 3871 3731 3933 liciti
3761 3876 3924 3949 sunt,
3948 3872 4003 3933 si

2462 3977 2604 4019 cum
2634 3960 2897 4020 diversis
2939 3961 3219 4037 personis
3266 3963 3420 4025 fiant
3461 3964 3547 4024 ita
3592 3968 3664 4025 ut
3704 3965 3874 4026 facta
3900 3982 4003 4025 so-

2461 4052 2683 4113 cietate
2714 4052 3002 4114 absoluta
3032 4071 3174 4113 cum
3201 4060 3548 4117 mercatore
3572 4058 3998 4136 negotiaturo,

2462 4144 2562 4205 cui
2591 4144 2704 4204 das
2734 4146 3065 4223 pecuniam
3088 4192 3104 4223 ,
3156 4152 3375 4226 postea
3404 4151 3589 4210 Petro
3620 4150 3734 4210 des
3765 4170 3878 4230 pro
3906 4169 4003 4211 as—

2462 4237 2854 4298 securatione
2911 4238 3195 4316 capitalis
3249 4246 3494 4319 partem
3544 4244 3705 4303 lucri
3729 4290 3746 4321 ,
3779 4262 4005 4323 nempe

2459 4331 2604 4406 tria,
2645 4331 2697 4390 si
2726 4332 2969 4392 lucrum
2997 4332 3230 4393 fuerint
3258 4328 3513 4396 octo‘ex
3555 4336 3820 4416 singulis
3859 4355 4005 4397 cen-

2462 4423 2750 4500 tenariis,
2785 4428 2848 4485 et
2876 4428 3092 4502 postea
3121 4427 3355 4504 poteris
3384 4428 3579 4489 Paulo
3614 4449 3730 4508 pro
3760 4447 4006 4490 assecu-

2462 4516 2705 4576 ratione
2763 4516 2949 4590 lucri,
3002 4518 3173 4596 quod
3217 4519 3297 4579 sit
3344 4526 3616 4599 quatuor
3660 4523 3879 4583 saltem
3927 4539 4002 4581 ex

2463 4614 2715 4670 centum
2744 4609 2894 4669 dare
2925 4611 3136 4670 omnia
3165 4610 3326 4689 alia,
3362 4613 3589 4693 quibus
3620 4614 3863 4675 lucrum
3893 4632 4009 4675 ex-

2461 4701 2719 4762 cesserit
2746 4705 2985 4779 septem
3006 4721 3117 4781 pro
3148 4710 3424 4782 centum,
3458 4707 3564 4786 qul
3596 4712 3724 4768 tres
3752 4712 4009 4768 contra-

2462 4796 2598 4854 ctus
2625 4792 2773 4853 liciti
2802 4798 2949 4855 sunt
2980 4815 2993 4856 ε
3025 4800 3323 4874 poterunt
3369 4819 3517 4879 ergo
3563 4801 3755 4861 iidem
3783 4818 4009 4861 omnes

2464 4889 2819 4946 contractus
2846 4887 2984 4947 fieri
3014 4906 3156 4949 cum
3179 4890 3402 4951 eodem
3418 4899 3806 4966 mercatore;
3833 4893 4008 4972 quod

2465 4977 2629 5038 enim
2660 4996 2803 5055 cum
2835 4979 3059 5039 eodem
3089 4982 3187 5041 vel
3217 5000 3360 5043 cum
3389 4985 3655 5048 diversis
3675 4987 3848 5062 fiant,
3874 5005 4009 5047 non

2462 5070 2667 5130 variat
2696 5070 2997 5149 justitiam
3020 5079 3081 5135 et
3102 5076 3521 5153 aequalitatem
3542 5083 4003 5154 contractuum,

2464 5163 2514 5223 si
2546 5164 2609 5222 in
2638 5163 2897 5242 singulis
2928 5166 3253 5246 aequalitas
3281 5170 3361 5231 sit
3388 5171 3551 5232 inter
3577 5172 3794 5234 datum
3816 5175 3878 5232 et
3897 5189 4008 5232 ac-

2466 5261 2737 5336 ceptum.

2543 5349 2947 5429 Respondent
2971 5352 3198 5432 prim0,
3233 5354 3469 5418 destrui
3499 5359 3865 5435 conceptum
3898 5373 4001 5417 so-

2457 5441 2720 5520 cietatiS,
2756 5443 2811 5504 si
2837 5448 3037 5506 totum
3068 5447 3419 5525 periculum
3447 5450 3731 5530 capitalis
3756 5452 3817 5509 et
3842 5466 4003 5528 ope-

4127 2027 4179 2082 il

4139 5377 4177 5436 ὥ
