4263 6376
1360 324 1829 386 DISPUTATIO
1873 323 2088 399 xxm,
2139 323 2413 385 SECTIO
2458 324 2532 385 V.
3496 327 3532 383 7

345 503 545 565 etiam
570 504 717 582 post
755 520 939 563 suam
967 504 1238 563 mortem
1266 498 1519 561 donatio
1548 498 1754 560 valide
1783 498 1895 559 fie-

346 601 475 673 ret,
507 614 656 657 nam
679 595 827 656 licet
852 613 979 656 non
1009 598 1222 673 posset
1259 592 1462 653 facere
1504 592 1673 671 quod
1716 610 1896 652 man-

351 688 641 750 datarius
670 692 813 766 post
857 704 1041 747 suam
1086 689 1353 747 mortem
1383 688 1753 763 operaretur
1780 701 1892 744 uo-

345 781 528 841 mine
556 780 773 859 ipsius,
808 778 1071 857 perinde
1098 797 1174 839 ac
1202 777 1256 839 si
1284 776 1549 855 ipsemet
1565 776 1895 837 defunctus

343 878 508 935 tunc
536 876 935 952 operaretur,
985 869 1189 950 potuit
1213 874 1424 932 tamen
1454 887 1530 929 ex
1557 873 1708 929 tuuc
1736 868 1894 928 velle

348 970 426 1028 et
464 965 699 1026 donare
739 963 803 1024 id
832 963 1004 1041 quod
1043 961 1475 1023 mandatarius
1504 965 1723 1040 postea
1754 978 1894 1020 exe-

346 1062 676 1138 queretur.
715 1056 872 1128 Quia
912 1055 1207 1115 nimirum
1235 1054 1382 1115 licet
1409 1054 1742 1114 defunctus
1769 1070 1894 1113 non

349 1150 556 1229 possit
585 1153 728 1228 post
764 1152 1034 1210 mortem
1079 1146 1238 1207 velle
1269 1152 1331 1208 et
1358 1146 1727 1226 disponere;
1782 1163 1896 1225 po-

343 1242 477 1303 tuit
492 1248 705 1304 tamen
734 1241 799 1300 in
827 1240 958 1302 vita
983 1240 1143 1300 velle
1173 1244 1236 1301 et
1262 1238 1595 1317 disponere
1622 1256 1697 1298 ac
1739 1237 1895 1298 obli-

345 1352 509 1413 gare
538 1338 609 1394 ut
634 1333 741 1393 illa
769 1351 884 1393 sua
910 1332 1198 1393 voluntas
1227 1335 1369 1410 post
1396 1334 1664 1392 mortem
1689 1328 1894 1390 valide

345 1426 766 1487 mandaretur
785 1424 1139 1486 executioni
1172 1445 1184 1485 ε
1234 1441 1357 1503 quo
1392 1441 1542 1484 casu
1571 1422 1892 1501 dispositio

343 1519 460 1581 illa
488 1518 752 1599 perinde
782 1535 847 1578 se
882 1517 1144 1578 haberet
1169 1534 1242 1577 ac
1256 1515 1438 1594 siper
1451 1518 1894 1576 testamentum

345 1611 455 1672 vel
482 1611 771 1673 ultimam
798 1610 1182 1671 voluntatem
1212 1607 1291 1668 de
1316 1606 1505 1667 rebus
1532 1606 1662 1666 suis
1689 1605 1895 1684 dispo-

345 1704 620 1775 suisset;
670 1721 921 1781 semper
948 1702 1118 1763 enim
1154 1700 1442 1761 voluntas
1470 1716 1662 1778 quam
1689 1698 1891 1760 domi-

347 1815 470 1857 nus
496 1796 719 1857 vivens
747 1795 1002 1871 habuit,
1061 1792 1251 1854 debet
1277 1796 1423 1870 post
1464 1793 1599 1870 ejus
1626 1796 1893 1853 mortem

346 1888 704 1950 executioni
757 1886 1066 1948 mandari.
1140 1885 1320 1959 Quod
1395 1889 1601 1945 autem
1657 1883 1894 1944 dictum

345 1984 446 2042 est
473 1980 555 2041 de
583 1980 886 2041 mandato
916 1978 1217 2054 donandi,
1258 1977 1531 2038 limitant
1561 1978 1628 2037 P.
1660 1975 1895 2037 Molina

348 2078 417 2135 et
441 2074 550 2134 alii
581 2091 739 2152 quos
768 2072 983 2147 refert,
1020 2074 1084 2132 et
1109 2069 1395 2149 sequitur
1422 2068 1654 2132 Sanch.
1688 2085 1795 2128 nu.
1828 2070 1886 2130 9.

345 2171 422 2228 ut
465 2183 595 2227 non
643 2163 947 2243 procedat
987 2163 1050 2222 in
1096 2166 1506 2242 procuratore
1553 2160 1889 2223 constituto

345 2277 494 2320 cum
522 2262 837 2338 potestate
863 2255 1140 2317 donandi
1172 2275 1187 2316 ι
1236 2255 1339 2316 hic
1387 2256 1555 2316 enim
1584 2254 1635 2314 si
1667 2255 1799 2333 ipse
1830 2258 1894 2316 et

348 2352 720 2413 donatarius
764 2350 1056 2429 ignorent
1094 2348 1336 2410 obitum
1363 2347 1745 2423 mandantis,
1779 2346 1892 2408 do-

347 2446 520 2506 natio
568 2442 826 2517 valebit,
876 2442 1024 2521 quia
1050 2446 1226 2519 gesta
1254 2458 1368 2518 per
1394 2446 1885 2519 procuratorem,

348 2536 655 2618 quamdiu
668 2552 839 2596 mors
856 2535 954 2595 vel
974 2534 1289 2596 revocatio
1311 2534 1658 2612 ignoratur,
1681 2532 1890 2593 valida

348 2635 515 2704 sunt,
549 2648 625 2689 ex
655 2629 697 2688 l.
731 2627 811 2689 Si
830 2625 1209 2700 mandassem,
1230 2631 1292 2688 et
1317 2626 1439 2705 leg.
1471 2624 1637 2686 Inter
1662 2644 1885 2702 causas,

350 2724 415 2783 ff.
447 2720 738 2782 mandati.
1646 2782 1655 2792 ,

432 2814 616 2877 Unde
635 2813 841 2874 obiter
866 2812 1064 2873 infero
1093 2812 1276 2874 tertio
1304 2830 1470 2888 eum,
1504 2810 1609 2891 qui
1640 2828 1764 2873 non
1776 2828 1889 2888 po-

351 2911 475 2969 test
520 2907 601 2966 de
634 2906 823 2966 rebus
846 2904 975 2965 suis
1001 2905 1217 2966 testari
1250 2905 1352 2965 vel
1396 2905 1728 2983 disponere
1775 2921 1888 2984 per

351 2999 641 3060 ultimam
683 2998 1094 3073 voluntatem,
1155 2996 1373 3076 quales
1414 3002 1560 3057 sunt
1584 2995 1880 3075 religiosi,

353 3110 481 3153 non
527 3108 713 3171 posse
744 3090 829 3151 ita
849 3090 1086 3151 donare
1126 3090 1193 3151 in
1220 3090 1379 3166 vita,
1424 3094 1493 3151 ut
1530 3088 1879 3161 domitat-io,

97 2837 173 2894 79

24 3012 183 3055 ίιωια·
199 3025 287 3055 non

21 3179 300 3228 '‘w“
353 3204 428 3246 eo
483 3184 759 3259 vivente,
811 3203 936 3245 non
991 3187 1380 3262 acceptante,
1410 3183 1620 3245 adhuc
1648 3202 1760 3261 per
1785 3201 1882 3245 ac-

351 3278 776 3358 ceptationem
790 3280 1010 3356 postea
1045 3277 1445 3339 subsecutam
1491 3277 1745 3338 donatio
1774 3293 1884 3337 va·-

351 3371 476 3432 lide
502 3372 637 3432 fiat.
673 3370 851 3431 Ratio
877 3373 1089 3431 autem
1117 3368 1387 3431 sumitur
1412 3388 1487 3430 ex
1515 3368 1717 3445 dictis,
1736 3368 1884 3448 quia

351 3463 556 3524 omnis
611 3461 936 3540 dispositio
991 3460 1365 3522 revocabilis
1394 3465 1458 3523 et
1510 3478 1651 3540 quae
1680 3466 1882 3522 morte

350 3556 781 3630 confirmatur,
813 3554 1061 3615 videtur
1089 3571 1224 3614 esse
1253 3553 1577 3633 dispositio
1606 3572 1720 3632 per
1746 3571 1882 3614 mo·-

349 3647 501 3708 dum
532 3646 769 3707 ultimoe
798 3645 1156 3721 voluntatiS,
1191 3650 1253 3707 et
1276 3645 1510 3707 habere
1537 3646 1882 3707 efficaciam

348 3759 528 3802 suam
558 3759 637 3799 ex
681 3738 1002 3800 voluntate
1050 3758 1176 3818 qua
1211 3738 1501 3800 dominus
1528 3739 1617 3800 ita
1643 3739 1777 3801 vult
1804 3740 1882 3800 de

349 3832 540 3895 rebus
568 3831 698 3892 suis
725 3831 1078 3910 disponere,
1110 3835 1182 3892 ut
1221 3831 1510 3892 voluntas
1545 3851 1660 3892 sua
1692 3832 1882 3894 etiam

350 3930 492 4005 post
517 3928 790 3986 mortem
816 3923 1167 3985 executioni
1194 3924 1528 3986 mandetur
1560 3943 1745 4004 :ergo
1776 3925 1880 4004 qui

347 4035 474 4078 non
522 4020 732 4096 potest
758 4015 1089 4095 disponere
1125 4035 1240 4096 per
1276 4017 1558 4079 ultimam
1598 4018 1884 4081 volunta—

348 4114 501 4185 tem,
535 4108 649 4169 sed
677 4108 882 4169 solum
913 4108 977 4168 in
1007 4107 1158 4184 vita,
1183 4126 1307 4169 non
1326 4112 1532 4188 potest
1546 4110 1881 4172 extendere

348 4220 529 4264 suam
557 4203 948 4262 votuutatem
976 4201 1057 4262 ad
1075 4206 1321 4278 tempus
1335 4201 1724 4281 subsequens
1745 4209 1886 4281 post

349 4299 618 4355 mortem
635 4339 653 4368 ,
700 4297 765 4355 et
817 4310 931 4371 per
982 4311 1375 4372 consequens
1413 4294 1666 4357 donatio
1697 4295 1885 4356 debet

349 4394 494 4448 ante
523 4391 792 4448 mortem
821 4385 1143 4464 compleri,
1175 4390 1236 4447 et
1260 4386 1442 4447 reddi
1457 4386 1885 4449 irrevocabilis

349 4485 422 4541 ut
445 4478 659 4539 valida
687 4478 770 4540 sit
799 4498 813 4539 ε
864 4478 1142 4558 alioquin
1174 4478 1437 4540 haberet
1463 4498 1531 4539 se
1559 4480 1620 4539 in
1652 4499 1721 4541 re
1750 4480 1885 4560 ipsa

352 4573 513 4634 sicut
539 4574 988 4634 testamentum
1018 4570 1127 4631 vel
1154 4571 1375 4633 ultima
1404 4571 1711 4647 voluntas,
1744 4592 1884 4654 quae

351 4665 412 4725 in
443 4665 573 4726 vita
601 4682 851 4743 semper
871 4664 1154 4724 revocari
1185 4668 1429 4742 potest,
1464 4670 1527 4727 et
1554 4669 1697 4744 post
1717 4684 1887 4728 mor-

351 4761 480 4819 tem
508 4755 851 4817 accedente
880 4755 1167 4827 haeredis,
1200 4757 1301 4817 vel
1337 4757 1622 4835 legatarii
1663 4776 1887 4837 accep-

355 4850 587 4912 tatione
617 4849 1045 4910 confirmatur.

429 4943 637 5004 lnfero
667 4945 891 5021 quarto
921 4940 1286 5004 mandatum
1325 4941 1599 5005 donandi
1628 4943 1710 5006 ad
1740 4961 1890 5004 cau-

355 5035 603 5114 saspias
619 5052 744 5095 non
761 5033 1041 5112 expirare
1071 5039 1272 5097 morte
1292 5035 1668 5110 mandantiS‚
1702 5036 1889 5097 etiam

116 4967 192 5023 80

81 5089 261 5183 ὲωψῗὶ
358 5133 498 5190 ante
529 5126 811 5189 mandati
842 5128 1270 5188 executionem
1292 5174 1308 5203 ,
1341 5132 1411 5189 ut
1436 5147 1577 5190 cum
1610 5133 1676 5192 P.
1711 5129 1891 5191 Moli-

47 5195 302 5298 m.
360 5239 457 5296 na,
490 5219 904 5294 Covarruvia‚
946 5224 1011 5282 et
1045 5218 1182 5279 aliis
1209 5219 1396 5281 docet
1440 5220 1605 5280 idem
1655 5220 1884 5282 Sanch.

359 5312 520 5374 dicto
550 5331 725 5372 num.
757 5316 819 5373 9.
853 5330 928 5372 ex
956 5312 1079 5391 leg.
1112 5311 1190 5372 Si
1212 5312 1418 5387 Pater,
1456 5312 1515 5373 in
1551 5312 1881 5392 principio,

358 5402 423 5465 de
447 5403 815 5465 manmntksis
859 5402 1136 5465 vindicta.
1188 5404 1366 5478 Quod
1413 5409 1622 5467 tamen
1661 5405 1889 5468 intelli-

358 5497 630 5575 gendum
657 5501 812 5576 puto
838 5514 985 5558 cum
1011 5496 1381 5559 limitatione
1395 5498 1677 5578 proxime
1696 5516 1885 5577 appo-

1995 498 2115 560 sita
2144 499 2206 559 in
2236 499 2422 561 tertia
2448 498 2747 575 illatione,
2779 502 2851 561 ut
2878 517 3003 561 non
3023 499 3326 580 procedat
3342 500 3406 561 in
3427 499 3528 580 iis,

1995 592 2102 671 qui
2131 610 2257 653 non
2287 597 2547 671 possunt
2561 610 2674 672 per
2695 591 2977 653 ultimam
2998 592 3385 654 voluntatem
3407 593 3531 654 dis-

1993 702 2249 764 ponere.
2308 683 2485 745 Ratio
2528 688 2740 745 autem
2769 684 2956 763 hujus
3010 684 3304 746 illationis
3348 684 3537 746 debet

1995 795 2129 837 esse
2150 776 2331 856 juxta
2358 796 2550 855 supra
2577 777 2743 839 dicta
2766 797 2782 850 ;
2817 777 2964 856 quia
2993 795 3135 838 eum
3166 775 3408 839 donans
3435 777 3537 838 vel

1994 869 2302 929 mandans
2331 869 2605 947 potuerit
2632 869 2867 930 habere
2895 870 3086 931 talem
3115 870 3528 947 voluntatem,

1996 981 2136 1041 quae
2166 980 2231 1022 se
2261 961 2557 1023 extendat
2583 963 2665 1023 ad
2696 962 3127 1024 executionem
3157 967 3220 1025 et
3247 962 3535 1025 donatio·

1995 1072 2140 1114 nem
2171 1053 2527 1132 ponendam
2575 1055 2764 1116 etiam
2810 1059 2952 1132 post
2996 1072 3175 1115 suam
3221 1058 3531 1127 mortem;

1994 1145 2217 1207 merito
2286 1145 2687 1225 praesumitur
2752 1151 3008 1226 propter
3069 1146 3349 1207 favorem
3413 1146 3533 1226 piae

1994 1256 2201 1299 causae
2229 1283 2245 1314 ,
2292 1239 2460 1299 hunc
2507 1239 2696 1299 fuisse
2740 1239 3022 1300 animum
3071 1240 3134 1298 in
3163 1240 3528 1316 mandante,

1991 1330 2338 1411 praesertim
2383 1348 2525 1392 cum
2574 1335 2724 1392 tunc
2769 1331 2970 1411 magis
3015 1349 3362 1411 propensus
3392 1350 3533 1393 cen-

1995 1428 2206 1485 seatur
2259 1422 2339 1484 ad
2395 1423 2499 1502 pia
2551 1440 2765 1502 opera,
2824 1424 2904 1484 de
2960 1424 3186 1503 quibus
3242 1442 3315 1486 eo
3371 1429 3533 1486 tem·-

1993 1533 2144 1595 pore
2174 1515 2375 1594 magis
2404 1515 2702 1578 sollicitus
2730 1515 3129 1594 praesumitur
3154 1563 3170 1593 ,
3223 1521 3285 1578 et
3313 1535 3532 1578 eorum

1993 1608 2426 1669 executionem
2456 1608 2677 1687 quovis
2706 1608 2892 1669 modo
2924 1608 3248 1670 intendere
3267 1655 3282 1686 ‚
3331 1613 3394 1671 et
3421 1610 3532 1670 de-

1994 1700 2292 1761 siderare.

2071 1792 2251 1855 Unde
2272 1792 2406 1872 J'am
2434 1792 2514 1852 ad
2540 1797 2980 1872 argumentum
3010 1812 3123 1873 pro
3154 1795 3355 1874 prima
3385 1812 3531 1856 sen·
3676 1799 3749 1859 81

1990 1885 2189 1947 tentia
2217 1885 2557 1947 adductum
2585 1885 2767 1947 facile
2794 1886 3163 1965 responderi
3192 1890 3431 1965 potest,
3465 1887 3530 1948 in
3632 1922 3814 1967 3⁰15,OE

1991 1996 2138 2039 casu
2172 1982 2383 2040 nostro
2412 1978 2578 2039 uniri
2605 1979 2989 2041 sufficienter
3008 1978 3393 2041 voluntatem
3422 1980 3531 2043 do·
3577 1983 3861 2076 mx}

1990 2071 2213 2132 natarii
2238 2090 2251 2131 :
2280 2070 2414 2132 haec
2441 2070 2608 2131 enim
2637 2071 2990 2150 conjunctio
3018 2090 3142 2133 non
3177 2072 3368 2133 debet
3394 2090 3530 2133 esse

1989 2164 2410 2241 matematica,
2442 2164 2552 2224 sed
2582 2164 2836 2225 moralis
2859 2209 2876 2240 ‚
2923 2165 3004 2225 ad
3051 2165 3219 2245 quod
3262 2165 3411 2228 satis
3439 2169 3532 2227 est

1990 2256 2380 2335 praecessisse
2410 2257 2799 2319 voluntatem
2830 2256 3122 2319 donantis
3144 2302 3161 2334 ,
3196 2274 3312 2318 nec
3339 2276 3529 2319 revo-

1989 2354 2196 2410 catam
2223 2349 2413 2409 fuisse
2441 2349 2506 2408 in
2537 2348 2672 2428 ejus
2700 2348 2829 2409 vita
2854 2395 2870 2425 ,
2905 2355 2968 2412 et
2993 2353 3213 2427 postea
3241 2350 3392 2427 poni
3418 2368 3531 2411 vo-

1987 2441 2292 2503 luntatem
2321 2445 2384 2502 et
2411 2442 2909 2521 acceptationem
2938 2441 3273 2502 donatarii.
3309 2444 3529 2522 Neque

1990 2534 2157 2594 enim
2185 2533 2387 2612 magis
2418 2534 2518 2593 vel
2562 2533 2746 2595 aliter
2789 2534 3196 2614 conjungitur
3237 2535 3527 2597 voluntas

1987 2626 2302 2689 testatoris
2343 2645 2487 2688 cum
2534 2628 2855 2688 voluntate
2904 2627 3172 2688 haeredis
3214 2627 3311 2687 vel
3357 2628 3526 2706 lega-

1986 2719 2129 2781 tarii
2158 2719 2540 2799 acceptantis
2583 2724 2800 2799 postea
2853 2719 3283 2781 haereditatem
3312 2720 3409 2781 vel
3437 2721 3521 2782 le·

1986 2817 2245 2892 gatum;
2303 2830 2507 2891 neque
2536 2812 2616 2872 ad
2665 2812 2831 2873 hanc
2874 2812 3380 2891 conjunctionem
3423 2830 3525 2873 re-

1987 2904 2255 2987 quiritur
2283 2904 2450 2984 quod
2479 2909 2628 2965 tunc
2658 2905 2894 2967 sitactu
2922 2905 3211 2965 voluntas
3231 2903 3523 2966 donantis

1983 2997 2083 3057 vel
2110 2996 2446 3074 testatoris,
2465 2997 2575 3058 sed
2599 2997 2766 3076 quod
2786 2997 2993 3074 fuerit,
3016 3000 3087 3058 ut
3112 2996 3319 3059 ablato
3340 2997 3519 3058 obice

1983 3089 2352 3152 resistentia*
2379 3090 2441 3149 in
2473 3089 2821 3165 donatario,
2856 3093 2961 3151 vet
2986 3089 3187 3167 posito
3210 3086 3346 3170 ejus
3373 3107 3519 3150 con-

1982 3202 2168 3245 sensu
2199 3186 2490 3262 operetur
2517 3202 2695 3243 suum
2731 3184 3051 3259 effectum,
3090 3185 3155 3244 et
3184 3182 3518 3245 transferat

1981 3277 2329 3337 dominium
2356 3276 2445 3336 rei
2475 3276 2743 3339 donatae.

2061 3371 2296 3442 Quarta
2325 3367 2659 3429 difficultas
2689 3387 2823 3430 esse
2854 3371 3095 3448 potest,
3127 3386 3209 3429 au
3237 3366 3320 3429 ad
3343 3367 3513 3429 valo·

1980 3481 2115 3524 rem
2144 3461 2498 3523 donationis
2524 3461 2793 3524 sufficiat
2818 3463 2871 3523 si
2890 3462 3253 3524 donatarius
3280 3465 3507 3536 taceat,
3574 3518 3608 3562 τ
3659 3516 3846 3562 ‚mm

1982 3560 2043 3617 et
2083 3556 2171 3616 ita
2215 3559 2573 3634 acceptasse
2614 3555 2946 3617 videatur?
3001 3557 3248 3634 Negant
3293 3554 3507 3634 aliqui,
3562 3530 3859 3636 ιη’ῗτςμιιιο-

1980 3666 2140 3728 quos
2167 3647 2391 3723 refert,
2445 3652 2508 3709 et
2549 3648 2832 3726 sequitur
2858 3647 3248 3726 Tiraquellus
3292 3647 3356 3706 in
3386 3648 3506 3725 leg.
3570 3629 3858 3682 captationem.

1980 3740 2059 3802 Si
2079 3759 2357 3821 unquam,
2390 3740 2583 3801 verbo
2607 3786 2623 3817 ,
2658 3739 2873 3817 liberas,
2921 3758 2982 3800 n.
3016 3742 3116 3801 68.
3151 3741 3216 3801 C.
3250 3739 3320 3800 de
3345 3758 3513 3799 revo-

1980 3832 2151 3894 cand.
2183 3831 2381 3893 donat.
2413 3833 2680 3912 AngleS,
2735 3837 2798 3893 et
2838 3832 3086 3894 Manuel
3137 3831 3511 3910 Rodriguez,

1981 3943 2140 4006 quos
2183 3925 2374 3987 refert
2415 3925 2696 3986 Sanchez
2742 3925 2890 3985 dict.
2937 3925 3096 4005 disp.
3132 3943 3217 3987 vx.
3270 3943 3377 3985 nu.
3414 3927 3511 3986 ll.

1982 4035 2141 4098 quos
2187 4018 2470 4096 sequitur
2512 4017 2854 4078 Turrianus
2900 4018 3061 4096 disp.
3111 4019 3325 4080 LXIV.
3359 4017 3510 4078 dub.

1980 4127 2066 4172 1v.
2101 4128 2208 4169 nu.
2241 4113 2301 4170 4.
2337 4109 2441 4170 alii
2471 4109 2806 4186 affirmant,
2828 4110 3144 4187 Silvester,
3172 4112 3511 4172 CovarruV.

1982 4207 2244 4282 uterque
2272 4202 2505 4263 Molina
2532 4205 2596 4263 et
2640 4202 2747 4263 alii
2795 4203 3006 4281 plures
3036 4221 3193 4283 quos
3237 4202 3426 4264 refert
3455 4207 3518 4263 et

1980 4295 2264 4373 sequitur
2291 4294 2455 4354 idem
2508 4295 2738 4356 Sanch.
2776 4295 2927 4356 ibid.
2959 4298 3116 4357 Tota
3156 4300 3370 4357 autem
3398 4293 3519 4356 dif-

1981 4387 2226 4449 ficultas
2250 4386 2499 4448 videtur
2524 4388 2674 4449 oriri
2699 4406 2774 4448 ex
2803 4388 3037 4466 duplici
3068 4388 3286 4466 regula
3327 4386 3512 4468 juris,

1985 4499 2126 4561 quae
2173 4480 2377 4558 prima
2412 4481 2570 4541 facie
2611 4481 2860 4543 videtur
2898 4482 3210 4543 contraria
3249 4481 3514 4555 docere3

1984 4574 2188 4653 prima
2217 4573 2368 4634 dicit
2398 4590 2415 4636 t
2452 4573 2566 4647 Qui
2589 4582 2741 4634 tacet
2762 4620 2778 4650 ,
2821 4574 3140 4636 consentire
3169 4573 3429 4650 videtur,·
3458 4578 3523 4636 et

1984 4666 2253 4728 habetur
2279 4667 2344 4726 in
2371 4666 2624 4744 regula,
2670 4666 2785 4742 Qui
2809 4675 2997 4744 tacet,
3048 4668 3259 4729 XLIII.
3292 4666 3362 4727 de
3388 4686 3513 4748 req.

1968 4757 2135 4841 juris
2163 4757 2227 4819 in
2260 4775 2342 4819 vl.
2377 4759 2587 4820 Altera
2613 4759 2765 4822 dicit
2798 4776 2811 4820 :
2844 4758 2906 4820 Is
2934 4760 3041 4841 qui
3064 4768 3215 4820 tacet
3238 4806 3254 4837 ,
3285 4779 3401 4820 non
3426 4761 3518 4840 fa-

1986 4860 2141 4912 tetur
2167 4869 2191 4910 .·
2217 4849 2319 4911 sed
2341 4869 2522 4931 neque
2547 4851 2745 4932 utique
2776 4871 2988 4933 neqare
3028 4852 3275 4930 videtur,
3307 4857 3379 4914 ut
3405 4852 3519 4913 ha-

1987 4944 2170 5005 betur
2198 4943 2260 5004 in
2290 4943 2504 5023 regula
2534 4961 2697 5006 xuv.
2731 4946 3038 5025 sequenti,
3071 4964 3228 5025 quas
3254 4947 3411 5007 duas
3427 4963 3520 5006 re-

1986 5036 2168 5115 gulas
2197 5036 2284 5098 ita
2313 5036 2648 5099 conciliant
2694 5042 2980 5099 auctores
3035 5038 3327 5100 secundm
3373 5055 3519 5098 sen·

1985 5128 2218 5203 tentiae,
2254 5133 2321 5190 ut
2350 5129 2519 5207 prior
2548 5129 2777 5193 habeat
2805 5132 3011 5192 locum
3041 5131 3283 5210 quoties
3312 5131 3520 5210 agitur

1988 5220 2066 5282 de
2095 5221 2426 5283 commodo
2456 5224 2740 5299 tacentis,
2775 5242 2921 5283 nam
2943 5223 3122 5303 juxta
3150 5222 3407 5303 vulgare
3433 5223 3522 5285 di-

1988 5318 2158 5375 ctum
2191 5333 2205 5375 ε
2243 5313 2381 5389 Quis
2406 5315 2522 5375 m‘si
2562 5316 2766 5377 mentis
2791 5316 2976 5398 ιἠορε,
3002 5314 3256 5376 oblatum
3284 5324 3522 5397 respuat

1983 5403 2252 5466 aurum?
2300 5408 2605 5486 posterior
2655 5426 2803 5469 vero
2849 5409 3057 5470 locum
3104 5408 3335 5471 habeat
3373 5426 3518 5470 cum

1984 5498 2192 5578 agitur
2219 5498 2297 5560 de
2333 5501 2631 5564 afferente
2659 5500 2913 5581 aliquod
2934 5501 3402 5564 incommodum
3419 5501 3516 5562 vel

3660 3393 3738 3454 82
