4263 6376
1203 331 1674 392 DISPUTATIO
1718 331 1936 405 XXXI,
1986 331 2260 394 SECTIO
2303 333 2409 395 IV.

221 510 325 570 vel
374 513 658 589 repetere
700 509 971 570 solutum
1006 529 1018 570 :
1080 508 1396 568 affirmant
1424 509 1761 583 NavarruS‚

222 606 486 664 Covarr.
519 602 762 663 Valent.
796 602 995 663 Tolet.
1031 604 1201 680 Vega
1231 647 1245 676 ,
1280 600 1631 679 Henriquez
1656 647 1671 677 ,
1706 603 1769 661 et

221 696 376 773 alii,
420 714 575 775 quos
604 695 795 755 refert
822 699 885 756 et
909 695 1194 774 sequitur
1224 693 1399 754 Salas
1428 693 1512 753 ibi
1545 712 1649 754 nu.
1702 698 1760 753 8.

222 792 478 866 Negant
502 807 649 848 vero
682 787 914 848 Molina
949 792 1012 848 et
1036 787 1284 848 Lessius
1320 785 1472 846 locis
1501 785 1604 846 cit.
1653 787 1768 844 Re-

220 881 431 942 1101135
461 885 521 942 et
558 882 743 941 Sotus
770 880 938 959 apud
971 880 1148 942 Salas
1184 900 1197 940 :
1231 878 1380 958 quia
1407 895 1551 938 cum
1580 877 1661 938 sit
1689 877 1768 936 de

222 993 295 1034 re
328 974 530 1044 licita,
583 977 645 1033 et
671 972 750 1032 de
779 972 1089 1033 solutione
1121 989 1311 1051 quam
1358 971 1597 1050 absque
1628 987 1769 1048 pec-

223 1072 373 1128 cato
403 1067 686 1145 accipere
712 1070 775 1125 et
801 1066 1072 1126 retinere
1103 1069 1311 1144 potest
1339 1064 1568 1139 vietor,
1603 1063 1770 1122 vide-

221 1165 337 1220 tur
363 1159 735 1220 confirmare
759 1162 1150 1221 contractum
1182 1162 1243 1218 et
1271 1156 1423 1217 dare
1445 1157 1549 1234 jus
1577 1175 1652 1215 ex
1681 1154 1771 1233 ju-

224 1251 425 1327 stitia,
459 1253 517 1312 in
555 1250 732 1330 cujus
761 1250 1198 1331 praejudicium
1228 1267 1351 1310 non
1381 1253 1588 1327 potest
1615 1266 1774 1326 11131-

220 1345 398 1405 latus
416 1344 862 1405 relaxationem
883 1343 1250 1404 concedere.
1285 1341 1600 1402 Resolutio
1622 1359 1774 1419 pen-

223 1437 344 1498 det
370 1456 448 1497 ex
473 1436 705 1516 regulis
731 1437 855 1497 late
885 1454 924 1496 a
954 1435 1134 1496 nobis
1165 1434 1407 1496 traditis
1438 1433 1500 1494 d.
1526 1437 1676 1494 sect.
1709 1437 1768 1495 8.

224 1547 393 1609 quas
422 1547 546 1590 303
576 1532 824 1607 oportet
851 1547 1018 1588 nunc
1060 1531 1365 1606 repetere,
1428 1545 1499 1586 ex
1548 1525 1776 1604 quibus

225 1623 319 1710 ibi
343 1623 687 1698 intulimuS,
704 1623 1137 1700 juramentum
1168 1619 1531 1699 hujusmodi
1559 1619 1621 1678 in
1640 1636 1774 1678 ma-

225 1716 395 1777 teria
424 1714 558 1777 ludi
592 1717 964 1776 confirmare
995 1713 1499 1792 promissionem,
1534 1715 1596 1772 et
1624 1711 1774 1771 dare

216 1808 335 1886 jus
356 1808 615 1887 justitiae
651 1807 862 1880 alteri;
921 1810 1111 1886 atque
1152 1805 1311 1866 adeo
1356 1823 1481 1865 non
1526 1823 1708 1883 posse
1736 1822 1773 1863 a

224 1901 497 1980 praelato
535 1900 982 1961 relaxationem
1011 1898 1301 1959 obtineri.

316 1993 652 2054 Dubitatur
678 1992 918 2072 quinto,
952 2010 1031 2051 an
1062 1991 1316 2070 quando
1345 1989 1584 2051 credito
1614 1989 1776 2049 ludi-

224 2091 361 2160 tur,
399 2086 595 2163 possit
619 2086 866 2146 lucrum
914 2085 976 2143 in
1027 2083 1413 2144 conscientia
1455 2081 1707 2143 retineri
1740 2099 1775 2141 a

223 2179 554 2254 lucrante,
606 2178 661 2238 si
688 2178 745 2238 ei
771 2176 1097 2237 solvatur?
1125 2177 1372 2254 Negant
1401 2176 1620 2249 SotuS,
1656 2175 1773 2235 Ca-

227 2276 367 2332 stro
388 2317 405 2347 ,
457 2270 833 2346 ComitoluS,
868 2269 1131 2330 Alcozer
1153 2314 1169 2343 ,
1206 2267 1495 2331 Corduba
1517 2312 1532 2343 ,
1584 2270 1645 2328 et
1670 2266 1774 2325 alii

225 2363 409 2442 apud
440 2363 618 2425 Salas
647 2362 798 2425 dub.
833 2378 1004 2423 xxvi.
1040 2381 1102 2422 n.
1135 2365 1194 2423 6.
1231 2361 1380 2441 (1313
1424 2361 1525 2420 lex
1565 2360 1776 2421 irritat

225 2474 494 2517 omnem
515 2455 992 2534 promissionem
1016 2474 1031 2527 ;
1067 2472 1217 2531 ergo
1238 2454 1439 2514 victus
1460 2453 1629 2512 nullo
1647 2470 1777 2513 mo-

224 2549 319 2610 do
348 2549 416 2609 id
448 2548 639 2609 debet
670 2567 684 2608 ε
720 2566 870 2624 ergo
900 2546 1100 2607 victor
1140 2565 1264 2606 non
1307 2545 1502 2606 habet
1544 2545 1648 2624 jus
1695 2544 1775 2605 ad

222 2643 391 2703 illud
422 2640 881 2720 accipiendum,
918 2644 981 2701 et
1011 2658 1121 2717 per
1140 2638 1775 2716 consequensinJuste

224 2734 490 2813 accipit.
525 2733 815 2796 Secunda
841 2732 1153 2794 sententia
1183 2731 1534 2792 communis
1554 2737 1778 2792 etvera

225 2828 517 2888 affirmat
540 2827 706 2886 licite
733 2825 931 2904 accipi
963 2829 1026 2886 et
1051 2825 1308 2885 retineri
1327 2843 1367 2884 a
1395 2825 1698 2898 lucrante,
1724 2823 1777 2883 si

225 2923 288 2982 ei
324 2921 627 2981 solvatur.
662 2922 836 2979 Hanc
866 2923 1082 2980 tenent
1108 2917 1339 2994 Melina
1368 2916 1528 2994 disp.
1551 2919 1689 2978 505.
1714 2917 1770 2993 ἓ.

228 3011 452 3088 Quoad
470 3010 779 3072 secundum
799 3059 815 3085 ,
853 3012 1029 3073 Salas
1059 3011 1223 3071 dicto
1256 3029 1361 3070 nu.
1395 3013 1456 3070 6.
1502 3012 1772 3085 BanneS,

226 3109 441 3184 Vega,
474 3104 847 3184 AragoniuS,
881 3104 1194 3179 Solonius,
1220 3107 1283 3163 et
1304 3102 1407 3162 alii
1423 3102 1598 3163 multi
1620 3120 1777 3181 quos

227 3204 431 3261 affert
456 3204 519 3260 et
545 3199 827 3279 sequitur
857 3197 1088 3260 Sanch.
1121 3196 1271 3257 dub.
1309 3214 1392 3256 iv.
1430 3214 1535 3256 nu.
1576 3200 1634 3256 2.
1672 3195 1776 3275 qui

225 3295 585 3371 loquuntur
613 3311 736 3351 non
766 3291 969 3351 solum
1001 3290 1076 3350 de
1101 3289 1244 3368 jure
1275 3288 1590 3349 communi
1618 3334 1634 3363 ,
1666 3288 1778 3349 scd

227 3387 437 3446 etiam
460 3383 538 3444 de
562 3384 703 3464 jure
735 3384 1012 3461 Hispano
1036 3429 1051 3459 ,
1099 3384 1161 3441 in
1195 3400 1318 3461 (130
1348 3382 1521 3459 leges
1550 3380 1777 3441 clarius

227 3479 605 3557 loquuntur,
640 3480 702 3536 et
729 3475 1069 3554 prohibent
1096 3474 1317 3535 ludum
1348 3474 1615 3552 pecunia
1644 3492 1780 3533 cre-

227 3571 400 3644 dita,
435 3569 679 3630 etiarnsi
710 3567 898 3628 ludus
929 3567 1209 3646 alioquin
1239 3583 1365 3626 non
1396 3567 1474 3628 sit
1503 3564 1778 3644 prohibi·

223 3669 365 3738 tm,
400 3663 511 3722 sed
540 3661 704 3739 pilae,
737 3680 797 3721 v.
833 3680 895 3739 g.
929 3660 1027 3720 vel
1074 3659 1315 3720 51131115.
1352 3660 1531 3721 Ratio
1563 3663 1774 3719 autem

227 3761 357 3832 est,
393 3756 543 3833 quia
570 3755 770 3833 leges,
810 3753 956 3813 licet
1003 3752 1389 3814 irritaverint
1414 3751 1779 3831 promissio-

228 3868 353 3911 nes
408 3853 469 3909 et
511 3846 915 3907 liberaverint
969 3846 1204 3906 victum
1258 3845 1338 3904 ab
1397 3845 1776 3923 obligatione

223 3940 563 4016 solvendi,
599 3957 920 4018 nunquam
963 3942 1174 3999 tamen
1217 3937 1542 3999 irritarunt
1583 3943 1781 3998 trans·

226 4036 544 4096 lationem
571 4030 870 4107 dominii,
916 4032 968 4090 si
997 4031 1276 4092 lucretur
1307 4051 1321 4091 :
1356 4049 1470 4091 nec
1516 4031 1777 4091 fortasse

226 4126 653 4206 expediebat;
688 4125 829 4203 (1313
863 4124 1123 4200 30111105,
1157 4128 1227 4185 ut
1253 4123 1444 4184 fidem
1474 4123 1687 4184 datam
1718 4127 1781 4183 et

227 4222 551 4281 honorem
576 4236 760 4280 suum
789 4217 1130 4279 liberarent
1159 4217 1237 4276 ab
1268 4217 1439 4277 omni
1468 4220 1638 4291 nota,
1672 4215 1777 4275 ad-

227 4315 367 4374 1130
397 4313 741 4386 solverent,
791 4315 851 4373 et
881 4309 1199 4370 lucrantes
1229 4309 1592 4387 acciperent
1614 4354 1629 4383 ,
1665 4326 1780 4368 nec

220 4409 337 4468 lex
369 4405 508 4466 talis
536 4403 888 4465 deserviret
913 4402 1031 4463 nisi
1060 4403 1142 4462 ad
1173 4402 1607 4481 illaqueandas
1636 4402 1779 4462 sub-

226 4500 520 4561 ditorum
546 4497 980 4559 conscientias,

323 4595 531 4667 Petes,
583 4609 661 4651 an
707 4590 770 4651 id
812 4591 1021 4651 locum
1063 4588 1315 4665 habeat,
1365 4587 1615 4668 quando
1664 4588 1780 4648 501-

228 4703 402 4746 vens
448 4684 781 4763 ignorabat
826 4701 892 4743 se
934 4701 1058 4744 non
1105 4701 1240 4742 esse
1297 4681 1642 4760 obligatum
1699 4682 1780 4741 ad

230 4777 617 4840 solvendum
659 4794 673 4839 :
719 4775 970 4837 videtur
1006 4774 1173 4835 enim
1226 4779 1378 4837 tunc
1432 4793 1509 4834 ex
1564 4793 1776 4835 errore

152 4874 167 4901 ³
231 4872 510 4943 solvere,
571 4873 757 4948 atque
820 4868 961 4930 ideo
1018 4887 1142 4928 non
1184 4869 1522 4929 transferre
1578 4867 1779 4928 domi-

232 4966 444 5026 nium.
482 4961 939 5041 Respondetur,
985 4980 1059 5021 ex
1107 4960 1226 5021 hoc
1267 4961 1471 5038 capite
1520 4980 1644 5021 non
1675 4961 1779 5020 de-

227 5059 399 5120 bere
434 5055 606 5134 injici
638 5054 1001 5134 scrupulum
1045 5053 1374 5132 accipienti
1412 5073 1425 5114 :
1460 5058 1592 5114 tum
1632 5053 1781 5131 quia

233 5168 426 5213 error
454 5149 553 5209 ille
581 5147 999 5209 communiter
1027 5164 1151 5206 non
1182 5146 1601 5224 praesumitur,
1635 5163 1778 5206 cum

230 5261 467 5307 omnes
506 5241 922 5304 communiter
965 5240 1166 5300 sciant
1202 5257 1326 5300 non
1370 5257 1504 5298 esse
1547 5237 1781 5316 obliga-

228 5340 482 5402 tionem
522 5333 806 5396 solvendi
854 5333 1021 5412 quod
1071 5331 1308 5393 credito
1347 5330 1584 5393 luditur
1624 5330 1773 5391 ludo

226 5428 558 5512 prohibito
593 5447 606 5489 :
661 5431 792 5488 tum
836 5425 1025 5486 etiam
1082 5424 1230 5505 quia
1273 5442 1522 5501 semper
1567 5427 1780 5483 manet

227 5522 594 5607 praecipuus
621 5521 837 5583 titulus
868 5519 976 5600 qui
1025 5519 1262 5580 victum
1290 5520 1504 5578 movet
1541 5516 1623 5577 ad
1652 5516 1776 5577 sol-

3278 322 3387 380 521

1861 507 2162 584 vendum,
2209 526 2436 587 nempe
2469 513 2537 569 ut
2563 507 2787 568 liberet
2831 501 3022 564 fidem
3051 499 3395 560 humanam

1862 619 2051 680 quam
2081 600 2276 678 dedit,
2310 607 2373 662 et
2418 620 2494 660 ne
2526 601 2888 660 inconstans
2918 599 2980 654 et
3010 591 3280 653 infidelis
3332 589 3395 649 in

1861 694 2069 753 verbis
2099 695 2228 755 suis
2255 698 2606 772 reputetur,
2649 708 2846 772 quare
2898 686 3091 747 habet
3117 683 3396 744 animum

1862 786 2235 865 implicitum
2281 787 2556 848 donandi
2597 804 2768 861 casu,
2810 799 2935 861 (130
3003 797 3127 839 303
3171 776 3399 837 debeat

1865 899 1941 940 ex
1962 880 2229 959 justitia.

1945 973 2148 1049 DiceS,
2194 973 2300 1052 qui
2340 972 2523 1034 solvit
2553 989 2774 1032 usuras
2810 965 3178 1047 promissaS‚
3214 961 3399 1023 solvit

1866 1066 2055 1127 etiam
2103 1070 2172 1126 ut
2205 1067 2432 1125 liberet
2475 1064 2665 1124 fidem
2715 1079 2894 1123 suam
2927 1059 3293 1131 humanam,
3336 1058 3399 1115 et

1866 1163 2076 1220 tamen
2122 1178 2245 1219 non
2294 1163 2586 1219 censetur
2631 1156 2890 1229 donare,
2925 1169 3042 1212 nec
3070 1148 3397 1210 usurarius

1869 1257 2084 1313 manet
2110 1252 2270 1311 liber
2299 1271 2335 1310 a
2365 1249 2777 1324 restitutione,
2811 1245 2958 1326 quia
2977 1244 3224 1304 solvens
3253 1259 3399 1301 vere

1871 1364 1977 1405 eas
2020 1362 2148 1404 non
2195 1344 2494 1415 dehebat;
2529 1358 2677 1420 ergo
2723 1340 2893 1399 idem
2941 1336 3280 1400 dicendum
3309 1337 3402 1393 est

1870 1438 1933 1498 in
1963 1456 2111 1498 casu
2144 1442 2377 1498 nostro.
2414 1433 2869 1513 Respondetur,
2903 1432 3046 1493 ideo
3069 1429 3227 1507 disp.
3253 1443 3396 1487 XXV.

1870 1530 1941 1592 de
1970 1539 2186 1604 mutue,
2223 1539 2279 1590 et
2304 1547 2503 1600 mura,
2544 1521 2697 1587 sect.
2745 1543 2833 1587 xl.
2867 1525 3019 1600 dixi,
3053 1522 3402 1585 solventem

1871 1643 2093 1685 usuras
2141 1623 2516 1702 regulariter
2561 1619 2900 1680 transferre
2937 1635 3156 1679 earum
3207 1613 3405 1674 domi·

1874 1718 2045 1778 nium
2073 1717 2136 1776 in
2169 1714 2546 1789 usurarium,
2595 1711 2710 1772 nisi
2749 1712 2907 1773 forte
2936 1711 3086 1773 velit
3122 1709 3274 1768 dare
3302 1724 3403 1765 50-

1871 1813 2001 1872 lum
2029 1810 2109 1871 ad
2142 1808 2513 1869 solvendum
2541 1806 2824 1867 debitum
2859 1825 2873 1865 ε
2907 1822 3051 1865 cum
3081 1802 3248 1862 enim
3275 1817 3400 1860 non

1871 1905 1951 1965 sit
1978 1903 2281 1977 debitum,
2318 1919 2441 1960 non
2471 1898 2766 1960 transfert
2795 1897 3168 1958 dominium.
3216 1892 3401 1954 Diffe-

1871 1996 2075 2059 rentia
2116 2001 2327 2057 autem
2368 1997 2482 2068 est,
2528 1992 2697 2070 quod
2727 1991 2813 2050 ibi
2842 1989 3163 2051 usurarius
3191 1989 3406 2046 manet

1869 2090 2183 2168 obligatus
2227 2086 2307 2148 ad
2355 2083 2853 2155 restituendum;
2907 2101 3032 2142 non
3083 2079 3233 2159 quia
3273 2095 3397 2136 303

1869 2180 2231 2261 acquisierit
2273 2178 2622 2238 dominium
2671 2195 2743 2235 ex
2789 2175 3113 2235 voluntate
3162 2169 3398 2232 domini

1873 2274 2026 2335 illud
2081 2269 2535 2346 transferentiS,
2609 2268 2718 2328 sed
2786 2270 3042 2346 propter
3108 2264 3403 2343 injuriam

1874 2366 2359 2446 praecedentem,
2391 2362 2537 2442 quia
2558 2362 2786 2441 injuste
2816 2357 3074 2420 extorsit
3101 2376 3140 2418 a
3167 2360 3407 2417 mutua·

1871 2461 2030 2522 tario
2077 2476 2190 2537 pro
2221 2458 2420 2536 pretio
2468 2454 2669 2515 mutui
2716 2450 3194 2532 promissionem
3234 2448 3405 2509 illam

1874 2550 2155 2612 solvendi
2204 2567 2447 2623 usuraS,
2493 2553 2556 2608 et
2600 2546 2721 2605 hoc
2751 2562 2941 2623 supra
2962 2542 3202 2623 justum
3232 2540 3407 2599 valo-

1874 2664 2007 2706 rem
2034 2643 2260 2716 mutui,
2295 2640 2463 2721 quod
2494 2638 2821 2719 {equaliter
2848 2634 3111 2697 solvitur
3139 2633 3407 2693 redden-

1875 2738 1955 2799 do
1985 2735 2380 2798 tantumdem
2414 2753 2427 2793 :
2479 2749 2674 2812 quare
2722 2734 2927 2792 totum
2957 2728 3076 2789 boc
3105 2727 3407 2786 damnum

1875 2831 2043 2911 quod
2091 2848 2163 2889 ex
2209 2826 2438 2907 injuria
2479 2824 2764 2904 procedit
2790 2819 3259 2882 resarciendum
3289 2822 3402 2879 est.

1874 2927 1941 2986 ln
1973 2942 2115 2983 casu
2152 2926 2362 2981 autem
2385 2924 2593 2980 nostro
2616 2918 2820 2978 victor
2842 2915 3081 2974 nullam
3111 2911 3405 2992 injuriam

1874 3017 2083 3078 intulit
2109 3016 2297 3090 victe,
2352 3031 2494 3074 cum
2543 3018 2805 3089 uterque
2853 3026 3030 3087 aeque
3060 3005 3306 3066 dederit
3333 3006 3405 3064 fl-

1875 3109 2019 3169 dem
2067 3106 2351 3168 solvendi
2381 3104 2677 3178 vincenti,
2713 3107 2775 3163 et
2801 3119 2929 3161 una
2955 3098 3284 3179 promissio
3315 3099 3408 3158 al-

1874 3209 2009 3266 tera
2062 3205 2502 3279 compensetur
2550 3218 2562 3258 :
2615 3198 2667 3257 si
2730 3213 2878 3274 ergo
2938 3198 3157 3271 postea
3208 3192 3409 3252 victus

1873 3297 2008 3357 vult
2033 3294 2383 3355 dominium
2432 3292 2768 3352 transferre
2810 3288 2989 3363 lucri,
3022 3287 3159 3347 haeo
3189 3285 3410 3346 volun-

1874 3395 1971 3451 tas
2002 3407 2125 3449 non
2157 3387 2352 3447 oritur
2382 3385 2460 3444 ab
2489 3383 2719 3463 injuria
2737 3381 3037 3455 auctoriS,
3072 3378 3237 3439 seda
3266 3395 3411 3455 pro-

1876 3482 2180 3543 missione
2215 3485 2558 3558 spontanea
2589 3477 2757 3551 victi,
2792 3479 2855 3535 et
2882 3492 2995 3552 per
3021 3487 3411 3550 consequens

1878 3595 2001 3636 non
2033 3578 2127 3634 est
2157 3572 2427 3633 obnoxia
2445 3568 2840 3632 restitutioni.
2870 3566 3174 3629 Convenit
3198 3568 3410 3624 tamen

1876 3668 1940 3727 in
1971 3668 2088 3727 hoc
2119 3684 2263 3726 cum
2293 3663 2599 3724 solutione
2630 3678 2858 3735 usurae,
2886 3658 3054 3738 quod
3086 3656 3134 3716 si
3165 3655 3411 3716 solvens

1879 3778 2002 3821 non
2050 3759 2253 3820 solum
2295 3755 2444 3815 velit
2483 3754 2726 3815 solvere
2756 3769 2974 3812 verum
3013 3749 3315 3823 debitum,
3350 3752 3413 3809 ct

1876 3853 2058 3915 aliter
2098 3869 2223 3911 non
2268 3848 2606 3910 transferre
2637 3842 3007 3916 dominium,
3056 3842 3167 3902 sed
3208 3841 3410 3901 solum

1878 3961 2107 4024 ponere
2156 3942 2465 4003 actionem
2495 3940 2666 4000 illam
2704 3942 3028 3998 externam
3053 3933 3134 3994 ad
3164 3933 3413 3994 satisfa-

1878 4037 2171 4099 ciendum
2201 4034 2469 4115 propriae
2500 4029 2945 4093 existimationi
2977 4033 3041 4090 et
3066 4028 3275 4102 famae,
3310 4045 3410 4086 re-

1877 4130 2188 4192 servando
2219 4128 2336 4189 sibi
2366 4132 2566 4188 totum
2595 4141 2778 4184 suum
2799 4123 2905 4201 jus
2934 4120 2997 4181 in
3027 4138 3160 4181 rem
3191 4137 3406 4191 suam;

1879 4243 2004 4284 non
2036 4222 2367 4284 transferet
2394 4218 2766 4291 dominium,
2799 4215 2964 4276 sicut
2991 4231 3197 4293 neque
3226 4212 3290 4271 in
3319 4229 3413 4272 so·

1877 4316 2113 4378 lutione
2162 4331 2366 4374 usurae
2403 4333 2416 4373 :
2454 4312 2573 4371 hoc
2614 4315 2824 4371 tamen
2874 4326 3001 4368 non
3032 4307 3223 4367 debet
3247 4323 3410 4383 prae-

1880 4429 2125 4472 sumere
2156 4409 2262 4488 qui
2290 4407 2532 4466 lucrum
2562 4403 2813 4482 accipit,
2846 4402 2956 4462 sed
3006 4398 3212 4478 potius
3244 4398 3408 4476 qued

1880 4505 2030 4565 velit
2058 4504 2262 4563 facere
2294 4505 2517 4574 totum,
2552 4497 2720 4577 quod
2750 4493 3148 4575 promiserat,
3185 4509 3410 4568 nempe

1878 4598 2119 4659 solvere
2150 4591 2583 4656 transferendo
2613 4588 2984 4652 dominium,
