4263 6376
584 930 663 987 42

486 1058 551 1099 Au
569 1068 619 1098 ex
640 1054 783 1150 5⁸3⁶?

485 1116 572 1152 tate
589 1122 680 1172 prm
681 1121 784 1203 euplus

514 1163 756 1218 possitfieri

486 1223 670 1259 test-unet
673 1220 771 1257 ιίιιιιι

485 1269 766 1314 iimcc-bile.

836 276 916 335 68

837 450 1196 512 missionem
1225 447 1484 527 homini,
1519 448 1628 510 sed
1656 448 1771 510 soli
1790 451 1918 511 Deo
1949 469 1964 509 ε
2000 468 2193 530 quare
2223 469 2369 530 pos-

837 549 932 606 set
994 545 1255 605 testator
1323 545 1535 620 petere
1605 542 2159 604 commutationem
2184 588 2199 619 ‚
2275 543 2373 604 vel

836 636 1026 698 etiam
1055 653 1129 695 ex
1159 653 1349 697 eausa
1375 635 1732 697 rationabili
1771 635 1936 696 illius
1964 636 2093 697 voti
2121 635 2374 715 dispen-

836 729 1170 805 sationem,
1204 733 1267 791 et
1303 729 1408 788 illa
1440 728 1717 805 obtenta,
1760 729 1928 790 licite
1956 747 2255 791 revocare
2284 733 2372 791 te-

837 825 1237 898 stamentum,
1262 820 1361 881 vel
1391 821 1692 900 legatum.

917 914 1249 976 Dubitatur
1277 914 1517 992 quinto,
1545 932 1623 974 an
1653 932 1728 974 ex
1744 913 2037 976 facultate
2063 915 2252 994 regiS,
2272 915 2373 976 vel

837 1006 1134 1086 principis
1161 1005 1438 1083 supremi
1467 1006 1662 1085 possit
1689 1011 1950 1069 testator
1986 1009 2255 1068 condere
2285 1012 2371 1069 te·

835 1103 1213 1161 stamentum
1244 1097 1674 1175 irrevocabile,
1707 1098 1795 1160 ita
1824 1104 1894 1161 ut
1921 1119 2035 1161 nec
2064 1101 2269 1161 valide
2298 1101 2373 1162 il-

834 1192 941 1253 lud
979 1209 1276 1252 revocare
1304 1197 1534 1269 posset.
1593 1192 1800 1253 Prima
1823 1193 2129 1255 sententia
2158 1197 2367 1273 negat,

834 1303 1025 1365 quam
1052 1289 1269 1345 tenent
1308 1284 1566 1361 Fadilla,
1599 1285 1832 1346 Molina
1853 1285 2274 1365 jurisperituS,
2309 1291 2374 1347 et

832 1378 1065 1440 Baldus
1093 1395 1250 1457 quos
1271 1379 1489 1454 affert,
1529 1383 1591 1438 et
1618 1378 1900 1456 sequitur
1930 1379 2162 1440 Sanch.
2208 1379 2271 1440 d.
2307 1397 2362 1440 e.

833 1475 877 1535 l.
912 1471 1061 1533 dub.
1096 1486 1224 1531 xlx.
1275 1489 1387 1530 suo
1435 1470 1739 1549 principio
1778 1472 2054 1549 generali
2093 1472 2364 1550 innixus,

831 1565 999 1645 quod
1043 1563 1211 1623 nulla
1238 1563 1319 1624 sit
1347 1563 1448 1623 via
1474 1562 1781 1624 reddendi
1810 1567 2255 1626 testamentum
2285 1565 2370 1625 ir-

829 1656 1204 1733 revocabile,
1228 1660 1290 1717 et
1310 1657 1458 1735 quia
1488 1655 1623 1716 haec
1654 1656 2147 1719 irrevocabilitas
2176 1661 2270 1719 est
2289 1656 2368 1718 de

820 1751 962 1831 jure
990 1749 1295 1829 gentium,
1317 1749 1414 1809 cui
1438 1749 1727 1828 princeps
1757 1748 2064 1829 derogare
2096 1768 2223 1812 non
2256 1769 2366 1829 po·

827 1846 968 1904 test.

906 1933 1198 1998 Secunda
1225 1933 1535 1995 sententia
1566 1953 1713 1994 vera
1738 1937 1852 2011 est,
1901 1936 2069 2015 quod
2116 1935 2181 1996 id
2227 1934 2363 1996 fieri

825 2028 1040 2109 possit,
1076 2044 1266 2105 quam
1304 2031 1519 2088 tenent
1545 2027 2077 2106 Archidiaconus,
2110 2029 2358 2106 DeciuS,

825 2119 1239 2183 Covarruvias
1263 2164 1278 2193 ,
1314 2123 1376 2179 et
1403 2119 1507 2179 alii
1533 2120 1699 2199 apud
1730 2120 2022 2181 eumdem
2052 2122 2356 2184 Sanchez.

820 2213 1053 2276 Melina
1082 2210 1271 2272 etiam
1299 2210 1629 2289 theologus
1668 2212 1730 2273 d.
1773 2213 1934 2292 disp.
1970 2230 2084 2275 cm.
2119 2216 2176 2293 ἓ.
2210 2214 2361 2277 Ulti-

822 2323 946 2382 mo,
981 2307 1170 2383 Vasq.
1206 2322 1261 2365 c.
1296 2320 1365 2364 11.
1392 2302 1462 2363 de
1490 2313 1720 2366 testam.
1755 2324 1817 2366 n.
1849 2309 1909 2367 3.
1954 2312 2016 2367 et
2042 2310 2102 2368 6.
2139 2313 2201 2368 et
2226 2308 2353 2369 alii.

821 2398 1000 2459 Ratio
1032 2397 1281 2458 videtur
1309 2396 1500 2474 clara,
1535 2399 1686 2477 quia
1714 2398 1883 2478 quod
1917 2399 2140 2479 aliquis
2174 2405 2356 2480 pacto

821 2508 943 2551 non
989 2488 1186 2568 possit
1212 2508 1278 2549 se
1306 2489 1583 2566 obligare
1631 2491 1710 2550 ad
1758 2510 1883 2552 non
1930 2493 2358 2554 revocandum

817 2587 1258 2645 testamentum
1283 2629 1298 2660 ,
1349 2583 1544 2643 oritur
1585 2584 1843 2662 praecise
1887 2585 2127 2664 exlege
2159 2586 2349 2663 civili,

817 2693 939 2754 qua
968 2675 1090 2737 tale
1121 2679 1374 2753 pactum
1401 2674 1690 2735 redditur
1735 2676 2008 2753 irritum,
2061 2697 2185 2757 qua
2215 2679 2353 2758 lege

814 2768 1047 2844 ablata,
1094 2767 1172 2828 de
1211 2766 1354 2846 jure
1402 2772 1642 2846 natnrae
1671 2767 1735 2828 id
1766 2788 1887 2829 non
1919 2774 2082 2831 esset
2108 2771 2353 2832 irritum

816 2880 930 2923 nec
957 2860 1241 2921 illicitum
1276 2882 1289 2921 ε
1336 2860 1425 2920 sic
1456 2860 1623 2920 enim
1650 2861 1981 2941 religiosus
2023 2881 2089 2923 se
2129 2870 2351 2943 sponte

812 2953 1020 3015 reddit
1045 2953 1389 3014 inhabilem
1430 2953 1513 3013 ad
1559 2954 1984 3015 revocandum
2018 2959 2351 3016 testamen-

812 3052 945 3108 tum
972 3052 1115 3125 post
1143 3045 1593 3124 professionem
1638 3066 1651 3107 :
1703 3047 1968 3108 Donatio
1999 3048 2188 3108 etiam
2220 3068 2348 3110 om-

812 3140 982 3201 nium
1039 3139 1350 3200 bonorum
1422 3137 1825 3218 praesentium
1879 3143 1942 3202 et
1994 3139 2347 3202 futurorum

809 3234 1015 3294 aufert
1040 3235 1409 3312 potestatem
1460 3231 1763 3309 testandi,
1818 3238 1880 3294 et
1924 3237 2135 3295 tamen
2182 3235 2348 3295 faeta

808 3325 1099 3387 Ecclesiae
1152 3324 1543 3405 approbatur
1596 3324 1838 3403 legibus
1894 3325 2343 3404 imperialibus,

807 3424 1020 3498 posset
1053 3436 1202 3497 ergo
1243 3417 1468 3496 aliquis
1497 3417 1663 3478 licite
1693 3436 1758 3477 se
1794 3417 2074 3498 obligare
2109 3419 2189 3479 ad
2220 3438 2346 3480 non

806 3510 1231 3572 revocandum
1287 3514 1734 3571 testamentum
1795 3532 1808 3571 :
1870 3511 2034 3589 quod
2090 3516 2344 3590 pactum

805 3604 1083 3666 validum
1157 3606 1321 3663 esset
1394 3602 1603 3663 ablata
1673 3602 2091 3680 prohibitione
2161 3605 2340 3683 legia,

804 3716 995 3777 quam
1050 3695 1341 3776 princeps
1408 3713 1738 3774 supremus
1806 3696 2052 3756 auferre
2109 3701 2339 3776 potest.

803 3792 939 3850 Non
970 3807 1118 3867 ergo
1152 3791 1246 3848 est
1288 3787 1365 3846 de
1401 3786 1545 3867 jure
1592 3788 1876 3866 gentium
1925 3790 2093 3867 quod
2144 3791 2346 3851 omnis

803 3881 1126 3961 dispositio
1176 3879 1241 3938 in
1289 3878 1565 3939 futurum
1598 3880 1675 3940 de
1704 3880 1885 3941 bonis
1920 3882 2001 3941 sit
2028 3882 2346 3943 revocabi-

798 3972 896 4051 lis,
926 3973 1035 4034 sed
1066 3972 1233 4052 quod
1266 3975 1709 4033 testamentum
1742 3990 1817 4033 eo
1848 3973 2035 4034 modo
2061 4021 2076 4051 ,
2110 3994 2233 4053 quo
2263 3974 2341 4035 de

799 4066 961 4127 facto
990 4066 1081 4142 fit,
1105 4065 1196 4125 'sit
1222 4064 1598 4126 revocabile.
1634 4066 1812 4126 Esset
1838 4070 2049 4127 autem
2079 4068 2337 4147 quoestio

798 4159 875 4220 de
906 4158 1179 4233 nomine,
1224 4176 1304 4218 an
1355 4157 1678 4235 dispositio
1726 4157 1831 4217 illa
1859 4159 2145 4219 vocanda
2176 4163 2342 4221 esset

792 4254 1268 4325 testamentum,
1303 4250 1452 4329 quia
1479 4248 1599 4309 hoc
1627 4249 1878 4310 nomine
1906 4250 2177 4312 solemus
2201 4251 2338 4332 jam

796 4342 1210 4406 communiter
1237 4341 1584 4420 intelligere
1619 4342 2088 4421 dispositionem
2122 4345 2340 4405 ambu-

792 4435 1082 4499 latoriam
1131 4452 1328 4513 usque
1367 4433 1447 4493 ad
1477 4438 1747 4495 mortem
1788 4439 1850 4495 et
1887 4436 2330 4499 revocabilem.

791 4527 1133 4608 Loquendo
1164 4529 1375 4586 autem
1406 4524 1485 4586 de
1514 4526 1759 4605 reipsa,
1794 4545 1917 4588 non
1946 4528 2195 4589 videtur
2224 4529 2335 4589 du-

792 4622 967 4682 bium
1006 4618 1175 4699 quod
1205 4622 1417 4697 posset
1441 4617 1733 4698 princeps
1763 4620 2106 4681 concedere
2137 4621 2334 4682 facul·

790 4717 983 4775 tatem
1030 4710 1445 4791 disponendi,
1506 4711 1641 4771 sive
1682 4730 1758 4771 ex
1798 4715 1981 4790 paeto
2030 4711 2159 4774 sive
2209 4713 2330 4775 alio

791 4805 978 4866 modo
1023 4802 1539 4864 irrevocabiliter.
1583 4804 1732 4876 Quae
1761 4802 1880 4880 lex,
1912 4804 2056 4865 lieet
2094 4805 2158 4864 in
2190 4806 2331 4865 uni-

789 4913 1040 4957 versum
1086 4898 1149 4956 et
1173 4893 1550 4973 generaliter
1596 4912 1709 4972 pro
1754 4894 2042 4955 omnibus
2080 4897 2330 4959 casibus

787 4991 1048 5051 fortasse
1079 4990 1242 5047 esset
1281 4985 1515 5066 injusta
1541 4990 1797 5067 propter
1826 4987 2330 5052 inconvenientia

663 5101 668 5109 ·
789 5100 927 5162 qua}
958 5080 1122 5140 bono
1141 5078 1386 5157 publico
1417 5083 1966 5162 consequerentur,
1991 5086 2052 5141 et
2078 5082 2220 5142 ideo
2250 5084 2331 5145 sit

664 5165 676 5177 ’
787 5172 1340 5235 fundamentaliter
1394 5172 1536 5233 talis
1586 5173 2021 5233 revocabilitas
2067 5174 2144 5233 de
2184 5176 2328 5253 jure

757 5265 1088 5346 gentium,
1150 5266 1456 5342 quatenus
1512 5263 1670 5324 ratio
1726 5265 1860 5342 ipsa
1904 5266 2206 5327 naturalis
2234 5267 2324 5326 di-

785 5363 946 5434 ctat,
994 5355 1163 5435 quod
1205 5356 1344 5435 lege
1373 5356 1689 5417 communi
1737 5357 2188 5435 prohibeatur'
2173 5378 2322 5419 irre-

784 5449 1150 5513 vocabilitas
1201 5465 1216 5512 t
1267 5448 1435 5527 quod
1482 5447 1547 5507 in
1591 5467 1714 5508 uno
1755 5452 1965 5509 tamen
1996 5449 2091 5509 vel
2122 5451 2319 5512 altero

1985 272 2086 334 DE
2128 271 2483 335 JUS'rl'rlA
2527 274 2628 335 ET
2670 273 2870 336 JURE

2473 469 2620 512 casu
2642 450 3113 528 concederetur,
3146 469 3272 513 non
3302 452 3557 514 afferret
3581 450 3688 511 illa
3716 450 4011 512 inconve-

2473 543 2727 620 nientia,
2760 543 2927 604 bono
2957 544 3230 623 publico,
3264 547 3419 621 Imo‚
3452 548 3523 606 ut
3549 547 3726 606 notat
3751 543 4003 621 Molina,

2472 642 2682 715 posset
2706 637 2845 716 lege
2875 637 3190 698 communi
3221 636 3434 714 statui,
3468 637 3637 716 quod
3668 639 4010 698 testamen-

2471 732 2605 788 tum
2637 729 2871 790 factum
2891 776 2907 806 ,
2952 750 3012 791 v.
3039 750 3133 808 gr.
3168 730 3230 790 in
3261 730 3542 790 favorem
3570 729 3712 790 filiae
3742 729 3941 789 unica*
3972 748 4010 789 a

2469 825 2647 899 patre
2675 839 2798 882 non
2829 821 3099 884 habente
3129 841 3306 902 spem
3335 821 3602 884 aliorum
3623 822 3912 894 filiorum,
3948 825 4010 882 et

2472 913 2718 975 volente
2765 932 2839 974 ea
2893 933 3004 994 spe
3059 915 3390 976 conciliare
3444 915 3586 976 filice
3644 915 4008 994 opulentum

2471 1006 2961 1084 matrimonium,
2995 1007 3400 1068 irrevocabile
3421 1009 3604 1083 esset,
3625 1007 3785 1068 sicut
3809 1010 3872 1067 et
3891 1006 3928 1066 d
3936 1025 4011 1066 o·-

2472 1098 2640 1160 natio
2689 1099 2968 1160 omnium
3011 1099 3322 1161 bonorum
3365 1099 3508 1159 filiae
3554 1098 3754 1160 unicae
3796 1098 3859 1158 in
3889 1097 4009 1158 eis-

2472 1190 2616 1250 dem
2663 1190 3145 1274 circumstantiis
3173 1193 3369 1268 faeta,
3402 1191 3698 1252 detractis
3726 1208 4005 1251 necessa-

2468 1283 2576 1343 riis
2605 1285 2767 1363 patri
2814 1285 2893 1344 ad
2925 1303 3103 1345 suam
3132 1284 3672 1361 sustentationem,
3713 1288 3775 1345 et
3802 1283 3879 1344 ad
3912 1303 4004 1345 se-

2468 1374 2805 1454 pulturam,
2832 1377 3201 1437 confirmata
3229 1396 3266 1436 a
3294 1396 3442 1456 rege
3466 1377 3674 1438 valida
3702 1395 3837 1437 esse
3866 1395 4004 1456 pos-

2468 1472 2582 1528 set.
2632 1467 2839 1545 Adde,
2873 1488 3053 1547 posse
3081 1469 3427 1576 principem
3454 1469 3700 1549 privaie
3730 1470 4002 1549 aliquem

2465 1559 2530 1619 in
2559 1578 2813 1639 poenam
2841 1561 3048 1623 delicti
3081 1562 3393 1622 commissi
3443 1562 3734 1624 facultate
3777 1566 4005 1623 testan-

2469 1652 2564 1725 di,
2617 1671 2738 1732 quo
2788 1672 2934 1715 casu
2968 1655 3137 1733 cogit
3164 1655 3340 1714 illum
3388 1655 3468 1715 ad
3496 1655 3891 1716 moriendum
3922 1655 4001 1716 ab

2466 1745 2778 1822 intestatO,
2800 1751 2862 1807 et
2886 1747 3280 1852 relinquendi
3311 1766 3425 1807 sua
3450 1747 3617 1808 bona
3647 1748 4003 1809 haeredibus

2467 1837 2546 1898 ab
2584 1837 2896 1900 intestatO.
2948 1839 3125 1911 Quod
3156 1840 3209 1900 si
3235 1844 3678 1901 testamentum
3712 1840 3884 1920 prius
3911 1841 4003 1902 fe-

2465 1930 2669 2007 cisset,
2702 1935 2765 1992 et
2791 1932 3122 1992 commisso
3153 1931 3400 2011 delict0,
3426 1933 3780 2011 privaretur
3802 1933 3997 1995 facul-

2462 2025 2589 2083 tate
2615 2023 2886 2084 testandi
2916 2028 2978 2085 et
3004 2024 3342 2085 revocandi
3377 2029 3820 2086 testamentum
3843 2072 3858 2102 ‚
3891 2031 4001 2090 aut

2460 2114 2831 2194 disponendi
2877 2116 2954 2176 de
3001 2116 3181 2177 bonis
3225 2117 3392 2194 suis,
3453 2122 3785 2196 cogeretur
3838 2117 3997 2178 mori

2460 2226 2602 2268 cum
2623 2206 2727 2270 illo
2750 2208 2952 2287 primo
2985 2213 3388 2283 testamento;
3424 2228 3535 2269 cur
3564 2228 3713 2290 ergo
3736 2229 3860 2272 non
3890 2228 3999 2290 po-

2455 2300 2603 2361 terit
2649 2300 2898 2362 subdito
2943 2301 3177 2380 petenti
3224 2302 3470 2362 auferre
3512 2306 3883 2381 potestatem
3911 2309 4000 2365 te-

2458 2393 2703 2470 standi,
2754 2394 2851 2453 vel
2888 2394 3224 2455 revocandi
3267 2398 3708 2455 testamentum
3736 2395 3994 2472 factum,

2457 2504 2600 2546 eum
2629 2487 2981 2548 voluntates
3001 2487 3393 2549 subditorum
3423 2488 3546 2549 sint
3574 2488 3997 2550 subordinatae

2453 2579 2816 2657 reipublicae
2847 2580 2910 2639 in
2942 2579 3159 2640 ordine
3206 2580 3288 2641 ad
3337 2580 3450 2641 hos
3491 2581 3708 2642 actus?
3761 2584 3838 2643 Et
3865 2582 4000 2661 qui-

2454 2670 2598 2731 dem
2629 2676 2839 2750 posset
2882 2671 3001 2732 hoc
3027 2672 3364 2752 aliquando
3396 2674 3642 2735 subdito
3671 2674 3988 2754 expedire,

2454 2763 2560 2842 qui
2588 2763 2765 2825 timet
2784 2783 2849 2824 se
2879 2764 3197 2824 blanditiis
3227 2770 3289 2825 et
3316 2766 3607 2843 precibus
3637 2768 3868 2844 uxoris,
3892 2767 3991 2827 vel

2451 2855 2713 2915 aliorum
2741 2857 3140 2933 flectendum,
3181 2861 3249 2918 ut
3275 2862 3718 2921 testamentum
3757 2860 3993 2921 utiliter

2449 2952 2511 3008 et
2542 2948 2884 3027 prudenter
2912 2949 2972 3008 in
3004 2949 3242 3010 bonum
3284 2969 3411 3011 suae
3444 2952 3704 3029 animae,
3752 2958 3862 3014 aut
3892 2953 3985 3013 fa-

2446 3042 2633 3101 miliae
2661 3042 2894 3102 factum
2924 3047 3179 3104 revocet
3205 3043 3589 3122 insipienter.

2527 3135 2653 3196 Nec
2681 3134 2892 3196 obstat
2920 3140 3393 3215 argumentum,
3429 3138 3596 3219 quod
3628 3139 3859 3202 Sanch.
3895 3140 3990 3201 af-

2446 3226 2569 3287 fert
2595 3247 2669 3287 ex
2707 3228 2897 3290 Paulo
2927 3227 3007 3288 ad
3029 3229 3211 3291 Hebr.
3249 3247 3332 3307 ιΧ,
3344 3234 3437 3292 16.
3471 3232 3775 3311 probante
3795 3237 3988 3296 testa-

2445 3324 2726 3381 mentum
2780 3323 2960 3397 vetus
3014 3323 3365 3383 revocabile
3420 3323 3639 3402 fuisse,
3692 3344 3766 3388 eo
3815 3327 3985 3406 quod

2445 3431 2614 3474 mors
2643 3414 2959 3499 testatoris
2987 3433 3112 3474 non
3142 3414 3510 3492 intercessit,
3535 3436 3675 3498 qum
3693 3418 3796 3480 ube
3817 3428 3988 3481 testa-

2443 3514 2695 3565 mentum
2724 3515 2828 3583 est,
2863 3526 3016 3567 mors
3043 3526 3263 3568 neeesse
3289 3517 3372 3569 est
3400 3508 3719 3572 intercedat
3746 3521 3988 3573 testato-

2443 3599 2579 3659 rems.
2608 3607 3006 3660 testamentum
3033 3601 3181 3661 enim
3213 3600 3274 3661 in
3300 3603 3546 3664 mortuis
3574 3603 3982 3685 confirmatum

2443 3701 2527 3752 est
2560 3711 2584 3753 .·
2613 3692 2874 3773 alioqum
2899 3692 3151 3754 nondum
3179 3694 3370 3774 valet,
3422 3696 3559 3758 dum
3588 3698 3732 3759 vi’vzt
3772 3719 3872 3780 qm
3902 3708 3982 3760 te·

2442 3795 2628 3846 status
2657 3796 2762 3847 est.
2797 3787 2977 3850 Unde
3008 3787 3126 3850 hoc
3168 3787 3245 3849 de
3279 3788 3422 3869 jure
3451 3791 3671 3853 saltem
3698 3793 3981 3872 gentium

2445 3897 2580 3938 esse
2609 3878 2934 3940 fatendum
2957 3884 3068 3942 est.
3106 3883 3260 3959 Hoc,
3294 3883 3577 3962 inquam,
3613 3902 3835 3962 parum
3866 3885 3981 3946 ob-

2443 3975 2567 4031 stat
2617 3991 2629 4032 ε
2684 3972 2830 4050 quia
2887 3973 2949 4032 in
3005 3973 3221 4051 primis
3268 3994 3390 4035 non
3435 3975 3576 4037 ideo
3623 3978 3848 4055 probat
3891 3978 3979 4039 ibi

2443 4063 2671 4124 Paulus
2701 4068 3142 4126 testamentum
3171 4072 3348 4127 vetus
3378 4068 3567 4130 fuisse
3594 4071 3972 4150 revocabile,

2443 4156 2584 4236 quia
2615 4175 2785 4217 mors
2815 4159 3125 4219 testatoris
3153 4159 3387 4237 defuit,
3441 4162 3553 4221 sed
3594 4164 3801 4242 potius
3831 4184 3978 4243 pro-

2438 4249 2567 4325 bat,
2603 4249 2915 4311 Christum
2961 4250 3252 4311 debuisse
3295 4253 3493 4330 mori,
3546 4259 3615 4316 ut
3642 4259 3977 4319 testamen-

2439 4347 2571 4401 tum
2601 4359 2832 4403 novum
2864 4344 3031 4422 quod
3061 4344 3451 4422 condiderat,
3485 4353 3686 4411 morte
3716 4352 3977 4413 testato-

2438 4434 2522 4495 ris
2569 4436 3066 4513 confirmaretur‚
3120 4456 3262 4497 cum
3311 4442 3371 4498 et
3417 4445 3595 4502 vetus
3639 4446 3975 4505 testamen-

2439 4531 2602 4603 tum,
2638 4528 2805 4607 quod
2834 4529 3035 4608 figura
3066 4530 3208 4590 novi
3241 4535 3414 4607 erat,
3466 4552 3589 4593 non
3621 4535 3808 4598 fuerit
3835 4539 3972 4599 sine

2434 4621 2736 4697 sanguine
2767 4621 3130 4682 animalium
3176 4622 3569 4702 dedicatum,
3618 4628 3720 4706 qui
3763 4632 3984 4708 praeli-·

2431 4713 2701 4791 gurabat
2744 4714 2966 4775 Christi
3022 4716 3426 4795 sanguinem,
3489 4722 3556 4779 ut
3597 4725 3841 4783 constat
3894 4743 3971 4784 ex

2430 4809 2623 4881 textu,
2677 4810 2740 4867 et
2791 4798 3166 4886 interpretes
3219 4810 3381 4870 sacri
3428 4810 3784 4875 observant.
3837 4818 3970 4878 Hoc

2430 4902 2638 4958 autem
2670 4918 2793 4959 non
2840 4900 3149 4978 significat
3178 4901 3804 4985 irrevocabilitatem,
3857 4909 3969 4970 sed

2429 4990 2880 5053 invaliditatem
2912 4997 3054 5053 ante
3103 4999 3367 5055 mortem
3421 4999 3735 5059 testatoris
3769 5021 3783 5060 τ
3819 5003 3968 5080 quia

2428 5083 2556 5144 sive
2584 5084 2975 5160 revocabile,
3028 5085 3156 5145 sive
3209 5086 3615 5150 irrevocabile
3661 5092 3761 5168 sit,
3818 5097 3968 5154 effe-

2427 5181 2596 5236 ctum
2627 5181 2689 5237 et
2715 5177 2993 5237 valorem
3022 5177 3261 5238 nullum
3285 5179 3473 5241 habet
3491 5187 3961 5264 testamentum,

2427 5273 2571 5329 ante
2616 5273 2881 5329 mortem
2927 5271 3263 5347 testatoris,
3310 5272 3586 5353 alioquin
3635 5295 3760 5338 non
3801 5286 3964 5343 esset

2424 5365 2887 5437 testamentum,
2922 5361 3028 5423 sed
3060 5318 3312 5425 donatio
3342 5364 3506 5427 inter
3525 5367 3719 5431 vivos,
3756 5371 3958 5451 Adde,

2423 5452 2570 5512 licet
2614 5452 2693 5512 de
2747 5454 3217 5517 ievocabilitate
3275 5456 3674 5538 loqueretur,
3733 5466 3965 5530 sufficit
