4263 6376
526 4006 602 4066 93

429 4129 599 4181 Quando
627 4143 726 4173 oen·

458 4189 595 4226 minu·
612 4184 700 4226 fieri

568 4238 628 4279 sol

498 4250 546 4279 ex
631 4250 653 4278 a

475 4291 686 4335 fidelitate.

757 302 831 361 12
1813 356 1818 359 ⁷
1960 301 2063 362 DE
2104 301 2460 364 JUS'I'ITIA
2502 303 2605 363 m·
2639 303 2840 365 JURE

753 477 886 538 tere
906 494 981 536 ex
1009 475 1306 538 fidelitate
1341 495 1355 537 ε
1384 480 1592 556 potest
1619 477 1786 537 enim
1814 477 2036 557 aliquis
2056 477 2290 539 habere

753 568 1141 649 propositum
1175 570 1426 630 firmum
1454 570 1646 630 dandi
1676 570 1790 632 tibi
1817 570 2097 647 domum,
2123 574 2187 633 et
2213 571 2289 632 si·

755 661 1055 740 gnificare
1076 661 1265 723 etiam
1293 661 1403 723 tibi
1439 662 1824 742 propositum
1853 663 2028 739 illud,
2071 663 2196 723 imo
2231 667 2293 723 et

755 754 1071 814 affirmare
1101 773 1167 814 se
1196 755 1487 815 daturum
1508 801 1524 832 ,
1573 757 1807 835 absque
1838 774 1911 816 eo
1943 756 2111 836 quod
2142 755 2293 815 velit

756 847 1119 923 promittere
1149 846 1334 907 etiam
1358 865 1431 907 ex
1461 847 1761 909 fidelitate
1797 868 1810 908 ε
1845 847 2012 908 aliud
2060 849 2290 927 quippe

757 940 852 999 est
878 937 1224 1015 enuntiare,
1257 938 1424 999 aliud
1458 941 1820 1017 promittere
1841 987 1856 1016 ‚
1891 945 1959 1001 ut
1985 941 2073 1000 ibi
2103 940 2291 1001 latius

757 1028 1162 1109 explicuimus
1187 1051 1200 1091 ε
1227 1049 1430 1111 neque
1452 1031 1618 1091 enim
1647 1032 1710 1094 S.
1741 1034 1955 1093 Petrus
1982 1031 2287 1112 promisit,

756 1126 866 1183 aut
890 1127 1106 1185 votum
1134 1122 1283 1185 fecit
1312 1124 1564 1203 quando
1594 1125 1749 1185 dixit
1768 1125 2009 1186 Christo
2031 1145 2043 1185 :
2069 1123 2300 1186 e!z‘omsz‘

756 1232 946 1275 omnes
974 1223 1028 1276 te
1054 1216 1411 1296 neqavert'nt,
1444 1236 1557 1276 non
1586 1225 1641 1278 te
1666 1216 1925 1299 neqabo;
1951 1217 2063 1278 sed
2089 1217 2293 1279 solum

757 1306 1092 1368 affirmavit
1145 1309 1534 1387 propositum
1586 1327 1893 1389 praesens,
1947 1314 2007 1371 et
2058 1310 2292 1370 factum

757 1400 925 1479 quod
955 1400 1217 1478 putabat
1248 1401 1524 1462 futurum
1555 1402 1792 1482 absque
1821 1402 1947 1461 ulla
1975 1420 2125 1463 vera
2153 1420 2292 1481 pro-

756 1490 1072 1552 missione.
1133 1493 1502 1554 Promittere
1548 1512 1696 1573 ergo
1745 1514 1821 1554 ex
1857 1494 2155 1555 fidelitate
2202 1498 2296 1554 est

759 1583 907 1643 dare
936 1584 1125 1644 fidem
1156 1585 1335 1646 alteri
1365 1586 1442 1646 de
1480 1605 1547 1645 re
1575 1586 1905 1663 facienda,
1941 1606 2050 1647 seu
2078 1591 2292 1665 petere

758 1676 838 1737 ab
867 1676 1001 1755 ipso
1034 1695 1210 1756 spem
1240 1681 1302 1739 et
1328 1678 1624 1738 fiduciam
1646 1727 1661 1755 ,
1709 1679 1869 1741 sicut
1914 1679 2018 1760 qui
2057 1678 2292 1758 aliquid

757 1768 1048 1845 affirmat,
1081 1770 1237 1849 petit
1265 1770 1343 1830 ab
1365 1770 1656 1832 audiente
1685 1772 1897 1848 fidem,
1932 1772 2051 1833 hoc
2079 1776 2172 1832 est
2200 1789 2292 1831 as·

759 1879 1015 1921 sensum
1037 1866 1098 1924 et
1126 1862 1594 1937 credulitatem;
1630 1866 1945 1945 quarequi
1963 1864 2288 1944 promittit,

761 1971 834 2013 eo
864 1954 999 2032 ipso
1048 1972 1113 2015 se
1144 1954 1382 2034 obligat
1424 1956 1501 2016 ad
1534 1975 1673 2017 eam
1710 1958 2162 2036 turpitudinem
2192 1975 2295 2017 su—

760 2045 1076 2106 beundam
1096 2092 1112 2123 ,
1164 2047 1216 2108 si
1261 2048 1568 2125 promissa
1605 2068 1730 2110 non
1759 2050 2053 2130 impleat,
2104 2067 2295 2129 quam

760 2138 995 2218 patitur
1041 2139 1309 2199 infidelis
1358 2160 1372 2200 2
1422 2144 1604 2219 turpe
1654 2143 1820 2202 enim
1850 2147 1944 2204 est
1989 2147 2052 2204 et
2077 2146 2296 2203 contra

763 2229 1107 2291 humanum
1138 2231 1527 2310 convictum,
1580 2234 1749 2313 quod
1797 2235 2021 2315 aliquis
2067 2235 2297 2314 dignus

764 2341 888 2384 non
917 2323 996 2383 sit
1015 2323 1409 2403 cujusverbis
1429 2329 1492 2386 et
1518 2326 1912 2404 promissioni
1942 2328 2046 2388 alii
2072 2329 2293 2403 fidant,

764 2418 829 2476 et
868 2415 986 2476 hoc
1028 2421 1122 2477 est
1165 2417 1411 2497 proprie
1454 2418 1732 2497 obligare
1760 2438 1827 2479 se
1868 2439 1941 2480 ex
1970 2420 2291 2495 fidelitate,

765 2508 932 2587 quod
961 2509 1151 2588 aliqui
1183 2510 1500 2589 appellant
1527 2510 1788 2590 obligari
1820 2531 1893 2572 ex
1923 2513 2053 2574 solo
2085 2512 2295 2572 debito

764 2600 1105 2662 honestatis
1146 2602 1420 2663 moralis.
1482 2605 1613 2664 Hoc
1660 2609 1870 2665 autem
1920 2609 2120 2666 totum
2171 2621 2297 2663 non

765 2694 1043 2755 continet
1082 2694 1529 2774 obligationem
1557 2696 1656 2756 vel
1693 2698 1995 2758 malitiam
2039 2717 2298 2777 gravem

765 2805 841 2847 ex
868 2805 1098 2865 genere
1127 2806 1262 2864 suc,
1294 2788 1345 2848 si
1373 2787 1542 2849 aliud
1572 2788 2015 2850 detrimentum
2046 2810 2169 2853 non
2201 2813 2299 2855 se-

766 2882 1028 2957 quatum
1079 2879 1226 2958 quia
1263 2878 1422 2941 sicut
1448 2880 1732 2959 deceptio
1760 2882 1824 2941 in
1875 2901 1942 2942 re
1987 2884 2300 2947 affirmata

766 2971 1004 3050 absque
1050 2972 1171 3033 alio
1221 2971 1591 3034 detrimento
1643 2991 1766 3034 non
1798 2976 2074 3039 continet
2117 2979 2296 3038 mali-

766 3063 918 3124 tiam
946 3081 1204 3141 gravem
1226 3110 1241 3141 ,
1275 3064 1420 3126 licet
1445 3065 1764 3128 affirmans
1793 3068 2017 3130 reddat
2042 3087 2107 3130 se
2137 3070 2299 3131 indi-

766 3174 963 3235 gnum
990 3155 1144 3230 fide;
1193 3157 1281 3218 ita
1309 3156 1592 3238 deceptio
1621 3159 1680 3219 in
1712 3161 2034 3239 promissis
2062 3163 2299 3245 absque

769 3249 890 3309 alio
919 3248 1294 3311 detrimento
1324 3268 1448 3310 non
1477 3251 1725 3313 videtur
1752 3254 2071 3316 continere
2116 3257 2296 3317 mali-

767 3340 918 3402 tiam
940 3360 1230 3420 gravem;
1262 3344 1501 3405 nullum
1530 3344 1696 3405 enim
1728 3345 2173 3409 detrimentum
2201 3350 2298 3409 in-

768 3434 965 3495 fertur
992 3434 1309 3515 proximo,
1344 3456 1460 3499 nec
1496 3438 1690 3499 ullum
1722 3438 1854 3515 eius
1882 3440 2151 3501 violatur
2170 3442 2296 3522 jus,

769 3526 878 3587 sed
907 3528 1108 3590 solum
1136 3530 1503 3607 promittens
1533 3531 1740 3591 reddit
1765 3550 1832 3592 se
1861 3532 2189 3612 indignum
2203 3535 2300 3595 cui

770 3619 1055 3681 homines
1083 3622 1323 3701 possint
1350 3622 1545 3684 fidere
1598 3643 1610 3683 :
1672 3643 1821 3703 ergo
1866 3626 2196 3703 promissio
2226 3647 2303 3687 ex

769 3713 902 3774 sola
946 3714 1246 3775 fidelitate
1294 3734 1419 3776 non
1463 3715 1700 3794 obligat
1724 3736 1839 3796 per
1865 3736 1930 3778 se
1959 3718 2297 3798 loquend0,

771 3806 885 3867 sub
914 3811 1169 3884 peccato
1198 3808 1480 3885 mortali,
1514 3809 1630 3868 nisi
1661 3809 1827 3870 aliud
1858 3810 2301 3873 detrimentum

771 3899 1172 3980 promissario
1203 3899 1503 3961 inferatur
1531 3920 1606 3960 ex
1632 3902 1758 3962 fide
1787 3921 1908 3962 non
1939 3908 2207 3966 servata.

856 3992 1116 4063 Quando
1161 4011 1310 4064 vero
1356 3995 1725 4071 promittens
1767 4000 2099 4056 censeatur
2143 3999 2302 4058 velle

776 4102 843 4144 se
866 4083 1144 4162 obligare
1161 4102 1235 4144 ex
1251 4085 1514 4164 justitia,
1534 4087 1633 4147 vel
1651 4087 1852 4148 solum
1874 4107 1951 4149 ex
1977 4089 2298 4167 fidelitate,

776 4175 1046 4237 diximus
1112 4195 1301 4257 supra
1371 4177 1531 4256 disp.
1591 4181 1969 4258 praecedenti
2024 4187 2177 4245 sect.
2238 4199 2299 4244 v.

775 4273 1034 4347 agentes
1064 4269 1142 4329 de
1171 4275 1354 4347 pacto
1385 4270 1575 4347 nudo,
1628 4291 1702 4332 ex
1731 4291 1852 4352 quo
1882 4275 2072 4335 etiam
2100 4279 2307 4355 potest

775 4361 923 4423 oriri
954 4361 1250 4441 obligatio
1282 4382 1354 4422 ex
1378 4363 1639 4442 justitia.
1674 4366 1753 4427 Et
1774 4365 2028 4444 quidem
2059 4367 2121 4427 in
2151 4387 2298 4446 pro-

772 4453 1067 4516 missione
1098 4474 1219 4516 non
1269 4456 1542 4534 gratuita
1569 4457 1679 4517 sed
1726 4477 2012 4536 onerosa,
2063 4460 2305 4522 facilius

772 4548 1175 4627 praesumitur
1201 4549 1448 4610 animus
1477 4550 1796 4629 obligandi
1844 4571 1909 4612 se
1940 4571 2014 4612 ex
2037 4552 2301 4633 justitia,

774 4657 918 4700 cum
945 4657 1020 4699 ex
1040 4638 1283 4719 justitia
1326 4646 1615 4704 teneatur
1656 4644 2025 4723 promittens
2068 4646 2304 4707 habere

773 4732 965 4794 talem
1007 4732 1321 4809 animum,
1380 4754 1459 4794 ne
1514 4734 1787 4816 decipiat
1830 4739 2305 4816 promissarium

775 4823 1113 4904 obligando
1161 4825 1334 4885 illum
1380 4828 1513 4887 sine
1543 4828 1752 4890 animo
1793 4848 1860 4889 se
1888 4835 2105 4891 mutuo
2157 4831 2306 4892 obli-

775 4917 988 4997 gandi.
1049 4920 1117 4979 ln
1163 4919 1576 4997 promissione
1622 4927 1834 4983 autem
1878 4923 2153 5001 gratuita
2179 4924 2307 5003 ple-

776 5028 1044 5090 rumque
1075 5010 1252 5072 deest
1280 5011 1522 5073 animus
1567 5014 1881 5092 obligandi
1915 5034 1979 5074 se
2019 5034 2094 5075 ex
2116 5015 2307 5095 justi-

775 5103 863 5164 tia
895 5120 911 5168 :
945 5104 994 5164 si
1024 5108 1233 5164 tamen
1264 5105 1630 5184 promittens
1652 5106 1836 5183 dicat,
1870 5108 2007 5168 volo
2031 5127 2130 5169 me
2161 5126 2307 5187 gra·

776 5195 937 5258 viter
965 5197 1266 5276 obligare,
1310 5197 1443 5278 jam
1473 5216 1545 5259 eo
1578 5198 1710 5278 ipso
1739 5200 1873 5261 vult
1917 5200 2215 5280 implicite
2246 5219 2311 5262 se

779 5307 854 5348 ex
875 5287 1117 5367 justitia
1147 5289 1446 5370 obligare,
1499 5309 1640 5351 cum
1669 5309 1793 5354 non
1842 5293 2039 5370 possit
2078 5312 2151 5353 ex
2182 5294 2315 5354 sola

778 5379 1077 5442 fidelitate
1105 5400 1173 5442 se
1201 5383 1288 5443 ita
1314 5383 1590 5461 graviter
1618 5384 1918 5463 obligare.
1972 5385 2150 5447 Unde
2178 5388 2311 5448 Mo·

779 5471 909 5534 lina
939 5473 1105 5537 dicta
1133 5474 1294 5555 disp.
1324 5479 1462 5538 262.
1498 5496 1559 5538 n.
1594 5480 1654 5540 8.
1688 5477 1861 5556 dicit,
1911 5479 1974 5538 in
2005 5478 2312 5560 ejusmodi

2389 477 2678 557 gratuitis
2724 477 3238 557 promissionibus
3284 476 3572 539 homines
3619 479 3690 538 ut
3730 476 3931 555 pluri-

2388 589 2584 647 mum,
2610 628 2615 632 .
2637 570 2753 633 nisi
2784 571 2949 632 aliud
2983 570 3356 650 exprimant,
3406 569 3566 630 velle
3614 570 3817 631 solum
3846 587 3929 629 ex

2388 663 2687 726 fidelitate
2728 664 3013 744 obligari,
3066 667 3128 725 et
3166 665 3335 724 Less.
3388 663 3555 725 dicta
3596 660 3744 721 dub.
3779 677 3924 722 vm.

2390 775 2498 817 nu.
2531 760 2630 817 58.
2663 757 2894 819 fatetur
2919 757 3259 817 multorum
3302 755 3764 834 promissiones,
3816 753 3929 833 qui

2390 848 2610 909 leviter
2637 849 2839 910 solent
2885 849 3083 909 multa
3130 848 3518 928 promittere,
3571 848 3688 907 hoc
3732 846 3927 907 modo

2392 959 2526 1000 esse
2555 940 3013 1020 intelligendaS,
3065 944 3128 1002 et
3166 940 3397 1016 Sanch,
3447 940 3614 1001 dicta
3660 938 3821 1018 disp.
3856 956 3926 1000 v.

2390 1052 2451 1093 n.
2486 1037 2584 1094 21.
2620 1033 2790 1110 dicit,
2824 1034 3126 1112 plurimas
3167 1033 3612 1112 promissiones
3641 1030 3931 1092 excusari

2389 1143 2572 1205 posse
2600 1145 2638 1187 a
2666 1126 2933 1203 mortali,
2969 1127 3118 1205 quia
3145 1145 3268 1187 non
3291 1124 3933 1189 intendunthomines

2390 1236 2456 1277 se
2487 1218 2763 1297 obligare
2783 1218 3062 1297 praecise,
3097 1218 3206 1278 sed
3230 1237 3305 1278 ex
3325 1218 3598 1297 quadam
3617 1215 3934 1277 benevola

2393 1309 2743 1388 honestate,
2793 1311 2960 1371 unde
2990 1311 3052 1370 in
3081 1310 3484 1390 proverbium
3514 1309 3685 1386 abiit,
3731 1308 3931 1369 verba

2390 1403 2764 1465 urbanitatis
2818 1403 3076 1464 minime
3123 1403 3438 1481 obligare,
3499 1401 3731 1462 indicia
3775 1419 3931 1461 vero

2392 1513 2533 1574 quae
2588 1500 2860 1572 arguunt
2912 1495 3226 1557 detectum
3279 1494 3472 1555 animi
3526 1512 3593 1554 se
3646 1493 3934 1571 graviter

2393 1587 2716 1666 obligandi
2760 1605 2916 1665 esse,
2977 1587 3028 1647 si
3075 1587 3442 1664 promittens
3485 1586 3822 1666 requisitus
3859 1591 3936 1647 ut

2392 1678 2868 1758 promissionem
2902 1681 3259 1758 juramento
3300 1679 3602 1754 firmaret,
3652 1678 3718 1738 id
3746 1696 3934 1738 recu-

2391 1776 2559 1833 saret
2585 1790 2661 1832 ne
2691 1776 2978 1832 teneatur
3005 1772 3118 1832 sub
3147 1772 3427 1844 mortali;
3459 1772 3561 1830 vel
3589 1771 3641 1831 si
3666 1775 3930 1850 rogatus

2391 1882 2472 1924 an
2502 1864 2690 1926 vellet
2715 1883 2781 1925 se
2812 1864 3091 1942 obligare
3144 1864 3260 1924 sub
3307 1864 3558 1925 mortali
3586 1863 3929 1942 responde-

2391 1959 2509 2032 ret,
2559 1975 2626 2017 se
2654 1956 2716 2016 id
2746 1956 2931 2017 nolle.
2990 1955 3149 2027 Quid
3186 1974 3335 2016 vero
3379 1955 3717 2016 dicendum
3756 1956 3839 2017 sit
3866 1954 3931 2015 in

2393 2048 2582 2110 dubio
2613 2049 2690 2109 de
2719 2048 2825 2110 tali
2854 2048 3219 2126 intentione,
3272 2048 3541 2109 diximus
3572 2047 3741 2108 dicta
3770 2051 3923 2109 sect.

2394 2159 2454 2203 v.
2490 2142 2682 2202 Addit
2707 2141 2939 2203 Molina
2969 2160 3074 2201 nu.
3112 2145 3205 2202 12.
3239 2140 3303 2200 in
3344 2141 3488 2217 fine,
3522 2141 3584 2201 in
3613 2140 3750 2201 foro
3782 2158 3929 2201 con-

2393 2234 2666 2295 scientiae
2697 2234 2989 2295 standum
3036 2252 3170 2294 esse
3199 2233 3531 2295 intentioni
3557 2232 3931 2311 promitten-

2393 2326 2500 2388 tis:
2546 2326 2610 2386 in
2638 2327 2773 2387 foro
2803 2329 3016 2386 autem
3045 2328 3300 2386 externo
3330 2324 3710 2405 conjecturis
3748 2330 3932 2386 uten-

2396 2420 2546 2479 dum
2576 2437 2710 2479 esse
2734 2417 2987 2481 attentis
3018 2417 3521 2493 circumstantiis,
3566 2421 3631 2478 et
3670 2417 3931 2496 quidem

2388 2511 2799 2592 judicandam
2851 2530 2985 2571 esse
3040 2511 3484 2590 obligationem
3541 2530 3615 2571 ex
3657 2509 3927 2589 justitia,

2396 2604 2646 2685 quando
2702 2604 3069 2683 promittens
3124 2604 3372 2683 publica
3428 2603 3762 2682 scriptura,
3822 2608 3934 2664 aut

2397 2697 2813 2777 chirographo
2862 2715 2898 2756 a
2927 2715 2991 2757 se
3021 2696 3370 2776 subscripto
3402 2695 3577 2772 dixit,
3627 2696 3929 2775 promitto

2397 2808 2497 2850 me
2527 2790 2821 2851 daturum
2849 2789 2988 2866 hoc,
3043 2789 3142 2849 vel
3170 2789 3447 2867 astringo
3476 2807 3578 2849 me
3608 2788 3689 2848 ad
3719 2788 3783 2848 id
3811 2789 3933 2850 sol-

2396 2882 2701 2954 vendum3
2757 2900 2896 2961 quae
2924 2880 3119 2941 verba
3147 2898 3264 2960 ego
3301 2880 3580 2959 intelligo
3612 2880 3691 2941 de
3721 2880 3931 2943 chiro-

2397 2974 2662 3055 graphO,
2718 2975 2819 3034 vel
2860 2974 3171 3054 scriptura
3214 2973 3486 3052 publica,
3551 2977 3742 3052 prout
3786 2992 3933 3035 con·

2399 3067 2802 3146 distinguitur
2829 3067 2906 3127 ab
2937 3065 3198 3145 epistola
3226 3066 3515 3127 familiari
3567 3067 3631 3127 et
3655 3066 3927 3144 privata,

2398 3161 2461 3222 in
2493 3178 2617 3241 qua
2644 3160 2931 3236 verbum,
2970 3158 3279 3241 promitto,
3333 3178 3456 3220 non
3503 3158 3697 3221 habet
3723 3157 3931 3239 majo·

2398 3274 2532 3316 rem
2559 3254 2688 3314 vim
2716 3271 2904 3333 quam
2933 3253 2997 3312 in
3025 3251 3146 3313 alio
3175 3252 3452 3332 quolibet
3478 3251 3769 3312 familiari
3799 3270 3936 3312 ser-

2397 3364 2606 3423 mone,
2658 3364 2799 3406 cum
2829 3345 3089 3423 epistola
3115 3362 3239 3404 non
3289 3344 3662 3405 adhibeatur
3687 3345 3765 3404 ad
3798 3362 3935 3404 ma-

2393 3439 2599 3521 jorem
2627 3438 2837 3512 fidem,
2873 3437 2984 3498 sed
3004 3437 3084 3498 ad
3102 3436 3488 3516 loquendum
3510 3454 3654 3497 cum
3674 3437 3934 3498 absente

2401 3532 2499 3593 cui
2527 3550 2681 3593 voce
2709 3530 2880 3610 loqui
2911 3547 3036 3589 non
3065 3547 3442 3609 possumus..

2480 3627 2571 3686 Ex
2600 3624 2780 3685 dictis
2810 3623 3011 3684 obiter
3037 3623 3257 3700 infero,
3293 3622 3441 3702 quid
3484 3621 3823 3683 dicendum
3852 3620 3935 3681 sit

2401 3719 2463 3779 in
2494 3736 2664 3793 casu,
2698 3715 2775 3776 de
2807 3734 2928 3794 quo
2958 3716 3151 3795 aliqui
3171 3715 3447 3793 theologi
3467 3714 3730 3776 consulti
3761 3719 3927 3775 sunt.
3979 3758 4089 3811 Qu

2400 3812 2675 3874 Joannes
2704 3808 3070 3870 attendebat
3110 3808 3190 3868 ad
3231 3826 3421 3886 opera
3450 3808 3698 3885 pietatis
3729 3811 3791 3868 et
3818 3807 3935 3866 mi·-
3980 3792 4126 3874 etis-²13

2402 3902 2780 3978 sericordiae,
2813 3902 2912 3961 cui
2941 3903 3161 3962 Petrus
3191 3899 3366 3976 dixit,
3399 3899 3775 3961 commenda
3804 3901 3933 3959 Deo
3980 3878 4126 3973 m
4206 3929 4230 3958 ι

2401 3995 2753 4074 specialiter
2795 3992 2985 4052 talem
3032 4010 3288 4053 causam
3333 4011 3563 4068 meam,
3623 3992 3684 4051 in
3733 4009 3858 4072 qua
3885 3992 3938 4052 si

2403 4090 2532 4149 voti
2559 4087 2817 4163 co'mpos
2844 4087 3014 4161 tiam,
3067 4084 3230 4144 dabo
3264 4084 3373 4144 tibi
3403 4089 3654 4145 centum
3684 4101 3934 4160 aureos,

2404 4199 2560 4261 quos
2588 4180 2651 4240 in
2682 4178 2975 4257 operibus
3019 4177 3265 4256 pietatis
3313 4177 3663 4256 expendere
3714 4177 3934 4255 possiS.

2404 4277 2627 4335 Postea
2654 4271 2746 4333 sui
2775 4270 3066 4331 desiderii
3095 4288 3352 4348 compos
3380 4270 3581 4330 factus
3608 4269 3808 4348 petiit,
3860 4288 3938 4329 an

2405 4368 2613 4445 posset
2640 4364 2777 4426 illos
2805 4369 3058 4425 centum
3100 4380 3322 4423 aureos
3348 4362 3577 4424 Joanni
3605 4380 3731 4422 non
3762 4362 3934 4438 dare,

2404 4458 2512 4520 sed
2542 4458 2675 4537 ipse
2705 4456 2958 4535 propria
2984 4474 3174 4516 manu
3218 4456 3282 4515 in
3326 4472 3517 4533 opera
3560 4454 3812 4534 pietatis
3841 4473 3940 4515 ex-

2404 4551 2722 4631 pendere?
2776 4553 2960 4629 Resp.
3010 4551 3078 4609 P.
3111 4551 3389 4620 ,Ioannes
3435 4547 3513 4607 de
3553 4547 3729 4609 Salas
3777 4547 3941 4607 affir-

2404 4644 2658 4720 mative,
2706 4642 3055 4721 praesertim
3082 4641 3130 4701 si
3164 4641 3371 4721 quoad
3405 4640 3937 4701 circumstantiam

2403 4738 2576 4798 illam
2604 4740 2821 4796 votum
2849 4735 2913 4794 in
2965 4734 3201 4813 aliquid
3231 4751 3432 4813 aeque,
3468 4732 3565 4792 vel
3595 4732 3797 4810 magis
3826 4732 3935 4795 bo·

2406 4849 2558 4891 num
2609 4831 3124 4889 commutaretur.
3184 4828 3316 4906 Ego
3371 4829 3584 4887 tamen
3645 4843 3720 4885 ex
3761 4824 3944 4887 dictis

2407 4922 2697 5002 negative
2728 4920 3237 5000 respondendum
3266 4923 3439 4999 puto,
3488 4918 3713 4980 saltem
3745 4918 3799 4978 si
3828 4919 3948 4979 Pe-

2405 5021 2540 5078 trus
2567 5014 2873 5094 promisit,
2930 5012 3518 5093 quomodocumque
3565 5011 3826 5072 effectus
3853 5030 3946 5071 se-

2410 5112 2740 5189 queretur,
2800 5107 2989 5167 etiam
3035 5106 3167 5167 sine
3218 5103 3605 5165 orationibus
3644 5104 3941 5175 Joannis;

2410 5202 2559 5282 quia
2583 5201 2730 5261 licet
2758 5200 3008 5279 quando
3036 5202 3275 5274 votum,
3308 5197 3408 5257 vel
3437 5195 3766 5275 promissio
3797 5195 3949 5255 diri-

2412 5293 2582 5373 gitur
2625 5292 2706 5355 ad
2764 5292 2965 5353 solum
3019 5294 3240 5368 Deum,
3302 5289 3499 5369 possit
3548 5287 3943 5364 commutari,

2415 5387 2603 5448 etiam
2632 5385 2825 5446 invito
2857 5402 2930 5446 eo
2961 5385 3024 5445 in
3054 5383 3233 5464 cujus
3275 5383 3465 5443 etiam
3489 5381 3822 5443 utilitatem
3849 5397 3950 5441 re-

2413 5478 2760 5556 dundabat,
2817 5481 2887 5538 ut
2930 5493 3075 5537 cum
3106 5475 3283 5553 diois,
3343 5474 3640 5556 promitto
3668 5475 3798 5535 Deo
3845 5490 3947 5534 me
