4263 6376
111 3280 165 3430 ²22?

1129 368 1601 435 DISPUTATIO
1644 370 1892 450 xxvll,
1940 371 2215 434 SECTIO
2257 372 2364 435 lv.

216 554 269 613 et
292 566 496 611 census
521 548 601 611 sit
648 563 815 608 mere
858 546 1205 626 personalis
1223 592 1239 625 ,
1302 552 1491 628 atque
1545 548 1703 609 adeo

216 643 440 724 palliata
468 642 689 721 emptio
727 640 1099 719 pensionum
1143 641 1345 703 solum
1380 641 1707 704 solvenda·

213 755 334 798 rum
358 753 464 813 pro
489 734 684 812 pretio
713 733 1028 811 praesenti.
1089 734 1272 797 Addo
1299 738 1511 797 tamen
1530 780 1546 811 ,
1581 752 1705 797 non

213 831 287 891 ita
311 827 561 905 requiri,
618 827 930 905 loquendo
974 827 1052 888 de
1082 827 1212 888 solo
1249 829 1393 907 jure
1440 831 1700 904 naturai,

213 920 655 1002 perpetuitatem
682 919 768 979 rei
799 919 1137 980 immobilis
1157 966 1172 996 ‚
1225 923 1294 981 ut
1340 939 1465 982 non
1496 923 1707 1000 posset

214 1032 407 1075 census
422 1012 648 1091 absque
679 1012 810 1091 ipsa
822 1012 1175 1091 justificari.
1217 1013 1524 1075 Potuisset
1538 1013 1705 1075 enirn

212 1106 406 1186 aliquis
446 1104 605 1165 bona
649 1105 771 1166 fide
814 1123 1023 1166 emere
1070 1107 1525 1168 usumfructum
1560 1124 1706 1168 cen-

212 1218 318 1274 sus»,
347 1216 400 1258 v.
431 1214 489 1274 g.
522 1196 887 1259 redimibilis
917 1215 1104 1275 quem
1133 1197 1415 1276 possides
1442 1244 1457 1274 ‚
1507 1200 1571 1259 et
1596 1216 1701 1258 su-

209 1292 323 1353 bire
349 1289 457 1350 hoc
482 1288 822 1367 periculum
851 1334 866 1365 ,
916 1293 987 1350 ut
1013 1290 1061 1351 si
1093 1308 1317 1351 census
1343 1290 1513 1369 prior
1538 1290 1706 1351 redi-

210 1388 452 1443 meretur
476 1381 570 1441 vel
628 1381 1099 1460 extingueretur
1121 1427 1137 1459 ,
1195 1383 1429 1461 periret
1481 1400 1704 1443 census

209 1476 479 1556 posterior
497 1494 683 1554 super
710 1475 844 1554 ipso
874 1476 1267 1538 constitutus
1302 1476 1564 1538 Ratione
1591 1493 1705 1536 au·

208 1576 315 1631 tem
342 1568 512 1647 hujus
558 1567 821 1646 periculi
868 1572 1082 1647 posset
1123 1569 1386 1630 diminui
1431 1569 1704 1649 pretium

207 1662 528 1741 posterioris
556 1680 783 1722 census
801 1707 817 1737 ‚
868 1666 930 1724 et
957 1661 1175 1723 reduci
1205 1662 1285 1722 ad
1316 1665 1703 1723 contractum

199 1759 405 1835 justum
431 1756 689 1816 fortunae
714 1800 731 1832 ,
765 1773 888 1834 quo
913 1801 929 1832 ,
981 1758 1216 1817 attento
1246 1755 1521 1835 periculo
1550 1755 1704 1816 defi-

207 1849 381 1911 ciendi
401 1895 415 1924 ‚
448 1851 506 1909 et
532 1867 644 1927 spe
675 1847 983 1926 durandi,
1035 1848 1235 1927 pretio
1258 1850 1432 1927 justo
1461 1866 1703 1910 emere-

206 1948 292 2005 tur
316 1960 520 2002 censns
549 1942 912 2014 duraturuS,
947 1946 1254 2021 quantum
1281 1941 1452 2023 prior
1480 1960 1702 2004 census

206 2034 464 2097 durabit:
514 2034 685 2114 quod
726 2034 896 2095 idem
924 2036 1060 2096 fieri
1088 2039 1333 2114 posset,
1386 2035 1435 2096 si
1478 2053 1702 2096 census

206 2129 648 2189 constitueretur
677 2146 870 2206 super
894 2128 1089 2189 fundo
1114 2173 1129 2204 ,
1180 2129 1279 2189 vel
1327 2128 1514 2189 domo
1538 2174 1554 2205 ,
1602 2129 1701 2189 vel

205 2238 367 2300 grege
394 2218 598 2281 ovium
621 2265 638 2295 ,
698 2219 879 2299 cujus
908 2222 1091 2282 ruina
1137 2225 1200 2283 et
1228 2221 1520 2283 extinctio
1551 2238 1698 2300 pros·

205 2313 459 2373 habiliter
499 2313 851 2374 timeretur.
927 2314 1086 2386 Quia
1132 2318 1343 2376 tamen
1389 2318 1702 2393 emptores

203 2424 395 2466 census
419 2405 706 2484 perpetui
735 2405 1067 2468 intendunt
1094 2407 1509 2468 communiter
1536 2407 1704 2467 redi-

204 2503 284 2561 tus
306 2502 624 2578 perpetuos
664 2518 895 2576 emere,
930 2517 1046 2561 nec
1074 2503 1540 2578 praesumuntur
1563 2500 1702 2563 illos

203 2598 521 2653 contractus
549 2592 819 2654 fortunae
847 2592 1049 2653 solum
1079 2592 1445 2666 intendere;
1477 2593 1701 2656 merito

207 2686 450 2747 Pontifex
495 2684 821 2763 prohibuit
846 2703 1104 2746 censum
1134 2689 1505 2763 perpetuum
1529 2731 1545 2763 ,
1596 2685 1705 2765 qui

202 2778 255 2837 in
277 2796 338 2838 re
363 2796 479 2839 non
508 2778 835 2839 fructifera
873 2782 936 2840 et
962 2778 1267 2838 immobili
1296 2779 1707 2841 constituere-

203 2876 320 2947 tur,
348 2890 420 2932 ne
447 2872 709 2934 daretur
735 2871 979 2933 occasio
1026 2871 1231 2932 mutui
1272 2872 1539 2933 usurarii
1588 2872 1705 2934 sub

201 2968 470 3041 praetextu
515 2982 782 3041 census,
829 2968 892 3027 et
936 2964 1314 3044 hypothecae
1344 2965 1705 3044 apparentis

202 3060 253 3118 et
271 3058 434 3119 fictae.

267 3150 576 3214 Dubitatur
602 3150 792 3214 tertio
824 3151 903 3212 de
932 3150 1037 3213 illa
1068 3151 1396 3232 particula,
1424 3168 1563 3231 quae
1584 3149 1709 3213 exi-

156 3281 164 3290 ·
199 3243 373 3321 gitur,
403 3244 887 3306 determinatam
934 3249 997 3307 et
1036 3244 1221 3307 certis
1266 3244 1494 3305 finibus
1540 3244 1703 3305 desi-

201 3342 424 3414 gnatam
453 3357 586 3398 esse
638 3355 775 3398 rem
804 3337 1190 3398 immobilem
1236 3337 1298 3397 in
1331 3356 1455 3416 qua
1483 3355 1707 3398 census

200 3430 580 3494 constituitur.
617 3432 801 3493 Circa
822 3449 1012 3509 quam
1032 3435 1275 3491 certum
1294 3430 1598 3509 imprimis
1618 3430 1707 3491 vi-

200 3522 388 3598 detur,
436 3542 557 3585 non
616 3523 976 3602 prohiberi,
1030 3524 1198 3603 quod
1245 3541 1467 3585 census
1520 3542 1706 3602 super

198 3614 411 3676 duabus
437 3616 534 3677 vel
564 3615 852 3695 pluribus
881 3615 1070 3678 rebus
1110 3616 1533 3678 immobilibus
1562 3634 1706 3677 con-

198 3709 478 3772 stituatur.
512 3711 695 3772 Sicut
739 3710 906 3771 enim
937 3713 1143 3789 potest
1170 3728 1395 3771 census
1432 3709 1705 3772 reddens

198 3803 311 3862 100.
334 3820 532 3861 annua
560 3801 860 3864 constitui
890 3802 954 3862 in
984 3802 1179 3862 fundo
1200 3848 1216 3878 ‚
1250 3803 1428 3880 cujus
1466 3802 1705 3865 fructus

196 3893 415 3956 valeant
438 3898 616 3957 2000.
654 3895 743 3956 ita
773 3898 983 3973 posset
1010 3894 1305 3956 constitui
1332 3913 1521 3973 super
1549 3895 1707 3956 duo-

194 3984 294 4045 bus
318 3986 516 4047 fundis
542 4032 557 4063 ,
593 4006 868 4067 quorum
916 3987 1306 4066 singulorum
1333 3987 1568 4049 fivctus
1594 4006 1705 4049 va-

194 4079 565 4144 lerent1000.
595 4099 743 4142 cum
773 4079 995 4143 eadem
1026 4081 1106 4142 sit
1130 4080 1313 4157 ratio,
1341 4085 1403 4143 et
1420 4080 1704 4143 Pontifex

192 4171 368 4233 solum
390 4173 581 4235 voluit
612 4172 784 4252 quod
815 4192 914 4233 res
955 4173 1293 4235 immobilis
1323 4172 1706 4234 determine-

193 4268 279 4325 tur
300 4271 358 4327 et
382 4266 563 4328 certis
592 4265 823 4326 finibus
840 4265 1222 4343 designetur.
1250 4265 1400 4339 Quae
1422 4265 1708 4343 designa-

195 4355 266 4417 tio
301 4376 414 4420 non
461 4358 653 4419 debet
698 4358 1047 4419 necessario
1089 4358 1227 4419 fleri
1267 4359 1517 4420 nomine
1558 4375 1706 4439 pro-

193 4451 308 4528 prio
338 4471 351 4512 ε
383 4452 612 4514 sufficit
629 4451 821 4526 enim,
840 4451 1004 4529 quod
1027 4470 1142 4530 per
1155 4445 1700 4529 circumloquium,

195 4542 277 4603 vel
303 4544 413 4605 alia
440 4544 623 4623 signa
653 4562 752 4604 res
782 4544 1167 4621 exprimatur
1194 4547 1258 4604 et
1293 4543 1704 4604 determinate

196 4634 569 4712 significetur.
618 4639 691 4700 In
734 4635 959 4715 quibus
1006 4635 1385 4697 conveniunt
1432 4635 1699 4712 Melina,

195 4728 500 4805 Navarrus,
536 4728 852 4804 RebelluS,
913 4732 975 4790 et
1027 4728 1153 4805 alii,
1210 4746 1367 4808 quos
1410 4729 1614 4805 affert,
1644 4730 1708 4790 et

195 4822 447 4901 sequitur
502 4822 683 4884 Salas
725 4820 891 4883 dicto
934 4821 1086 4883 dub.
1120 4837 1233 4883 vn.
1284 4839 1455 4882 num.
1494 4823 1589 4882 10.
1643 4823 1706 4882 et

197 4915 279 4977 ¹4.
308 4915 509 4978 Voluit
536 4918 752 4977 autem
781 4914 1065 4976 Pontifex
1121 4912 1240 4975 hac
1284 4912 1705 4993 prohibitione

194 5025 521 5084 praecavere
549 5008 904 5088 periculum
947 5025 1171 5068 census
1213 5006 1557 5085 personalis
1586 5006 1706 5067 im-

195 5101 462 5177 ponendi,
523 5100 697 5180 quod
753 5100 1099 5178 periculum
1147 5103 1330 5176 esset,
1382 5099 1432 5160 si
1480 5117 1705 5161 census

194 5210 362 5270 super
388 5194 678 5255 omnibus
707 5192 888 5254 bonis
917 5192 1259 5254 venditoris
1290 5193 1704 5270 praesentibus

201 5288 256 5346 et
293 5285 506 5349 futuris
561 5286 924 5348 immediate
971 5286 1454 5348 constitueretur
1510 5303 1525 5351 ε
1584 5285 1706 5347 hoc

194 5378 343 5438 enim
370 5380 627 5457 perinde
658 5382 853 5455 esset,
887 5397 961 5440 ac
989 5378 1039 5440 si
1070 5397 1340 5457 persona
1386 5378 1523 5456 ipsa
1545 5379 1707 5439 obli-

3222 377 3340 444 350

1804 551 1969 611 esset
1992 548 2075 609 ad
2101 548 2470 629 pensionem
2517 550 2886 617 solvendam
2916 570 2992 616 ex
3019 550 3200 617 bonis
3228 569 3342 634 po-

1802 645 1938 702 stea
1966 642 2387 722 acquirendis,

1885 735 2064 796 Petes
2090 734 2316 814 primo,
2339 753 2418 796 an
2436 736 2631 814 possit
2645 756 2868 801 census
2897 738 3132 820 imponi
3150 757 3342 820 super

3486 751 3564 811 67

1803 826 2092 888 omnibus
2120 827 2299 889 bonis
2329 830 2742 907 praesentibus
2775 848 2790 896 :
2822 834 2975 894 tunc
3004 833 3172 894 enim
3203 833 3339 912 jam
3387 878 3454 921 A„
3479 877 3522 921 {n
3551 878 3687 922 omn,-

1804 938 2026 982 census
2055 925 2220 985 esset
2245 940 2393 982 vere
2423 923 2630 1000 realiS,
2662 942 2807 985 cum
2838 925 3244 1003 pereuntibus
3265 927 3340 987 iis

1804 1014 2093 1075 omnibus
2120 1014 2301 1076 bonis
2331 1017 2742 1095 praesentibus
2765 1063 2780 1094 ,
2833 1036 3057 1080 census
3088 1037 3161 1080 eo
3203 1020 3339 1099 ipso

1803 1106 2318 1185 extingueretur?
2362 1111 2547 1187 Resp.
2601 1114 2805 1172 stante
2852 1111 2974 1173 hac
3023 1112 3242 1188 Bulla,
3277 1112 3341 1172 id

1802 1199 1939 1261 fieri
1966 1218 2090 1261 non
2120 1218 2323 1279 posse,
2365 1201 2480 1261 nisi
2511 1202 2733 1264 saltem
2761 1203 3007 1282 singula
3036 1204 3203 1266 bona
3232 1204 3344 1265 de-

1801 1292 2133 1354 terminate
2165 1293 2585 1372 nominentur,
2636 1298 2700 1356 et
2727 1295 2911 1357 certis
2947 1296 3177 1357 finibus
3215 1297 3341 1358 suis

1802 1385 2182 1446 definiantur
2213 1406 2226 1447 ε
2261 1386 2314 1446 si
2342 1390 2554 1448 autem
2597 1388 2684 1449 ita
2731 1388 3164 1467 nominentur,
3214 1407 3342 1450 non

1800 1478 1983 1539 video
2015 1478 2119 1539 ubi
2150 1478 2271 1539 hoc
2297 1480 2362 1539 in
2406 1480 2587 1542 Bulla
2613 1481 3044 1560 prohibeatur.
3081 1482 3149 1544 Si
3175 1482 3342 1543 enim

1800 1571 1863 1633 in
1893 1571 2074 1632 bonis
2101 1589 2229 1631 non
2257 1571 2492 1633 habeas
2516 1618 2532 1649 ,
2582 1573 2699 1633 nisi
2748 1592 2942 1636 unam
2992 1575 3249 1636 domum
3281 1578 3345 1636 et

1804 1682 1993 1725 unam
2020 1663 2290 1741 vineam,
2316 1665 2571 1744 poteris,
2604 1665 2679 1726 iis
2696 1667 3062 1743 nominatis,
3084 1685 3341 1729 censum

1800 1756 1863 1816 in
1891 1757 1967 1817 iis
1995 1756 2369 1818 constituere
2403 1774 2417 1820 :
2445 1775 2594 1836 ergo
2624 1758 2763 1821 licet
2799 1759 3036 1823 habeas
3074 1762 3345 1839 quatuor

1798 1850 1898 1911 vel
1928 1848 2205 1928 quinque
2235 1850 2457 1910 domos
2482 1895 2498 1926 ,
2546 1851 2778 1928 poteris
2806 1851 2975 1913 idem
3003 1852 3211 1913 facere
3231 1897 3248 1925 ‚
3281 1856 3344 1915 et

1799 1941 2083 2004 similiter
2108 1942 2163 2002 si
2204 1941 2440 2004 habeas
2470 1942 2726 2021 viginti;
2760 1962 2908 2004 nam
2951 1949 3103 2007 tunc
3150 1945 3341 2007 etiam

1798 2036 2197 2098 constituitur
2224 2053 2448 2098 census
2499 2054 2688 2115 super
2733 2038 2918 2100 certis
2948 2043 3010 2101 et
3048 2037 3341 2099 determi-

1800 2128 1959 2189 natis
1986 2145 2061 2190 ac
2089 2127 2431 2207 designatis
2446 2128 2634 2189 rebus
2653 2129 3103 2193 immobilibus.
3142 2132 3338 2192 Secus

1800 2224 1983 2298 esset,
2018 2220 2069 2284 si
2100 2220 2165 2280 in
2201 2221 2523 2283 communi
2554 2221 2768 2284 omnia
2810 2222 2979 2284 bona
3004 2223 3342 2304 praesentia

1798 2313 2155 2392 obligentur
2186 2334 2199 2375 ε
2232 2314 2354 2375 hoc
2383 2314 2550 2374 enim
2576 2314 2913 2393 prohibere
2945 2316 3144 2377 voluit
3172 2317 3338 2377 Pon-

1798 2407 1969 2483 tifex,
1995 2406 2140 2485 quia
2169 2406 2232 2465 in
2261 2406 2570 2485 ejusmodi
2598 2408 2880 2468 clausula
2907 2409 3185 2485 generali
3208 2426 3340 2470 ma-

1799 2499 1895 2579 gis
1924 2502 2061 2562 erat
2082 2498 2433 2579 periculum
2471 2499 2769 2578 palliandi
2814 2518 3073 2562 censum
3125 2518 3342 2580 perso-

1800 2593 2048 2667 nalem3
2082 2596 2145 2654 et
2172 2592 2318 2672 quia
2338 2593 2581 2656 facilius
2605 2593 2896 2659 venditor
2923 2611 3062 2655 eam
3093 2595 3342 2654 clausu-

1800 2687 1928 2748 lam
1958 2685 2250 2764 apponit‚
2285 2704 2475 2766 quam
2503 2685 2751 2763 singula
2776 2686 2944 2748 bona
2972 2704 3342 2748 enumeran-

1803 2780 1908 2856 do,
1928 2778 2319 2857 singulorum
2335 2778 2794 2842 usumfructum
2810 2779 3180 2841 nominatim
3195 2797 3341 2841 ven-

1805 2872 1932 2934 dat.
1989 2870 2127 2932 Dixi
2183 2875 2393 2933 tamen
2416 2916 2433 2948 ,
2484 2889 2561 2932 ex
2594 2871 2656 2932 vi
2699 2871 2886 2932 bullae
2915 2890 3040 2934 non
3075 2872 3342 2934 inveniri

1804 2963 2156 3043 specialiter
2201 2962 2585 3043 prohibitum
2631 2981 2889 3025 censum
2938 2965 3231 3027 constitui
3279 2965 3343 3029 in

1805 3057 2095 3120 omnibus
2124 3056 2304 3119 bonis
2333 3056 2747 3136 praesentibus
2790 3057 3150 3135 singillatim
3190 3076 3344 3118 enu-

1804 3151 2080 3215 meratiS.
2117 3149 2386 3213 Aliunde
2417 3149 2585 3212 enim
2624 3168 2698 3211 ex
2739 3150 2875 3232 ipso
2913 3148 3058 3230 jure
3101 3153 3342 3212 naturae

1803 3246 2033 3325 poterit
2054 3243 2393 3324 aliquando
2426 3244 2659 3322 emptio
2694 3243 2801 3305 illa
2831 3262 2965 3305 esse
3005 3243 3240 3324 injusta
3266 3263 3346 3305 ex

1806 3356 1903 3417 eo,
1936 3337 2105 3417 quod
2148 3338 2418 3416 pretium
2465 3354 2798 3399 commune
2841 3355 3064 3398 census
3108 3354 3235 3398 non
3266 3337 3347 3398 sit

1796 3432 2036 3511 justum
2064 3448 2176 3508 pro
2207 3430 2314 3492 tali
2345 3449 2534 3490 censu
2556 3475 2572 3507 ‚
2627 3431 2725 3491 cui
2768 3434 2862 3493 tot
2895 3431 3062 3491 bona
3092 3434 3155 3492 et
3199 3446 3345 3493 cum

1802 3527 1979 3586 tanta
2020 3522 2559 3584 indefectibilitate
2588 3521 3067 3602 subjicerentur.
3100 3523 3190 3583 Ex
3220 3539 3344 3601 quo

1804 3616 1994 3678 etiam
2024 3615 2227 3694 capite
2256 3611 2466 3694 p‘osset
2488 3613 2623 3694 jam
2652 3632 2876 3675 census
2905 3615 3007 3675 ille
3037 3633 3171 3675 esse
3200 3607 3345 3678 con-

1802 3712 1902 3771 tra
1928 3706 2117 3769 aliam
2149 3707 2495 3769 clausulam
2524 3706 2711 3786 hujus
2739 3707 2949 3784 bullae,
2984 3707 3047 3767 in
3076 3724 3201 3786 qua
3230 3723 3341 3785 pe-

1803 3801 1975 3877 titur,
2009 3799 2180 3880 quod
2210 3818 2336 3860 non
2365 3799 2779 3861 constituatur
2808 3817 3032 3861 census
3061 3797 3177 3859 nisi
3207 3815 3345 3878 pre-

1803 3893 1889 3956 tio
1913 3893 2083 3973 justo
2129 3892 2333 3954 soluto
2363 3892 2441 3952 de
2494 3892 2789 3971 praeeenti
2811 3936 2827 3969 ,
2881 3909 3020 3972 quae
3069 3889 3344 3953 conditio

1802 3990 1953 4051 tunc
1982 3985 2314 4061 deficeret,
2369 4003 2514 4046 cum
2542 4002 2668 4046 non
2697 3985 3044 4046 solveretur
3071 3984 3343 4063 pretium

1795 4079 2037 4160 justum
2063 4096 2177 4158 pro
2207 4077 2313 4141 tali
2345 4096 2559 4155 censu,
2593 4078 2704 4139 sed
2735 4076 3131 4140 diminutum.

1881 4174 2064 4235 Petes
2093 4171 2369 4233 secundo
2393 4217 2409 4248 ,
2457 4190 2537 4232 an
2563 4171 2837 4233 conditio
2881 4171 3018 4232 haec
3048 4169 3346 4232 determi-

1803 4264 1995 4326 nandi
2024 4282 2161 4326 rem
2190 4269 2426 4327 certam
2450 4309 2466 4340 ,
2514 4268 2577 4326 et
2605 4263 2733 4325 suis
2778 4263 3008 4325 finibus
3055 4263 3348 4342 designa-

1801 4362 1956 4433 tam,
1991 4357 2350 4437 requiratur
2378 4357 2568 4419 etiam
2595 4357 2674 4418 de
2698 4356 2840 4436 jure
2869 4361 3108 4420 naturae
3138 4356 3220 4418 ad
3247 4356 3347 4436 ju-

1803 4451 2038 4513 stitiam
2068 4451 2338 4512 census?
2365 4450 2575 4528 Aliqui
2605 4449 2861 4527 volunt,
2896 4449 3180 4515 illicitum
3211 4468 3347 4511 esse

1804 4544 1883 4607 de
1906 4544 2048 4623 jure
2079 4549 2320 4606 naturae
2352 4543 2632 4621 obligare
2650 4543 2820 4605 bona
2840 4543 3051 4605 omnia
3078 4560 3350 4622 praesen-

1803 4637 1891 4700 tia
1922 4641 1983 4699 et
2011 4636 2244 4714 futura,
2278 4636 2425 4716 quia
2445 4635 2581 4714 jam
2611 4653 2834 4704 census
2861 4635 2967 4698 ille
2995 4635 3343 4714 personalis

1804 4732 1989 4805 esset,
2027 4747 2174 4791 cum
2203 4727 2338 4807 ejus
2377 4727 2678 4806 obligatio
2724 4727 2895 4796 nulla
2930 4745 2999 4790 re
3045 4730 3346 4807 pereunte

1802 4822 2075 4901 periret;
2109 4839 2306 4901 quare
2336 4837 2480 4882 cum
2526 4838 2750 4884 census
2794 4820 3140 4899 personalis
3169 4818 3350 4883 illici-

1802 4918 1902 4978 tus
1933 4914 2012 4977 sit
2047 4914 2124 4974 de
2172 4913 2315 4993 jure
2346 4916 2620 4990 naturoe,
2667 4911 2772 4976 illa
2814 4911 3003 4974 etiam
3048 4910 3345 4991 obligatio

1802 5006 2015 5069 illicite
2041 5009 2306 5068 emetur.
2340 5005 2434 5065 Ita
2462 5005 2608 5068 Mol.
2657 5005 2720 5067 d.
2755 5004 2913 5083 disp.
2949 5006 3089 5069 389.
3121 5006 3185 5065 et
3211 5003 3341 5080 alii,

1805 5117 1963 5179 quos
1992 5100 2175 5162 affert
2204 5097 2379 5160 Salas
2409 5096 2471 5158 d.
2509 5097 2658 5161 dub.
2696 5112 2804 5158 v11.
2852 5114 2914 5156 n.
2964 5098 3059 5160 ss.
3096 5095 3221 5158 Sed
3241 5097 3349 5174 jn·-

1803 5197 1909 5255 xta
1958 5210 2149 5272 supra
2195 5190 2363 5252 dicta
2409 5188 2927 5268 distinguendum
2964 5188 3261 5254 videtur:
3293 5188 3349 5252 si

3416 931 3493 976 bus
3520 931 3656 976 bonis.

1805 5285 1975 5348 enim
2004 5303 2228 5351 census
2276 5283 2691 5347 constituatur
2719 5281 2919 5345 solum
2949 5298 3138 5359 super
3162 5281 3346 5346 honis
3465 5289 3472 5296 '

1809 5379 2097 5440 omnibus
2123 5375 2538 5458 praesentibus
2581 5374 2644 5438 in
2687 5372 3050 5451 communi,
3096 5375 3160 5435 et
3201 5390 3348 5452 pre-

196 5476 448 5549 garetur‚
482 5491 628 5533 cum
655 5472 1061 5552 pereuntibus
1092 5472 1282 5533 etiam
1298 5472 1589 5533 omnibus
1603 5472 1711 5533 bo·
1808 5471 1966 5534 tium
1995 5471 2073 5532 sit
2099 5469 2641 5576 proportionatum
2669 5473 2732 5529 et
2752 5466 3033 5546 justum,
3066 5484 3193 5528 non
3228 5464 3348 5527 erit

200 5563 283 5622 uis
330 5565 756 5643 praesentibus,
816 5564 1022 5629 adhuc
1067 5565 1356 5630 venditor
1401 5564 1711 5644 obligatus
1811 5563 2063 5627 illicitus
2091 5563 2216 5625 de
2191 5581 2335 5643 Jure
2364 5564 2627 5624 naturae.
2659 5560 2727 5627 Si
2753 5577 2904 5628 vero
2935 5558 3346 5628 constituere-
