4263 6376
804 326 921 385 204

801 499 931 560 lere
959 501 1346 586 potest,·sive
1378 507 1594 579 postea
1619 503 1864 564 lucrum
1885 505 2164 565 futurum
2186 502 2332 563 fuis·

803 596 897 653 set
924 594 1149 671 majus,
1191 593 1319 652 sive
1349 594 1573 655 minus,

881 685 1057 746 Circa
1086 690 1422 764 utrumque
1469 687 1725 747 modum
1762 688 2121 767 paciscendi
2151 686 2333 747 dubi-

799 778 916 839 tari
948 781 1170 855 potest,
1224 778 1448 856 prim0,
1509 798 1586 838 an
1619 779 1679 840 in
1729 781 2137 842 aestimatione
2168 779 2330 840 illius

798 870 978 946 lucri,
1029 870 1188 930 sicut
1216 870 1442 929 deduci
1473 871 1699 935 debent
1729 891 2014 952 expensae
2054 891 2209 952 quas
2238 872 2330 931 fa-

798 981 939 1023 cere
986 962 1261 1023 debebas
1293 963 1371 1022 ad
1422 963 1811 1033 lucrandum,
1872 966 1961 1026 sic
1999 966 2184 1025 etiam
2219 965 2330 1024 de-

797 1055 1152 1115 ducendum
1181 1056 1261 1116 sit
1290 1056 1525 1134 aliquid
1572 1063 1829 1136 propter
1857 1059 2161 1133 laborem,
2222 1057 2325 1137 qui

795 1147 856 1206 in
888 1148 992 1208 tali
1039 1148 1461 1226 negotiatione
1509 1150 1605 1209 vel
1638 1156 1771 1212 arte
1826 1151 2045 1212 fuisset
2072 1170 2109 1210 a
2138 1155 2198 1210 te
2227 1170 2326 1210 su·

792 1239 1102 1315 beundus,
1128 1244 1190 1300 et
1208 1259 1281 1300 eo
1305 1241 1509 1302 minus
1531 1242 1966 1303 {estimandum
1982 1244 2063 1305 sit
2080 1244 2325 1303 lucrum

795 1350 1066 1408 cessanS,
1119 1338 1187 1393 ut
1214 1334 1265 1392 si
1297 1334 1648 1395 lucraturus
1678 1354 1844 1395 esses
1878 1339 2011 1397 100.
2059 1340 2120 1396 et
2148 1336 2327 1396 labor

792 1428 936 1486 tuus
966 1425 1260 1485 aestimari
1290 1427 1485 1504 possit
1511 1431 1609 1488 20.
1656 1428 1899 1489 lucrum
1949 1448 2069 1489 non
2100 1428 2328 1489 debeat

794 1517 1087 1578 aestimari
1133 1518 1248 1578 nisi
1277 1522 1376 1579 80.
1440 1520 1772 1581 Affirmant
1801 1521 2050 1581 Silvest.
2096 1521 2318 1599 Angel.

791 1611 988 1688 Vega,
1022 1613 1321 1688 Navarra,
1364 1615 1639 1691 Aragon.
1676 1614 1860 1674 Gabr.
1895 1617 2100 1692 Lopez
2130 1618 2193 1674 et
2221 1613 2323 1673 alii

792 1703 959 1780 apud
992 1703 1167 1764 Salas
1198 1704 1258 1763 d.
1295 1704 1443 1765 dub.
1478 1722 1579 1766 xx.
1632 1725 1737 1766 nu.
1772 1710 1830 1769 8.
1886 1707 2113 1784 quibus
2161 1706 2322 1765 adde

790 1794 1048 1855 Malder.
1084 1795 1187 1855 ubi
1229 1815 1417 1875 supra
1448 1817 1552 1859 uu.
1586 1802 1645 1860 8.
1695 1800 1841 1878 quia
1885 1799 2163 1877 alioquin
2186 1800 2323 1878 jam

790 1905 864 1947 ex
914 1892 1130 1949 mutuo
1184 1889 1462 1950 lucratus
1516 1892 1707 1951 fueris
1763 1892 1943 1952 otiari
1998 1910 2034 1950 a
2080 1891 2317 1969 labore,

791 1980 960 2058 quod
990 1985 1085 2041 est
1133 1982 1368 2060 aliquid
1413 1984 1612 2061 pretio
1663 1984 2051 2045 aestimabile.
2112 1984 2322 2063 Aliqui

789 2071 1181 2151 distinguunt
1226 2075 1392 2134 inter
1437 2075 1682 2135 labores
1728 2076 2099 2137 intrinsecos
2128 2096 2323 2154 nego-

786 2164 1050 2240 tiationi,
1107 2170 1177 2227 ut
1204 2172 1378 2227 actus
1407 2167 1675 2242 emendi,
1723 2169 2059 2244 vendendi,
2107 2174 2226 2230 ete.
2262 2174 2322 2230 et

788 2256 1033 2317 labores
1058 2258 1461 2336 extrinsecos,
1510 2260 1711 2339 qualis
1741 2266 1834 2321 est
1862 2262 1952 2320 ire
1982 2262 2061 2321 ad
2094 2262 2321 2321 nundi-

789 2366 923 2423 nae,
958 2348 1076 2409 iter
1100 2369 1308 2429 agere,
1360 2356 1477 2413 etc.
1531 2357 1592 2413 et
1620 2371 1732 2431 pro
1763 2354 2074 2432 prioribus
2104 2355 2322 2414 dicunt

787 2439 1226 2502 deducendum
1256 2463 1377 2504 non
1411 2463 1567 2521 esse,
1601 2446 1710 2505 sed
1741 2446 1945 2506 solum
1973 2464 2085 2525 pro
2110 2451 2317 2525 poste-

787 2532 1073 2597 rioribus,
1123 2537 1297 2595 Hanc
1326 2540 1543 2598 tenent
1581 2538 1771 2617 aliqui
1804 2539 1971 2616 apud
2003 2538 2180 2600 Salas
2210 2539 2318 2599 ubi

787 2644 995 2704 supra.
1057 2628 1176 2688 Alii
1207 2629 1374 2707 apud
1424 2629 1715 2690 eumdem
1745 2630 1981 2707 dicunt,
2026 2649 2150 2692 non
2182 2649 2315 2692 esse

786 2717 1244 2780 detrahendum
1299 2723 1498 2781 totum
1554 2722 1833 2782 valorem
1889 2723 2146 2800 laboriS,
2204 2725 2314 2785 sed

786 2810 1022 2889 aliquid
1051 2812 1444 2873 moderatum
1474 2814 1731 2875 arbitrio
1773 2816 2119 2893 peritorum
2148 2817 2211 2876 in
2241 2836 2315 2877 ea

785 2903 1226 2982 negotiatione,
1261 2906 1359 2964 vel
1389 2913 1542 2968 arte.

858 2996 1147 3056 Secunda
1175 2998 1481 3058 sententia
1501 2998 1857 3078 principalis
1888 3005 2076 3079 negat
2104 3001 2316 3063 detra-

784 3087 1061 3149 hendum
1091 3107 1225 3149 esse
1252 3090 1532 3149 laborem
1580 3091 1752 3151 illum
1806 3110 1878 3151 ex
1910 3094 2103 3168 lucro,
2166 3094 2314 3172 quia

781 3179 1055 3262 alioquin
1087 3200 1254 3260 saepe
1285 3182 1435 3243 nihil
1479 3203 1589 3262 pro
1617 3185 1791 3245 lucro
1839 3191 2118 3247 cessante
2150 3186 2311 3265 exigi

781 3279 1012 3354 posset,
1063 3293 1206 3335 cum
1233 3295 1399 3354 saepe
1430 3281 1629 3338 totum
1670 3278 1912 3337 lucrum
1946 3297 2312 3358 correspon-

783 3367 931 3429 deat
954 3367 1174 3443 labori,
1217 3369 1372 3430 utin
1405 3370 1724 3449 operariis,
1773 3389 2041 3450 quorum
2071 3390 2312 3434 merces

781 3478 907 3521 non
937 3461 1182 3522 excedit
1207 3462 1483 3522 valorem
1514 3463 1765 3523 laboris.
1820 3464 1910 3525 Ita
1937 3466 2145 3541 Sotus,
2179 3466 2313 3526 Mo-

779 3553 928 3629 lina‚
961 3554 1229 3630 BanneS,
1277 3557 1339 3617 et
1366 3554 1472 3615 alii
1502 3574 1658 3636 quos
1688 3558 1887 3632 affert,
1934 3561 1996 3617 et
2023 3557 2308 3636 sequitur

782 3645 959 3707 Salas
986 3646 1123 3706 loco
1170 3647 1276 3708 cit.
1339 3647 1462 3708 Sed
1513 3666 1659 3709 vere
1688 3648 1921 3709 Melina
1968 3667 2091 3709 non
2140 3650 2310 3711 illam

777 3740 951 3799 tenet
977 3739 1445 3813 universaliter;
1481 3759 1625 3801 nam
1657 3741 1719 3801 d.
1745 3740 1905 3820 disp.
1931 3744 2069 3804 3¹6.
2103 3744 2158 3821 ἓ.
2187 3743 2310 3804 Pro

780 3830 942 3892 lucro
970 3841 1240 3906 cessante,
1297 3834 1498 3893 solum
1530 3834 1701 3910 dicit,
1763 3835 2137 3896 sententiam
2185 3837 2310 3916 pri-

779 3942 947 3983 mam
978 3943 1100 3984 non
1123 3943 1257 3985 esse
1280 3925 1714 3988 universaliter
1737 3945 1950 3986 veram
1975 3948 1989 4000 ;
2025 3930 2172 4008 quia
2202 3948 2308 4007 po-

780 4021 900 4078 test
926 4017 1171 4096 aliquiS‚
1222 4018 1570 4096 praesertim
1601 4020 1652 4078 si
1682 4019 1933 4080 aliunde
1964 4040 2089 4081 non
2116 4021 2310 4081 habe-

778 4114 876 4170 ret
902 4110 1068 4170 unde
1111 4111 1345 4171 victum
1388 4115 1716 4190 quaereret,
1770 4114 1928 4172 velle
1982 4114 2185 4192 potius
2223 4115 2308 4173 la-

777 4200 1024 4278 borare,
1086 4222 1275 4281 quam
1306 4209 1563 4282 propter
1607 4205 1803 4264 otium
1855 4206 2141 4266 amittere
2190 4207 2307 4266 ali-

778 4294 929 4374 quid
959 4295 1035 4354 de
1065 4296 1237 4357 lucro
1270 4297 1436 4376 quod
1466 4297 1786 4375 sperabat,
1821 4316 1942 4358 non
1973 4302 2186 4358 tamen
2215 4299 2310 4358 vi-

777 4387 960 4448 detur
988 4407 1218 4466 negare
1248 4390 1416 4468 quod
1447 4391 1698 4468 quando
1729 4395 2023 4451 mutuans
2053 4391 2308 4452 alterius

778 4485 873 4542 est
898 4481 1086 4559 genii,
1137 4485 1200 4541 et
1226 4500 1575 4560 propensus
1606 4484 1683 4544 ad
1715 4485 1929 4560 otium,
1978 4484 2168 4545 debet
2197 4485 2308 4545 ali-

778 4573 927 4652 quid
958 4574 1036 4633 de
1066 4575 1238 4635 lucro
1271 4574 1601 4636 detrahere
1631 4594 1743 4655 pro
1775 4576 1923 4638 otio.
1976 4578 2105 4636 Imo
2138 4577 2308 4638 idem

776 4665 923 4727 Mol.
956 4669 1176 4736 to.‚lV.
1211 4667 1371 4746 disp.
1407 4684 1675 4729 Lxxxvn.
1725 4687 1895 4729 num.
1934 4673 1994 4729 4.
2030 4675 2093 4731 et
2120 4674 2181 4733 5.
2211 4671 2304 4731 lo-

778 4778 975 4840 quens
1006 4759 1083 4820 de
1114 4759 1492 4838 obligatione
1538 4761 1903 4822 restituendi
1936 4763 2143 4840 opifici
2172 4763 2309 4823 vul-

776 4856 993 4914 nerato
1024 4871 1136 4930 pro
1165 4853 1336 4913 lucro
1368 4853 1451 4912 illi
1483 4859 1766 4914 cessante
1797 4873 1869 4914 ex
1897 4855 2174 4931 vulnere,
2211 4856 2309 4915 di-

776 4946 879 5022 cit,
914 4946 964 5006 si
994 4947 1356 5007 vulneratus
1387 4945 1520 5025 ejus
1549 4946 1629 5007 sit
1656 4947 1847 5025 genii,
1883 4953 1951 5009 ut
1979 4947 2037 5006 in
2071 4949 2308 5009 valetu-

776 5038 921 5098 dine
952 5042 1337 5115 acceptasset
1380 5039 1586 5098 minus
1632 5040 1873 5100 lucrum
1902 5040 2035 5100 sine
2064 5041 2301 5118 labore,

778 5149 967 5209 quam
997 5130 1198 5208 majus
1229 5148 1371 5190 cum
1403 5131 1636 5208 labore,
1682 5133 2142 5193 detrahendum
2171 5152 2306 5194 esse

776 5224 839 5284 in
881 5223 1269 5284 restitutione
1324 5224 1561 5302 aliquid
1600 5224 1677 5286 de
1730 5225 1937 5302 lucro,
2000 5231 2305 5305 quantum

777 5316 1196 5378 verisimiliter
1223 5317 1499 5378 creditur
1537 5318 1742 5397 ipsum
1788 5319 1993 5380 minus
2038 5320 2308 5382 libenter

777 5413 1149 5488 accepturus
1190 5410 1238 5470 si
1285 5411 1466 5471 otiari
1511 5411 1756 5485 liceret;
1818 5430 1998 5472 secus
2044 5431 2194 5472 vero
2253 5414 2305 5473 si

779 5503 913 5584 ejus
961 5507 1123 5564 esset
1178 5503 1380 5583 genii,
1440 5510 1510 5567 ut
1555 5506 1767 5566 mallet
1812 5504 2014 5584 majus
2062 5507 2304 5566 luorum

1958 331 2058 391 DE
2100 327 2454 391 JUSTITIA
2499 327 2598 386 ΕΤ
2640 327 2839 388 JURE

2433 501 2752 580 operando
2785 520 2975 580 quam
3004 502 3213 561 minus
3257 499 3542 570 otiando;
3593 498 3964 577 regulariter

2429 597 2640 653 tamen
2672 593 2959 654 homines
2988 594 3195 672 potius
3231 593 3462 652 habere
3509 592 3763 669 genium
3795 589 3965 668 prio-

2429 685 2535 760 τῖε,
2571 703 2758 763 quam
2791 685 3152 764 posterioris
3181 684 3450 764 generiS.
3515 685 3711 755 Quam
3743 682 3964 742 distin-

2429 777 2699 838 ctionem
2738 777 2819 838 ad
2866 778 3018 838 illud
3066 778 3455 857 propositum
3512 777 3591 836 de
3633 776 3962 836 vulnerato

2428 870 2758 949 rejecimus
2788 889 2978 949 supra
3017 870 3177 948 disp.
3214 872 3317 930 xl.
3372 868 3442 929 de
3484 869 3670 929 restit.
3706 867 3775 928 ob
3803 866 3963 946 inju-

2426 963 2579 1023 riam
2607 964 2668 1023 in
2695 963 2854 1024 bonis
2882 963 3143 1044 corporis
3170 967 3321 1023 sect.
3358 979 3427 1023 11.
3481 966 3739 1041 propter
3767 961 3961 1020 ratio·

2427 1073 2571 1115 nem
2603 1056 2686 1116 ibi
2723 1057 3043 1118 traditam.

2508 1148 2719 1210 Tertia
2775 1167 2923 1229 ergo
2982 1148 3292 1209 sententia
3348 1148 3429 1207 ita
3488 1145 3846 1224 distinguit;
3907 1144 3960 1204 si

2424 1246 2718 1303 mutuans
2749 1260 2871 1302 non
2901 1242 3088 1303 vellet
3129 1260 3204 1301 ex
3232 1260 3298 1301 se
3326 1240 3606 1300 laborem
3637 1256 3819 1299 suum
3849 1256 3961 1317 pe-

2426 1333 2612 1393 cunia
2639 1334 2978 1411 redimere,
3041 1335 3150 1394 sed
3181 1335 3368 1394 vellet
3407 1333 3613 1412 potius
3641 1332 3954 1407 laborare,

2426 1444 2614 1504 quam
2645 1426 2879 1505 aliquid
2925 1427 3081 1487 lucri
3113 1428 3425 1501 amittere,
3478 1424 3710 1504 poterit
3755 1428 3959 1484 totum

2423 1518 2666 1579 lucrum
2696 1537 2949 1580 cessans
2979 1520 3228 1598 exigere
3258 1538 3296 1579 a
3324 1517 3740 1588 mutuatario;
3775 1534 3960 1576 secus

2424 1610 2473 1670 si
2503 1611 2691 1672 vellet
2718 1631 2791 1672 ex
2821 1631 2887 1672 se
2916 1612 3197 1672 laborem
3246 1629 3430 1672 suum
3461 1614 3639 1689 parte
3670 1609 3826 1670 lucri
3856 1627 3960 1669 re-

2423 1703 2661 1763 dimere
2723 1725 2736 1766 :
2798 1708 2947 1765 tunc
2998 1704 3165 1764 enim
3213 1704 3403 1764 debet
3430 1721 3568 1763 eam
3602 1707 3844 1781 partem
3876 1701 3959 1761 de

2421 1795 2594 1856 luero
2626 1796 2977 1857 detrahere.
3012 1798 3106 1856 Ita
3134 1799 3305 1856 LeSS.
3340 1796 3402 1855 d.
3440 1794 3593 1855 dub.
3628 1810 3714 1854 xi.
3751 1813 3812 1854 n.
3847 1796 3949 1856 98.

2422 1888 2500 1948 Et
2523 1888 2678 1947 mihi
2708 1888 2896 1948 etiam
2925 1889 3152 1966 placet.
3219 1891 3553 1949 Possumus
3601 1892 3812 1948 autem
3852 1904 3960 1945 ra-

2421 1980 2655 2041 tionem
2701 1999 2738 2039 a
2768 1981 2960 2059 priori
3016 1980 3204 2060 hujus
3251 1979 3618 2039 differentiae
3659 1979 3953 2051 reddere,

2423 2072 2568 2150 quia
2598 2073 2848 2152 quando
2905 2091 3242 2151 compenso
3301 2071 3413 2134 tibi
3443 2076 3648 2134 totum
3704 2072 3955 2131 lucrum

2422 2164 2588 2243 quod
2618 2183 2760 2225 mea
2790 2183 2979 2225 causa
3007 2165 3120 2226 tibi
3149 2169 3372 2241 cessat,
3407 2164 3661 2225 videtur
3690 2164 3957 2224 interce-

2421 2255 2568 2316 dere
2601 2258 2760 2318 ultra
2789 2261 3077 2318 mutuum
3107 2262 3463 2318 contractus
3484 2256 3739 2335 quidem
3772 2254 3959 2334 quasi

2421 2349 2771 2427 emptionis,
2832 2350 2932 2409 vel
2979 2350 3424 2425 innominatus,
3486 2348 3580 2408 Do
3627 2357 3693 2408 ut
3735 2347 3949 2428 facia&

2420 2442 2539 2517 vel,
2574 2451 2775 2502 utnon
2801 2442 3009 2521 facias,
3047 2461 3169 2521 quo
3202 2442 3438 2521 aliquid
3469 2441 3578 2504 tibi
3612 2442 3692 2502 do
3723 2446 3794 2501 ut
3820 2460 3951 2502 non

2416 2533 2712 2605 lucreris;
2773 2538 2840 2594 ut
2870 2551 3019 2612 ergo
3070 2538 3374 2613 appareat
3419 2553 3497 2593 an
3545 2534 3606 2594 in
3658 2533 3778 2594 hoc
3805 2549 3959 2595 con-

2414 2629 2617 2687 tractu
2674 2630 2965 2687 servetur
3021 2627 3370 2705 aequalitaS‚
3429 2626 3772 2686 videndum
3829 2630 3950 2703 est,

2416 2717 2568 2797 quid
2598 2717 2708 2778 tibi
2740 2717 2818 2778 do
2848 2737 2962 2798 pro
2993 2719 3167 2779 lucro
3216 2723 3531 2790 cessante;
3587 2722 3649 2778 et
3694 2717 3955 2796 quidem

2417 2828 2539 2870 non
2570 2811 2771 2871 solum
2801 2811 2911 2872 tibi
2943 2811 3022 2870 do
3053 2812 3374 2888 pecuniaS,
3409 2811 3520 2871 sed
3541 2811 3730 2872 etiam
3751 2814 3956 2871 otium

2415 2922 2453 2964 a
2480 2904 2695 2963 labore
2729 2918 2744 2964 τ
2777 2903 2826 2963 si
2850 2922 2999 2982 ergo
3023 2904 3290 2981 pecunia
3311 2922 3501 2983 quam
3531 2903 3634 2979 do,
3671 2908 3733 2963 et
3753 2902 3955 2963 otium

2412 3016 2451 3058 a
2479 2996 2694 3057 lobare
2724 3002 3023 3075 superant
3052 2997 3330 3057 valorem
3377 2996 3532 3057 lucri
3565 2994 3733 3074 quod
3764 2993 3957 3056 amit-

2410 3091 2511 3164 tis,
2544 3107 2667 3149 non
2698 3093 2982 3149 servatur
3010 3090 3354 3169 aequalitas.
3405 3087 3666 3161 Quando
3698 3105 3850 3165 ergo
3882 3092 3954 3147 tu

2413 3183 2604 3243 velles
2634 3181 2939 3242 redimere
2985 3182 3267 3242 laborem
3315 3181 3526 3261 aliqua
3555 3184 3733 3260 parte
3760 3179 3947 3257 lucri,

2403 3274 2538 3355 jam
2567 3275 2647 3335 do
2678 3275 3009 3354 plusquam
3054 3275 3209 3335 mihi
3257 3275 3399 3346 das;
3457 3275 3603 3354 quia
3632 3273 3711 3333 do
3743 3278 3954 3335 totum

2409 3369 2653 3429 lucrum
2682 3373 2744 3430 et
2770 3368 2850 3428 do
2897 3368 3083 3429 etiam
3126 3369 3393 3446 pretium
3438 3367 3589 3428 illud
3621 3385 3746 3446 quo
3779 3386 3816 3426 a
3844 3385 3952 3427 me

2410 3462 2752 3522 redimeres
2779 3461 2974 3522 otium
3004 3480 3040 3520 a
3066 3461 3280 3521 labore
3315 3482 3327 3522 :
3362 3479 3610 3541 possem
3633 3460 3802 3521 enim
3825 3479 3949 3539 ego

2402 3555 2570 3634 juste
2599 3554 2829 3630 dicere,
2874 3554 3117 3614 lucrum
3149 3572 3271 3614 non
3301 3554 3416 3615 tibi
3445 3559 3644 3615 totum
3671 3571 3947 3629 cessare,

2408 3647 2520 3708 sed
2548 3646 2610 3706 id
2643 3646 2809 3725 quod
2860 3652 3216 3707 remaneret
3243 3651 3385 3724 post
3430 3646 3826 3724 redemptum
3854 3646 3954 3706 la-

2409 3741 2628 3801 borem
2656 3740 2877 3818 pretio,
2920 3758 3043 3818 quo
3091 3739 3264 3799 illum
3311 3739 3622 3800 redimere
3667 3743 3946 3817 optares„

2411 3833 2589 3906 Quod
2616 3832 2666 3892 si
2698 3838 2763 3894 tu
2795 3832 2987 3908 dicas,
3039 3832 3117 3891 de
3148 3832 3362 3893 labore
3410 3851 3551 3893 meo
3583 3831 3736 3892 nihil
3766 3850 3949 3908 curo,

2409 3946 2525 3988 nec
2554 3926 2694 3987 volo
2725 3925 2899 3985 illum
2944 3925 3275 4002 redimere,
3325 3926 3438 3986 sed
3478 3925 3704 3985 lucrari
3752 3942 3955 4003 quan-

2408 4025 2541 4081 tum
2574 4036 2828 4097 possum
2860 4037 2874 4078 z
2910 4022 3055 4078 tunc
3077 4037 3193 4094 ego
3217 4037 3459 4097 possem
3481 4019 3721 4079 solvere
3742 4020 3954 4078 totum

2406 4113 2671 4188 lucrum,
2733 4116 2796 4175 et
2824 4112 3070 4189 exigere
3119 4130 3156 4170 a
3185 4117 3245 4171 tc
3290 4111 3681 4172 tantumdem
3711 4108 3954 4170 laboris

2409 4210 2473 4267 et
2501 4205 2925 4283 occupationis
2966 4203 3046 4263 ad
3077 4203 3231 4263 alias
3258 4222 3359 4263 res
3388 4221 3582 4278 meae,
3632 4201 3954 4281 siquidem

2409 4318 2531 4360 non
2566 4299 2659 4358 vis
2688 4298 2920 4359 laboris
2967 4297 3307 4358 carentiam
3358 4297 3420 4356 in
3469 4295 3737 4374 pretium
3784 4296 3955 4356 acci-

2408 4411 2579 4472 pere.
2635 4391 2697 4452 Si
2732 4395 2940 4451 autem
2970 4390 3051 4450 ad
3081 4390 3145 4449 id
3175 4409 3296 4450 non
3326 4394 3388 4451 te
3419 4389 3649 4467 obligo,
3683 4406 3957 4449 censeor

2410 4484 2572 4545 hanc
2599 4488 2841 4563 partem
2870 4484 3248 4558 condonare,
3303 4483 3451 4562 quia
3495 4482 3650 4541 mihi
3694 4500 3821 4541 non
3852 4488 3958 4543 est

2410 4577 2782 4653 necessaria,
2818 4582 2879 4638 et
2906 4594 3031 4636 non
3062 4594 3315 4653 possum
3346 4581 3404 4637 te
3426 4593 3651 4652 cogere
3673 4575 3753 4634 ad
3781 4574 3957 4634 redi-

2408 4670 2707 4732 mendum
2740 4675 2917 4731 tuum
2963 4671 3242 4730 laborem
3272 4671 3495 4748 pretio,
3548 4670 3658 4729 sed
3697 4669 3956 4729 lucrum

2408 4764 2814 4842 pecuniarum
2835 4763 3034 4824 debeo
3056 4763 3336 4841 pecuniis
3357 4780 3790 4841 compensare,
3827 4781 3956 4823 nec

2407 4875 2661 4936 possum
2691 4856 2751 4916 in
2785 4857 2962 4918 bonis
2994 4856 3293 4934 corporis,
3350 4855 3449 4915 vel
3491 4856 3674 4915 famae
3705 4853 3816 4916 tibi
3847 4854 3956 4914 in·-

2407 4951 2534 5010 vito
2564 4950 2824 5010 solvere.
2879 4949 2943 5010 Si
2973 4954 3184 5009 autem
3213 4952 3280 5009 tu
3310 4967 3456 5008 vere
3489 4949 3566 5008 de
3594 4948 3812 5008 labore
3844 4966 3956 5006 re·

2408 5042 2702 5102 dimendo
2734 5059 2935 5117 curaS,
2988 5061 3102 5102 nec
3131 5041 3323 5101 velles
3352 5060 3452 5101 me
3483 5040 3773 5119 exigente
3807 5047 3955 5099 tan-

2406 5135 2689 5196 tumdem
2734 5135 3042 5210 laborare,
3104 5134 3212 5193 sed
3261 5134 3464 5212 potius
3516 5153 3552 5192 a
3582 5151 3681 5192 me
3731 5151 3956 5193 emere

2405 5227 2686 5288 laborem
2717 5228 2890 5287 illum
2914 5231 3115 5302 tuum,
3149 5244 3273 5287 non
3303 5232 3478 5306 potes
3507 5225 3824 5302 integrum
3853 5226 3958 5285 lu-

2407 5339 2582 5381 crum
2613 5339 2649 5379 a
2677 5338 2779 5380 me
2827 5320 3097 5398 exigere,
3149 5320 3296 5399 quia
3324 5337 3438 5397 ego
3483 5336 3606 5378 non
3649 5317 3953 5378 condono

2406 5413 2519 5475 tibi
2544 5414 2827 5475 laborem
2854 5432 2894 5474 a
2923 5433 3044 5492 quo
3065 5421 3126 5475 te
3154 5413 3371 5489 libero,
3408 5412 3525 5472 nisi
3546 5412 3607 5471 in
3633 5415 3955 5490 quantum

2408 5525 2529 5568 non
2562 5525 2815 5585 possum
2858 5506 3034 5567 illum
3083 5506 3196 5568 tibi
3236 5506 3430 5566 invito
3479 5504 3751 5564 vendere
3816 5523 3830 5565 ε
3891 5504 3952 5565 si

4095 1150 4160 1209 98

4058 1332 4214 1371 “tim
