4263 6376
989 298 1107 358 544
2148 297 2250 358 DE
2291 297 2643 360 JUS'rl'rlA
2689 299 2789 360 ΕΤ
2830 300 3030 362 JURE

991 472 1162 554 quod
1198 473 1447 534 interim
1503 475 1830 533 consumet
1884 489 2017 531 rem
2073 471 2373 532 mobilem
2448 472 2526 532 de
2627 477 2871 551 partem
2901 492 3092 552 quam
3146 475 3476 538 consumit.
3528 479 3711 542 Deinde
3742 486 3930 567 aliqnando

989 586 1113 647 qua
1140 567 1442 646 litigatur,
1479 570 1541 627 et
1599 569 1816 645 postea
1862 564 2162 625 solvendo
2208 584 2331 625 non
2382 564 2521 624 erit.
2626 566 2981 644 depositum
3041 567 3229 628 datur
3275 575 3636 632 numeratum
3677 581 3932 646 transferendo

992 661 1103 722 Vel
1150 661 1199 720 si
1233 660 1493 719 maritus
1536 658 1823 718 devastet
1885 657 2113 718 fundos
2171 657 2412 719 dotales
2463 657 2523 717 in
2627 677 2700 716 ex
2733 659 3324 721 tuncdominiumin
3345 661 3740 741 depositarium,
3760 678 3933 738 οιιιιιῡιιι

994 752 1208 813 odium
1252 751 1484 827 uxoris,
1517 751 1617 811 vel
1663 750 1717 810 si
1772 749 2106 810 damnatus
2136 750 2217 811 ad
2249 769 2384 810 rem
2414 749 2524 810 ali·
2625 751 2875 827 gatione
2906 753 3038 813 sola
3068 754 3375 814 reddendi
3421 760 3770 822 tantumdem:
3792 772 3831 826 et
3860 775 3933 830 tune

991 863 1180 924 quam
1206 844 1616 920 reddendam,
1652 842 2069 921 appellatione
2123 843 2517 923 interposita,
2623 843 2694 903 fit
2720 848 3010 906 mutuum
3040 846 3172 906 fere
3193 866 3444 926 purum,
3480 849 3580 910 hoc
3618 853 3765 913 solum
3794 859 3933 938 dempto

990 938 1272 999 devastet
1301 936 1813 1013 fructusillius,et
1840 935 1902 995 in
1934 935 2296 996 universum
2326 954 2522 1015 quan·
2625 937 2792 1014 quod
2851 942 3139 999 mutuum
3185 959 3310 1001 non
3367 945 3558 1019 potest
3599 947 3755 1005 statim
3791 955 3935 1029 repe-tia

991 1030 1071 1092 do
1105 1030 1185 1091 ob
1216 1030 1702 1109 appellationem
1748 1029 2032 1089 executio
2089 1028 2516 1107 suspenditur,
2623 1035 2986 1103 mutuante;
3021 1031 3141 1092 hoc
3173 1037 3385 1093 autem
3430 1039 3624 1112 potest,
3651 1040 3756 1115 quia
3779 1045 3934 1120 sequitu·

989 1141 1128 1203 quae
1158 1123 1430 1185 debebat
1457 1123 1593 1182 fieri
1623 1122 1684 1181 in
1713 1139 1782 1180 re
1837 1120 2075 1197 mobili,
2113 1125 2518 1200 sequestran-
2622 1122 3043 1184 conditionem
3073 1125 3364 1203 depositi,
3397 1132 3458 1188 et
3483 1126 3602 1188 ideo
3627 1130 3678 1190 fit
3699 1150 3783 1191 non
3803 1135 3934 1213 ingra-

986 1223 1122 1290 tur;
1153 1217 1202 1277 si
1236 1222 1446 1278 autem
1473 1216 1535 1274 in
1566 1234 1631 1274 re
1663 1214 1992 1290 immobili,
2039 1218 2521 1293 sequestrantur
2620 1217 2771 1274 tiam
2823 1217 3013 1277 solius
3051 1219 3416 1279 mutuatarii
3456 1238 3555 1279 seu
3580 1221 3849 1300 depositarii,
3882 1231 3934 1287 sel

986 1311 1245 1386 fructuS,
1281 1314 1342 1370 et
1369 1310 1430 1368 in
1463 1308 1598 1368 aliis
1644 1307 1889 1367 casibus
1917 1306 2244 1382 similibuS,
2281 1307 2387 1386 qui
2435 1306 2518 1366 vi-
2621 1308 2810 1368 etiam
2840 1313 2903 1370 et
2928 1309 3088 1371 forte
3128 1310 3466 1390 aliquando
3509 1312 3674 1373 solum
3707 1315 3751 1375 in
3788 1320 3936 1395 gratiam

986 1402 1117 1463 deri
1139 1407 1401 1482 possunt
1430 1401 1598 1481 apud
1627 1399 1921 1462 Molinam
1960 1400 2091 1460 loco
2125 1399 2340 1461 citato.
2403 1401 2516 1460 Se·
2619 1400 3008 1480 deponentiS‚
3042 1407 3105 1464 et
3133 1402 3275 1463 ideo
3318 1404 3382 1463 in
3411 1403 3536 1482 ipso
3559 1405 3720 1466 locum
3740 1410 3937 1472 nonhabet

985 1497 1293 1577 questrari
1322 1496 1511 1557 etiam
1542 1494 1743 1554 solent
1771 1492 2004 1569 debita,
2039 1497 2105 1553 ut
2134 1493 2185 1552 si
2242 1496 2350 1552 tuo
2398 1492 2514 1552 de—
2617 1494 2898 1572 exceptio
2940 1514 3065 1556 non
3097 1503 3444 1558 numeratae
3474 1500 3723 1575 pecuniae,
3747 1505 3793 1561 ιιι
3820 1511 3936 1564 eontra

982 1590 1170 1651 bitori
1199 1587 1524 1669 praecipiat
1561 1586 1777 1665 judex,
1837 1603 1913 1645 ne
1961 1585 2216 1646 interim
2243 1585 2355 1645 tibi
2393 1585 2517 1645 sol-
2616 1587 2857 1666 aliquos
2913 1588 3097 1651 docet
3152 1607 3296 1649 cum
3343 1593 3631 1651 communi
3674 1593 3831 1653 Melina
3848 1595 3932 1674 d'rp.

982 1688 1090 1745 vat
1133 1682 1303 1762 quod
1359 1681 1566 1756 debet,
1611 1678 1844 1739 dicitur
1912 1677 2200 1738 debitum
2256 1696 2513 1756 seques-
2615 1683 2751 1740 523.
2785 1681 2840 1759 ς.
2877 1679 3132 1740 Dubium
3161 1691 3267 1743 est.
3335 1683 3490 1743 Hinc

981 1778 1157 1838 trari.
2695 1774 2964 1834 Infertur
2988 1775 3211 1853 primo,
3239 1776 3488 1854 quando
3514 1779 3672 1856 possit
3689 1778 3936 1857 depositarius
4005 1795 4017 1856 ι

772 1880 809 1939 3
1059 1869 1425 1948 Depositum
1454 1864 1791 1945 aliquando
1824 1865 1916 1923 est
1936 1881 2183 1943 purum,
2219 1865 2288 1923 ut
2316 1881 2514 1940 quan·
2615 1866 2852 1946 absque
2887 1879 3144 1946 peccato
3200 1869 3514 1946 injustitiae
3556 1871 3629 1930 uti
3660 1889 3709 1930 re
3747 1871 3935 1950 deposita?
3957 1919 4016 1972 ῌ

650 2005 820 2054 omno
839 2005 913 2048 de,
989 1963 1059 2024 lo
1090 1981 1189 2023 res
1208 1961 1473 2022 traditur
1510 1960 1573 2019 in
1626 1975 1867 2018 meram
1915 1957 2285 2033 custodiam,
2323 1962 2386 2017 et
2411 1975 2512 2016 so-
2617 1959 3069 2038 llespondetur,
3088 1979 3202 2039 per
3255 1980 3319 2020 se
3374 1961 3673 2040 loquend0‚
3712 1982 3794 2023 non
3824 1983 3932 2040 pose,
3957 1985 4017 2068 2:

633 2060 920 2156 J‘Pffiumuf‘
978 2055 1151 2116 lum
1137 2075 1197 2115 ιιι
1227 2054 1495 2133 gratiam
1551 2049 1941 2130 deponentis
1976 2003 2333 2128 Aliquando
2391 2049 2508 2108 ha-
2614 2052 2761 2131 quia
2790 2072 2911 2114 non
2943 2058 3038 2114 est
3065 2053 3156 2112 ini
3197 2073 3347 2114 ugus
3402 2073 3708 2132 000035503
3749 2056 3966 2116 sedem„

699 2173 839 2209 mutuo
978 2148 1085 2210 bet
1125 2147 1378 2208 mistum
1422 2144 1658 2222 aliquid
1716 2143 1817 2201 div
1826 2141 1947 2201 ersi
1996 2146 2376 2216 contractus,
2411 2141 2507 2200 vel
2610 2144 2800 2204 missa
2856 2144 3162 2206 custodia.
3217 2146 3479 2218 Quando
3531 2153 3701 2208 tamen
3742 2149 3913 2208 uenat
3905 2169 3934 2206 111

973 2240 1299 2303 locationis
1355 2242 1416 2299 et
1483 2235 1950 2309 conductioniS,
2011 2234 2262 2313 quando
2322 2234 2509 2295 soliis
2612 2236 2744 2316 ejus
2776 2237 3145 2313 dominium,
3190 2243 3394 2317 potest
3422 2241 3635 2319 utique,
3661 2259 3765 2300 cum
3783 2242 3832 2300 sit
3857 2260 3937 2299 usus

976 2333 1213 2413 aliquid
1242 2329 1620 2410 depositario
1653 2347 1765 2407 pro
1796 2327 2101 2403 custodia,
2125 2326 2223 2386 vel
2253 2327 2506 2406 aliquod
2609 2330 2697 2389 rei
2726 2349 2878 2392 suae.
2912 2333 2978 2391 In
3010 2330 3147 2392 aliis
3179 2335 3390 2392 autem
3419 2333 3938 2412 casibuspoteritquan·

974 2427 1465 2487 emolumentum
1497 2441 1572 2481 ex
1600 2420 1881 2499 deposito
1913 2420 1968 2479 ei
1999 2419 2313 2494 concedis,
2346 2438 2405 2481 v.
2439 2439 2501 2496 g.
2608 2422 2689 2483 do
2710 2424 3001 2484 dominus
3030 2439 3153 2485 non
3174 2431 3467 2487 censetur
3489 2426 3834 2486 rationabiliter
3856 2425 3934 2484 invi·

973 2519 1139 2599 quod
1171 2519 1259 2578 uti
1287 2515 1483 2596 possit
1509 2533 1575 2575 re
1607 2513 1912 2592 deposita,
1946 2517 2008 2572 et
2040 2513 2219 2591 quasi
2270 2513 2505 2572 condu-
2607 2522 2705 2577 tus
2737 2536 2752 2590 ;
2789 2535 2981 2595 quare
3011 2518 3059 2578 si
3090 2536 3190 2577 res
3221 2521 3316 2579 est
3345 2538 3462 2579 usu
3512 2518 3885 2597 consumptibilis,
3901 2525 3933 2573 ul

971 2614 1058 2672 cis
1101 2611 1234 2692 ejus
1264 2626 1542 2689 operam.
1578 2606 1689 2668 Vel
1737 2606 1926 2665 etiam
1983 2605 2235 2684 quando
2304 2611 2504 2666 custo·
2605 2610 2889 2688 pecunia,
2919 2610 3218 2687 triticum,
3255 2616 3374 2672 etc.
3422 2630 3542 2672 non
3583 2618 3800 2672 censetur
3817 2625 3933 2687 pecca-

970 2705 1264 2766 diendam
1311 2701 1503 2763 tradis
1533 2717 1664 2759 rem
1688 2716 1804 2758 usu
1835 2697 2401 2775 consumptibilem,
2435 2702 2505 2758 ut
2603 2706 2736 2762 tum
2764 2721 2957 2780 grave
2988 2721 3063 2762 ea
3091 2721 3462 2764 consumere
3512 2705 3568 2764 in
3609 2723 3747 2764 suum
3769 2700 3931 2774 usum,s'

968 2798 1322 2878 pecuniam,
1396 2794 1694 2867 triticum,
1773 2796 1891 2851 etc.
1980 2808 2123 2850 cum
2206 2790 2501 2851 facultate
2603 2797 2806 2854 certus
2859 2795 2938 2856 sit
2991 2814 3057 2855 se
3115 2797 3506 2857 tantumdem
3548 2815 3694 2875 aeque
3733 2796 3879 2854 bonum
3902 2793 3932 2849 in

968 2891 1179 2953 utendi
1237 2889 1288 2948 si
1368 2887 1536 2959 velit,
1599 2888 1660 2945 et
1723 2882 2028 2944 reddendi
2107 2884 2501 2943 tantumdem
2602 2892 2896 2967 promptu
2926 2888 3292 2950 habiturum
3348 2889 3715 2961 reddendum,
3739 2895 3785 2947 ut
3810 2887 3933 2945 docent
4015 2913 4016 2938 ι

967 2984 1220 3064 quando
1243 2985 1492 3061 Petatur
1520 2999 1534 3053 ;
1568 2978 1632 3037 ῑῦ
1660 2994 1783 3056 quo
1832 2994 1980 3035 OssSU
2038 2976 2335 3035 miscetur
2362 2996 2501 3036 mu-
2600 2981 2829 3044 Molina
2866 2980 3025 3060 disp.
3060 2982 3456 3043 524.Lessius
3484 3002 3539 3043 ιι.
3568 2986 3619 3043 8.
3660 2981 3809 3042 etalii.
3832 2977 3932 3037 Addit

964 3082 1165 3139 tuum.
1200 3076 1468 3135 Possunt
1497 3074 1706 3131 autem
1737 3067 2042 3148 ejusmodi
2072 3086 2174 3127 res
2204 3068 2499 3148 multipli-
2599 3073 2764 3134 idem
2792 3074 3040 3134 Lessius
3069 3094 3130 3135 ιι.
3163 3080 3222 3135 ’7.
3257 3076 3310 3135 si
3356 3075 3516 3136 bona
3564 3074 3666 3135 lide
3707 3069 3932 3151 putavitde

964 3167 1317 3232 citertradi.
1352 3164 1561 3227 Primo
1620 3162 1845 3223 clausae
1904 3167 1966 3222 et
2019 3161 2388 3240 obsignatoe,
2437 3167 2499 3224 et
2598 3167 2768 3229 mino
2800 3185 2922 3228 non
2954 3167 3286 3248 displicere
3333 3190 3475 3231 eum
3504 3187 3676 3244 usum,
3698 3164 3857 3227 etiamsi
3874 3162 3931 3221 de·

962 3262 1283 3326 tunclicet
1334 3260 1414 3321 sit
1468 3256 1752 3337 pecunia,
1814 3273 1940 3315 non
1996 3255 2182 3315 datur
2232 3256 2495 3317 facultas
2597 3261 2928 3339 ciperetur,
2963 3281 3087 3323 non
3133 3281 3420 3341 peccare,
3453 3263 3654 3323 debere
3697 3267 3934 3334 ιιιιιιιιιιριιερ

962 3355 1199 3432 utendi,
1233 3371 1435 3433 neque
1468 3354 1559 3411 est
1588 3353 1912 3409 mutuum:
1976 3354 2164 3426 atque
2194 3348 2334 3409 ideo
2383 3350 2496 3410 do·
2595 3360 2696 3415 tea
2723 3353 2977 3415 domino
3008 3355 3241 3418 volenti
3269 3373 3651 3434 compensare
3673 3366 3931 3432 prousuper·
4013 3396 4015 3429 ἓ

959 3449 1225 3509 minium
1266 3448 1479 3505 manet
1525 3442 1691 3521 apud
1748 3441 2188 3519 deponentem,
2249 3446 2312 3502 et
2359 3442 2493 3520 ejus
2595 3448 2954 3525 cepto.H00
3008 3451 3221 3508 tamen
3276 3447 3522 3509 limitari
3573 3446 3749 3507 debet:
3789 3438 3931 3520 quando

957 3540 1235 3622 periculo
1253 3538 1434 3617 perit,
1469 3536 1522 3596 si
1551 3537 1768 3613 pereat
1812 3533 2049 3612 absque
2079 3533 2265 3611 culpa
2296 3534 2493 3613 depo·
2593 3540 2758 3598 enim
2789 3539 3203 3619 depositarius
3232 3559 3310 3600 ex
3339 3542 3445 3602 tali
3474 3560 3580 3600 usu
3607 3557 3706 3598 non
3728 3542 3792 3595 est
3822 3534 3930 3592 saltus

956 3633 1173 3695 sitarii.
1233 3627 1586 3709 Aliquando
1651 3626 1837 3686 datur
1909 3630 2310 3685 numeratum
2390 3628 2490 3687 vel
2589 3632 2980 3711 locupletior,
3015 3632 3166 3691 nihil
3199 3633 3388 3694 debet
3416 3636 3611 3712 postea
3639 3621 3931 3697 restitueres}

954 3728 1409 3798 mensuratum,
1469 3738 1593 3780 non
1651 3719 1907 3798 quidem
1953 3723 2023 3779 ut
2071 3718 2489 3797 depositarius
2589 3728 2695 3784 cut
2722 3743 2837 3785 nec
2859 3725 2963 3803 qui
2988 3724 3156 3786 bona
3186 3726 3308 3786 fide
3338 3745 3469 3787 rem
3498 3726 3930 3789 alienamconsump-

955 3820 1150 3899 possit
1170 3818 1371 3878 libere
1401 3813 1513 3890 uti,
1546 3812 1655 3873 sed
1686 3815 1756 3873 ut
1782 3812 1940 3873 sciat
1980 3817 2286 3891 quantum
2333 3814 2488 3873 reci·
2587 3817 2686 3892 sit,
2721 3821 2783 3879 et
2823 3822 3039 3895 postea
3061 3838 3184 3879 non
3209 3824 3422 3880 manet
3446 3817 3771 3897 locupletior.

954 3913 1045 3992 pit
1072 3916 1135 3974 et
1189 3911 1266 3971 de
1298 3925 1420 3989 quo
1451 3906 1678 3967 debeat
1725 3904 1991 3965 reddere
2048 3904 2390 3965 rationem:
2426 3910 2490 3967 et
2667 3911 3261 3989 Infertursecundo,
3296 3912 3442 3992 quid
3489 3910 3764 3971 dicendum
3795 3905 3845 3963 de
3860 3900 3926 3959 illo.

952 4011 1100 4067 tunc
1131 4002 1476 4064 dominium
1507 3998 1695 4060 etiam
1726 4015 1851 4057 non
1897 3997 2119 4058 transit
2150 3998 2212 4057 in
2243 3997 2485 4076 deposi-
2587 4021 2774 4083 quem
2819 4003 3012 4065 refert
3039 4004 3186 4065 Mol.
3223 3959 3386 4084 disp.
3418 4008 3549 4066 523.
3579 4004 3631 4063 in
3656 4002 3764 4073 fine,
3806 3994 3870 4074 qui
3896 3993 3992 4085 inQut

951 4099 1216 4161 tarium:
1249 4097 1374 4156 imo
1407 4111 1608 4172 neque
1671 4090 1860 4152 etiam
1915 4090 2226 4170 possessio
2287 4091 2484 4152 civilis
2584 4096 2729 4156 navi
2760 4096 3060 4156 afferebat
3089 4115 3312 4174 capsas
3366 4098 3583 4158 multas
3608 4090 3925 4155 εειοοιιιιιίειιιε,
3951 4104 4011 4145 ιι·

951 4196 1061 4253 aut
1088 4190 1409 4261 naturalis,
1435 4186 1546 4247 sed
1591 4185 1913 4263 deponens
1943 4184 2149 4263 pergit
2165 4185 2483 4263 possidere
2584 4194 2646 4250 et
2668 4188 2904 4248 alienas
2934 4208 3063 4250 suae
3092 4188 3237 4249 fidei
3269 4191 3633 4251 commissas
3674 4189 3725 4247 ln
3768 4178 3927 4261 quadam
3951 4154 4011 4527 ἢ

949 4303 1064 4365 per
1119 4281 1587 4362 depositarium,
1634 4282 1935 4357 tanquam
1990 4296 2105 4357 per
2150 4278 2477 4355 famulum,
2582 4284 2793 4343 autem
2805 4281 3069 4342 insula
3055 4302 3116 4341 ιιι
3148 4283 3367 4344 itinere
3388 4278 3992 4356 obmetumpiratamn

948 4383 1137 4459 atque
1168 4377 1325 4437 adeo
1356 4392 1480 4435 non
1508 4372 1908 4450 interrumpit
1947 4370 2480 4449 praescriptionem
2579 4375 2777 4436 voluit
2802 4393 2947 4435 suas
3002 4375 3371 4452 distrahere,
3404 4381 3464 4438 et
3516 4394 3615 4454 per
3657 4372 3828 4432 litteras
3854 4378 3927 4441 pre

946 4473 1262 4552 inceptam
1289 4489 1303 4531 z
1339 4466 1508 4547 quod
1536 4469 1747 4526 tamen
1777 4481 1997 4524 verum
2027 4481 2153 4525 non
2183 4469 2278 4525 est
2318 4482 2482 4523 sem·
2578 4468 2735 4530 tium
2763 4467 2822 4527 in
2854 4468 3238 4529 Lusitaniam
3271 4470 3543 4530 deferre:
3566 4483 3684 4528 cum
3698 4467 3925 4522 autemsuae

944 4587 1060 4648 per
1078 4567 1141 4625 in
1171 4565 1529 4643 sequestro;
1564 4576 1710 4618 nam
1738 4555 2116 4635 regulariter
2155 4561 2481 4634 sequester
2579 4578 2782 4640 capsae
2838 4567 3046 4622 essent
3096 4561 3157 4621 in
3217 4562 3520 4669 profundo
3571 4558 3716 4627 navis
3751 4551 3828 4612 sub
3853 4543 3926 4606 alii·

944 4661 1113 4723 solus
1144 4661 1238 4719 est
1256 4655 1360 4736 qui
1392 4651 1688 4732 possidet,
1718 4653 1781 4710 et
1805 4667 1878 4710 eo
1910 4648 2118 4708 animo
2153 4648 2206 4708 ei
2267 4649 2472 4727 datur,
2575 4653 2808 4730 multis,
2844 4672 2959 4714 nec
2979 4659 3234 4733 possent
3280 4657 3410 4716 sine
3438 4654 3679 4715 maximo
3702 4646 3846 4707 labore
3871 4655 3928 4695 ex·

942 4760 1013 4817 ut
1041 4753 1147 4814 alii
1190 4748 1439 4812 interim
1468 4764 1594 4806 non
1649 4742 2031 4822 possideant.
2093 4745 2331 4802 Rursus
2360 4743 2477 4803 ali-
2574 4746 2779 4819 trahi;
2821 4746 3083 4808 totidem
3115 4766 3190 4806 ex
3218 4749 3455 4824 alienis,
3488 4751 3545 4807 et
3570 4745 3777 4805 aliorum
3814 4728 3927 4793 nomi·
4007 4814 4009 4823 J

944 4847 1197 4929 quando
1228 4844 1413 4904 datur
1467 4837 1822 4917 depositum
1877 4840 2298 4912 numeratum,
2346 4855 2476 4896 ma·
2575 4858 2651 4899 ne
2674 4840 2984 4917 inscriptis
3002 4840 3117 4899 sibi
3148 4844 3410 4920 accepit,
3443 4845 3503 4901 et
3519 4857 3619 4900 suo
3646 4831 3926 4895 nomineten-

940 4945 1129 5002 nente
1161 4936 1438 4999 dominio
1471 4930 1636 5011 apud
1659 4929 2116 5007 deponentem;
2178 4928 2474 4990 facultate
2575 4932 2752 5008 didit,
2788 4932 3161 5011 applicando
3207 4934 3471 4995 dominis
3517 4930 3734 4993 totidem
3774 4939 3823 4979 ex
3857 4912 3924 4975 sui:

939 5040 1154 5098 tamen
1181 5046 1480 5092 concessa
1527 5021 1903 5102 depositario
1951 5025 2020 5082 ut
2074 5022 2137 5081 id
2190 5022 2473 5100 accipere
2573 4978 2855 5104 ejusdem
2902 5027 3198 5104 ponderis
3245 5034 3306 5090 ot
3332 5026 3566 5089 valoris
3619 5025 3786 5082 Postea
3821 5014 3924 5084 capta

935 5129 1135 5209 possit
1155 5126 1233 5187 ad
1263 5139 1444 5185 suum
1473 5136 1656 5180 usum
1712 5133 1856 5193 cum
1909 5114 2290 5193 obligatione
2326 5115 2473 5174 red·
2572 5116 2715 5177 navi
2746 5135 2785 5176 a
2812 5116 3049 5195 piratiS,
3102 5119 3296 5199 aliqui
3337 5119 3626 5190 volebant,
3654 5113 3776 5172 hunc
3811 5110 3922 5163 tenen

939 5220 1128 5283 dendi
1160 5214 1591 5280 tantumdem:
1626 5214 1689 5270 et
1742 5214 1890 5269 tunc
1946 5207 2294 5268 dominium
2342 5226 2472 5269 ma·
2570 5208 2721 5268 dare
2751 5210 3021 5287 pretium
3051 5210 3321 5273 dominis
3366 5211 3597 5271 illarum
3621 5222 3730 5285 quae
3762 5193 3922 5257 vendssae

938 5319 1045 5376 net
1099 5311 1267 5392 apud
1325 5307 1744 5385 deponentem
1799 5301 1997 5362 donec
2053 5301 2470 5381 depositarius
2569 5302 2841 5377 inerunt,
2872 5304 3020 5381 quia
3039 5303 3382 5365 dominium
3397 5302 3589 5382 apud
3577 5316 3710 5379 ipsos
3724 5286 3918 5354 manebat

936 5406 1233 5470 facultate
1250 5401 1367 5464 sibi
1424 5414 1720 5460 concessa
1774 5398 2019 5467 utatur;
2077 5398 2230 5455 tunc
2301 5394 2468 5454 enim
2569 5399 2632 5455 et
2658 5394 2796 5455 aliae
2823 5411 2951 5455 suae
2981 5395 3101 5473 ipsi
3131 5398 3298 5477 apud
3328 5397 3549 5477 piratas
3575 5388 3829 5471 perierant.
3849 5377 3920 5437 llo·

934 5500 1203 5567 transire
1232 5494 1451 5574 incipit
1477 5492 1540 5553 in
1570 5492 1859 5551 mutuum
1880 5488 2088 5568 quoad
2111 5505 2252 5547 eam
2268 5487 2466 5549 solam
2566 5487 2693 5548 lina
2724 5491 2932 5549 tamen
2962 5490 3186 5552 merito
3214 5488 3558 5570 respondet,
3587 5480 3746 5565 pretio
3767 5472 3843 5535 sibi
3867 5481 3918 5525 ac-
