4263 6376
1211 378 1680 439 DlSPUTA'PIO
1725 377 1971 452 XXXV,
2022 377 2298 439 SEC'HO
2341 378 2388 437 1.
3289 375 3407 436 569

1884 549 2191 624 Gabriele,
2254 552 2316 611 et
2360 550 2600 629 Angelo
2670 555 2848 613 notat
2908 549 3078 610 idem
3140 548 3424 611 Sanchez

1884 663 1946 705 n.
1977 646 2072 705 11.

1965 735 2248 797 Dubitari
2268 736 2426 798 solet
2456 737 2666 813 tertio,
2701 737 2810 817 qui
2835 737 3041 816 aptior
3070 739 3133 798 et
3160 735 3415 815 dignior
3591 730 3631 787 4

1883 829 2270 907 reputandus
2319 829 2399 890 sit
2440 830 2520 891 ad
2553 830 2856 891 beneficia
2901 834 3144 905 curata,
3178 830 3424 891 theolo-
3471 854 3768 906 Antheoiogu.

1883 941 2000 1002 gns
2050 941 2151 997 ne,
2187 940 2267 981 an
2290 921 2561 1000 jurista?
2592 923 2668 983 de
2714 942 2838 1003 quo
2881 926 3023 1001 post
3072 922 3227 983 alios
3271 926 3421 984 Vas·
3470 907 3769 1023 ffffisssffffg

1885 1033 2042 1093 quez
2070 1032 2287 1092 opusc.
2323 1013 2391 1074 de
2420 1014 2724 1095 beneficiis,
2759 1033 2900 1093 cap.
2937 1032 3009 1076 11.
3042 1016 3098 1093 §-
3135 1030 3229 1076 111.
3266 1015 3415 1075 dub.
3611 1019 3624 1055 ¹

1883 1111 1943 1169 9.
1975 1111 2036 1169 et
2063 1107 2405 1168 Turrianus
2432 1107 2592 1185 disp.
2629 1109 2819 1169 XXII.
2844 1107 2995 1168 dub.
3031 1124 3117 1168 lv.
3154 1126 3215 1167 n.
3249 1110 3307 1170 9.
3343 1108 3421 1168 Et

1885 1199 2140 1279 quidem
2194 1200 2470 1279 theologi
2526 1204 2587 1261 et
2631 1200 2976 1280 jurisperiti
3027 1200 3211 1260 divisi
3252 1205 3418 1275 sunt,

1885 1292 2144 1371 singulis
2168 1311 2315 1353 suas
2341 1298 2550 1370 partes
2580 1294 2922 1354 tuentibuS.
2961 1293 3084 1354 Sed
3116 1293 3167 1354 si
3198 1292 3275 1353 de
3306 1293 3419 1353 be-

1885 1385 2122 1446 neficiis
2169 1385 2638 1463 parochialibus
2687 1404 2811 1446 non
2843 1385 3225 1447 habentibus
3253 1385 3422 1464 regi-

1883 1496 2029 1538 men
2047 1478 2670 1556 autjurisdictionem
2697 1484 3045 1554 externam,
3079 1496 3283 1540 sermo
3316 1478 3417 1554 sit,

1884 1589 2009 1631 non
2049 1570 2289 1645 dubito,
2340 1571 2612 1649 aptiores
2654 1573 2850 1633 multo
2900 1590 3034 1632 esse
3064 1571 3416 1650 theologOS,

1884 1681 2028 1724 cum
2055 1666 2255 1724 totum
2284 1663 2546 1742 parochi
2575 1681 2804 1725 munus
2826 1664 2904 1724 sit
2935 1664 3280 1742 praedicare
3313 1663 3420 1724 do-

1884 1774 2049 1831 cere,
2080 1755 2301 1817 audire
2348 1757 2790 1832 confessioneS,
2834 1762 2897 1818 et
2923 1756 3280 1818 ministrare
3312 1776 3418 1817 sa-

1885 1853 2226 1924 cramenta,
2261 1867 2400 1928 quae
2448 1849 2660 1910 omnia
2685 1849 2881 1911 multo
2921 1849 3145 1910 melius
3173 1849 3423 1911 theolo-

198 546 600 626 probabile,
634 568 749 610 nec
776 549 876 609 ille
907 550 1154 611 videtur
1179 570 1398 612 sensus
1428 570 1643 612 eorum
1676 549 1804 612 au-v

200 643 499 699 ctorum
532 661 547 701 :
583 642 860 721 alioquin
890 661 1006 703 nec
1035 644 1098 705 S.
1134 646 1354 705 Petrus
1382 649 1522 722 post
1554 644 1782 705 trinam

199 731 477 793 Christi
526 736 924 814 negationem
980 737 1207 815 dignus
1262 737 1482 798 fuisset
1535 755 1780 797 summo

198 826 641 903 pontificatu,
691 829 800 888 sed
857 828 1090 890 debent
1128 830 1390 908 intelligi
1439 830 1518 890 de
1565 847 1639 889 eo
1673 830 1783 908 qui

198 923 387 979 actu
437 925 540 981 est
577 921 641 979 in
686 924 940 999 peccato
970 923 1241 984 mortali.
1275 925 1364 982 De
1404 941 1527 1002 quo
1564 927 1780 984 tamen

198 1009 372 1088 ipse
420 1013 709 1075 Sanchez
749 1033 894 1074 cum
935 1014 1074 1075 aliis
1118 1015 1355 1076 indicat
1408 1015 1592 1090 bene,
1652 1033 1777 1075 non

200 1120 503 1184 semper
556 1106 736 1165 reddi
782 1106 1132 1185 indignum,
1184 1107 1236 1167 si
1277 1108 1430 1168 alias
1470 1108 1782 1169 sit.homo

202 1194 406 1257 hene
465 1197 909 1277 morigeratuS‚
971 1204 1034 1260 et
1088 1200 1165 1260 de
1214 1219 1338 1280 quo
1378 1202 1783 1280 praesumitur

206 1291 416 1367 quod
447 1291 573 1352 cito
603 1292 943 1371 resipiscet,
969 1297 1032 1353 et
1049 1294 1318 1371 gratiam
1346 1294 1781 1373 recuperabit:

208 1381 337 1442 hie
383 1383 561 1442 enim
609 1384 972 1462 simpliciter
1001 1385 1229 1446 dicitur
1279 1385 1511 1446 habere
1538 1405 1785 1447 morum

207 1476 652 1554 probitatem,
711 1477 818 1555 qui
872 1495 1081 1538 mores
1137 1478 1338 1556 magis
1384 1483 1788 1540 sumuntura

204 1571 410 1629 statu
442 1574 511 1630 et
537 1570 853 1630 ordinario
884 1570 1073 1631 modo
1105 1569 1430 1648 operandi,
1466 1590 1658 1649 quam
1702 1571 1783 1632 ab

206 1678 368 1721 nno
399 1662 508 1720 vel
535 1662 731 1722 altero
760 1667 904 1723 actu
953 1681 1026 1722 ex
1058 1663 1392 1742 fragilitate
1425 1664 1780 1726 commisso·

207 1753 441 1813 Addit
476 1754 707 1814 Sanch.
743 1773 806 1815 n.
838 1758 897 1818 9.
942 1774 1066 1815 non
1097 1773 1233 1816 esse
1264 1761 1593 1834 peccatum
1622 1775 1784 1817 mor·

206 1846 366 1904 tale
417 1846 654 1925 eligere
703 1847 782 1906 ad
828 1848 1135 1908 beneficia
1170 1848 1477 1927 simplicia
1506 1868 1650 1909 eum
1679 1850 1785 1930 qui

208 1936 619 2015 frequenter
647 1945 738 2000 est
784 1939 848 1998 in
877 1945 1135 2018 peccato
1165 1941 1411 2002 mortali
1447 1960 1462 2002 ε
1497 1942 1664 2020 quod
1693 1949 1789 2003 ta-

211 2048 391 2089 men
457 2031 614 2091 mihi
669 2051 813 2092 cum
858 2033 1175 2112 Aragonio
1232 2034 1295 2092 in
1343 2035 1632 2111 praesenti
1678 2054 1782 2114 qu.

211 2139 418 2198 mun,
458 2127 579 2186 art.
628 2129 687 2185 Ξ.
720 2125 946 2185 falsum
985 2126 1265 2202 videtur3
1319 2127 1423 2206 qui
1465 2129 1635 2187 enim
1665 2128 1786 2188 fre—

212 2220 519 2294 quenter
555 2220 774 2294 peccat
823 2217 1193 2294 mortaliter,
1258 2237 1381 2279 non
1423 2219 1612 2281 habet
1652 2239 1785 2280 mo·

206 2326 380 2368 rum
412 2308 819 2387 probitatem,
855 2328 998 2370 cum
1046 2329 1286 2371 morem
1329 2313 1612 2390 graviter
1639 2332 1787 2392 pec-

210 2400 436 2460 candi
475 2401 723 2475 habeat,
770 2403 894 2463 imo
941 2403 1042 2463 ille
1091 2404 1270 2483 cujus
1299 2410 1627 2484 peccatum
1658 2425 1784 2467 non

210 2497 332 2554 est
363 2494 716 2571 occultum,
764 2495 876 2555 sed
921 2497 1235 2557 notorium
1284 2517 1408 2559 non
1439 2498 1691 2561 videtur
1718 2502 1783 2561 in

212 2604 307 2647 eo
343 2590 525 2647 statu
555 2587 782 2666 dignus
812 2593 1068 2668 propter
1087 2590 1476 2667 scandalum,
1514 2595 1581 2652 ut
1611 2598 1784 2654 nota-

212 2678 327 2740 vit
360 2680 587 2740 Castro
622 2680 809 2741 Palao
839 2696 909 2743 11.
942 2685 1094 2743 tom.
1127 2686 1309 2744 tract.
1343 2700 1481 2746 xm.
1516 2684 1675 2763 disp.
1711 2702 1780 2747 11.

215 2792 295 2851 p.
342 2775 451 2832 ss.
488 2771 543 2851 5.
578 2776 636 2833 2.
671 2792 842 2834 num.
872 2776 967 2836 13.

322 2864 670 2926 Dubitatur
696 2867 996 2945 secundo,
1031 2886 1111 2927 an
1137 2867 1226 2929 ita
1252 2868 1647 2949 potissimum
1679 2872 1787 2932 de-

218 2959 398 3018 beat
448 2958 687 3018 attendi
734 2959 1008 3038 dignitas
1055 2980 1130 3021 ex
1167 2979 1414 3022 morum
1447 2963 1780 3042 probitate,

128 3068 159 3095 ⁵
218 3057 306 3112 ut
341 3069 427 3110 ea
458 3050 685 3112 debeat
713 3052 1151 3114 omnibusaliis
1170 3054 1487 3133 requisitis
1504 3075 1787 3137 praepon-

127 3185 139 3196 -
218 3145 501 3220 derare,
546 3148 608 3205 et
648 3145 753 3224 qui
796 3147 1075 3209 sanctior
1121 3151 1215 3209 est
1264 3147 1493 3210 debeat
1537 3168 1787 3229 semper

218 3237 534 3317 praeferri
562 3238 951 3300 doctioribus
980 3244 1044 3301 et
1060 3241 1613 3320 prudentioribus?
1643 3247 1788 3306 Res-

216 3330 584 3411 pondetur,
620 3331 988 3409 dignitatem
1019 3333 1183 3394 hanc
1213 3353 1337 3395 non
1370 3355 1505 3396 esse
1533 3337 1786 3399 absolu-

216 3430 373 3485 tam
422 3423 540 3483 sed
571 3426 1009 3503 respectivam,
1056 3444 1279 3505 nempe
1329 3447 1469 3507 quae
1499 3429 1648 3491 facit
1671 3431 1785 3491 ho-

218 3517 487 3576 minem
537 3517 753 3577 utilem
802 3521 864 3578 et
902 3523 1118 3597 aptum
1149 3520 1228 3579 ad
1282 3521 1405 3581 tale
1455 3523 1779 3586 officium:

220 3611 455 3688 potest
498 3613 708 3669 autem
755 3611 1145 3691 contingere,
1199 3618 1268 3674 ut
1315 3616 1603 3676 omnibus
1635 3636 1784 3696 pen·

218 3701 419 3776 satis,
473 3701 695 3761 melius
749 3704 1179 3765 satisfacturus
1237 3707 1315 3767 sit
1367 3725 1479 3768 suo
1535 3711 1784 3770 muneri

218 3794 351 3875 qui
413 3794 621 3855 minus
674 3800 930 3856 sanctus
986 3801 1100 3873 est,
1161 3804 1422 3878 propter
1474 3801 1781 3880 majorem

220 3887 623 3964 doctrinam,
693 3888 1115 3967 prudentiam,
1192 3894 1662 3970 experientiam,
1721 3900 1783 3957 et

220 3999 463 4041 rerum
543 3980 832 4059 peritiam
930 4001 1119 4061 quam
1193 3985 1401 4062 habet,
1488 3991 1558 4047 ut
1638 4006 1781 4049 cum

221 4076 303 4136 S.
358 4074 585 4135 Thom.
637 4078 701 4134 et
744 4074 880 4134 aliis
929 4075 1111 4137 docet
1153 4079 1382 4139 Sanoh.
1431 4080 1535 4141 ubi
1590 4101 1781 4160 supra

220 4188 300 4227 n.
342 4171 404 4227 4.
458 4166 629 4227 Sicut
664 4186 697 4226 e
729 4171 949 4228 contra
990 4170 1124 4229 fieri
1179 4175 1401 4249 potest,
1459 4177 1528 4234 ut
1572 4175 1780 4237 minus

220 4260 473 4320 doctus
505 4259 707 4338 magis
753 4261 1114 4337 profuturus
1156 4269 1442 4342 speretur
1469 4267 1596 4327 suis
1631 4268 1778 4327 sub-

222 4354 393 4414 ditis
425 4357 679 4433 propter
706 4354 1011 4433 majorem
1041 4358 1433 4418 sanctitatem
1465 4363 1527 4420 et
1544 4360 1780 4421 bonum

222 4446 625 4523 exemplum,
686 4465 877 4526 quam
926 4449 1033 4527 qui
1078 4450 1301 4528 majori
1358 4451 1665 4530 doctrina,
1716 4460 1777 4517 et

222 4538 580 4618 prudentia
608 4540 956 4617 praesertim
979 4541 1255 4602 humana
1281 4549 1342 4604 et
1363 4545 1617 4621 politica
1645 4547 1781 4625 pol-

222 4633 347 4692 let.
384 4632 475 4690 Ex
504 4631 747 4691 duobus
761 4651 937 4710 vero,
970 4653 1236 4714 quorum
1259 4655 1419 4696 unus
1439 4637 1779 4699 industrior

228 4727 341 4785 est
383 4724 464 4783 ad
516 4727 888 4803 temporalia
936 4728 1368 4807 gubernanda,
1424 4731 1580 4792 alter
1626 4751 1776 4793 vero

228 4817 325 4878 ad
368 4816 718 4895 spiritualia
771 4819 911 4898 plus
961 4821 1262 4898 proderit,
1326 4823 1428 4883 hic
1465 4825 1776 4903 posterior

232 4910 678 4991 praefercndus
724 4914 858 4984 erit,
895 4913 1055 4974 sicut
1080 4919 1142 4975 et
1159 4915 1506 4993 spiritualia
1537 4921 1778 4996 tempo-

235 5003 486 5064 ralibus
543 5004 979 5081 praeferuntur.
1039 5008 1318 5087 Denique
1371 5010 1611 5071 confert
1665 5012 1778 5070 ali-

234 5097 502 5177 quando
530 5099 736 5176 major
763 5099 1049 5159 nobilitas
1078 5105 1140 5161 et
1160 5102 1439 5178 potentia
1460 5104 1776 5163 saecularis

233 5190 553 5268 eligendi;
578 5191 726 5269 quia
752 5192 1027 5252 Ecclesia
1052 5193 1390 5272 aliquando
1422 5196 1662 5273 indiget
1681 5197 1776 5257 his

233 5282 640 5343 adminiculis
687 5284 764 5343 ad
800 5285 1213 5346 resistendum
1257 5287 1559 5367 improbis
1589 5294 1648 5349 et
1676 5308 1772 5349 ar-

229 5376 475 5437 cendos
520 5377 723 5456 lupos,
776 5381 838 5438 et
867 5378 929 5437 in
974 5379 1047 5439 iis
1094 5381 1576 5442 circumstantiis
1610 5401 1773 5461 prae-

230 5470 390 5529 ferri
430 5470 775 5547 prudenter
802 5472 1028 5548 poterit
1056 5473 1279 5552 majori
1316 5475 1617 5536 doctrinas
1663 5481 1772 5538 aut

229 5563 614 5643 prudentiae,
668 5568 737 5625 ut
790 5582 933 5624 cum
1005 5566 1325 5644 Silvestm,
1383 5570 1761 5647 AlexandrO,

1884 1960 2002 2021 gus
2031 1945 2329 2019 praestare
2359 1945 2583 2020 potest.
2614 1942 2957 2021 Loquendo
2988 1961 3137 2003 vero
3170 1942 3249 2003 de
3280 1943 3413 2022 epi-

1884 2035 2265 2113 scopatibus,
2290 2039 2353 2096 et
2375 2034 2513 2095 aliis
2538 2035 2893 2113 praelaturis
2912 2034 3420 2113 jurisdictionem

1885 2133 2206 2189 externam
2235 2126 2633 2203 habentibus,
2684 2128 2907 2189 melior
2935 2132 3099 2189 esset
3130 2128 3236 2207 qui
3269 2129 3422 2189 utri-

1884 2239 2083 2300 usque
2140 2221 2453 2282 facultatis
2512 2221 2795 2282 notitiam
2845 2221 3131 2298 haberet,
3175 2220 3325 2301 quia
3362 2225 3424 2283 et

1883 2313 2153 2392 pastoris
2178 2317 2240 2374 ct
2282 2313 2510 2374 medici
2541 2318 2604 2373 et
2631 2313 2917 2392 magistri
2948 2332 3213 2374 munera
3247 2313 3421 2375 obire

1885 2406 2098 2481 debet,
2138 2406 2220 2466 ad
2249 2425 2388 2485 quae
2408 2405 2729 2484 theologia
2769 2406 2973 2484 magis
3000 2406 3418 2482 desideratur,

1884 2504 1948 2559 et
1983 2499 2218 2577 judicis
2264 2499 2479 2576 etiam,
2526 2517 2599 2559 ac
2627 2499 3087 2576 gubernatoris,
3133 2500 3215 2559 ad
3253 2500 3423 2578 quod

1884 2609 2207 2652 sacrorum
2238 2609 2551 2652 canonum
2574 2592 2794 2652 notitia
2812 2592 3174 2670 requiritur.
3203 2595 3421 2672 Neque

1884 2702 2001 2763 ego
2031 2685 2095 2744 in
2125 2685 2390 2745 materia
2419 2684 2636 2746 odiosa
2648 2684 2960 2763 judicium
2978 2703 3194 2746 meum
3222 2685 3418 2746 inter-

1884 2795 2121 2856 ponere
2150 2777 2315 2854 volo,
2368 2795 2446 2838 ne
2475 2777 2634 2837 forte
2677 2775 3024 2856 jurisperiti
3054 2780 3276 2856 putent
3308 2796 3421 2839 nos

1883 2869 2003 2929 illis
2059 2868 2369 2948 ejusmodi
2425 2869 2758 2948 dignitates
2815 2869 3119 2943 invidere,
3166 2874 3276 2932 aut
3315 2888 3423 2931 eos

1885 2962 2216 3023 excludere
2246 2963 2428 3038 velle,
2466 2961 2631 3041 quod
2657 2967 2995 3042 utrumque
3026 2962 3208 3025 absit.
3245 2963 3418 3025 vidi-

1885 3074 2024 3115 mus
2079 3074 2154 3115 ex
2199 3054 2581 3134 jurisperitis
2634 3056 2951 3135 praelatos,
3016 3061 3079 3118 et
3133 3074 3418 3118 summos

1883 3148 2218 3212 Pontifices
2266 3150 2454 3210 etiam
2511 3153 2725 3211 nostro
2780 3153 3062 3229 tempore
3107 3149 3426 3211 sanctissi-

1884 3262 2041 3319 mos,
2077 3248 2141 3304 ct
2185 3243 2465 3303 ecclesia».
2508 3242 2903 3314 utilissimos;
2942 3261 3175 3321 negare
3205 3246 3418 3305 tamen

1884 3354 2010 3397 non
2064 3354 2344 3414 possum,
2405 3337 2572 3398 facta
2626 3335 2911 3414 diligenti
2956 3334 3317 3397 inductione
3359 3339 3422 3397 et

1884 3430 2378 3504 enumeratione,
2427 3429 2559 3489 sine
2606 3429 2733 3488 ulla
2761 3428 3165 3507 proportione
3196 3429 3410 3507 plures

1883 3522 2072 3583 fuisse
2128 3521 2461 3583 Pontifices
2524 3525 2588 3582 et
2641 3521 2968 3601 episcopos
3023 3525 3295 3597 sanotOS,
3358 3523 3422 3582 et

1881 3615 2010 3676 vita
2037 3634 2111 3676 ac
2140 3615 2447 3693 regimine
2478 3614 2589 3675 toti
2635 3612 2980 3693 posteritati
3013 3612 3418 3674 commenda-

1881 3708 2058 3783 biles,
2091 3708 2387 3786 antiqui2‚
2436 3726 2507 3766 ac
2539 3707 2767 3768 nostris
2811 3706 3002 3768 etiam
3031 3706 3299 3780 saeculiS,
3335 3724 3413 3764 ex

1878 3801 2189 3878 theologis
2217 3818 2406 3878 quam
2434 3819 2508 3859 ex
2537 3800 2727 3859 meris
2748 3797 3153 3877 jurisperitiS,
3189 3804 3258 3859 ut
3280 3798 3417 3877 qui-

1882 3893 2033 3954 libet
2051 3893 2232 3953 facile
2254 3911 2330 3952 ex
2363 3892 2560 3953 sacris
2601 3891 2899 3967 historiis,
2945 3890 3327 3952 kalendariis
3355 3895 3420 3952 et

1880 3985 2345 4063 martyrologiis
2376 3984 2670 4062 colligere
2699 3988 2927 4063 potest,
2960 3984 3087 4044 imo
3114 3988 3178 4045 et
3204 3984 3271 4059 ii,
3305 3983 3416 4063 qui

1881 4098 1956 4139 ex
1977 4078 2357 4159 jurisperitis
2403 4077 2707 4155 assumpti
2756 4077 2835 4136 ad
2867 4095 3009 4138 eam
3039 4076 3414 4156 dignitatem

1880 4172 2208 4232 sanctitate
2284 4173 2649 4245 floruerunt,
2711 4188 2833 4230 non
2890 4188 3035 4231 raro
3095 4170 3413 4231 defectum

1879 4284 2062 4326 suum
2118 4268 2529 4344 agnoscentes
2553 4310 2568 4339 ,
2627 4263 2871 4343 privato
2928 4266 3146 4341 postea
3203 4263 3412 4325 studio

1878 4358 2302 4437 theologicam
2328 4357 2723 4436 disciplinam
2752 4357 2870 4417 sibi
2899 4375 3270 4435 comparare
3299 4374 3411 4418 co-

1880 4451 2007 4512 nati
2063 4455 2228 4511 sunt.
2281 4453 2358 4511 Et
2413 4450 2668 4529 quidem
2726 4453 2981 4510 Petrum
3032 4449 3411 4529 Apostolum

1878 4545 2161 4607 Christus
2212 4544 2514 4605 Dominus
2573 4562 2695 4605 non
2751 4544 3069 4623 promovit
3117 4542 3201 4602 ad
3244 4560 3416 4602 sum-

1877 4657 2050 4699 mum
2081 4638 2539 4717 pontificatum,
2583 4637 2699 4697 nisi
2729 4636 2963 4715 duplici
2999 4634 3233 4713 praevio
3265 4653 3413 4695 exa-

1876 4732 2045 4791 mine
2106 4751 2118 4791 :
2182 4731 2377 4791 altero
2434 4730 2602 4790 circa
2651 4729 2999 4805 scientiam,
3073 4727 3182 4787 Vos
3222 4735 3412 4787 autem
3479 4776 3628 4820 Matn».
3647 4785 3738 4827 m,

1877 4843 2148 4905 quemme
2160 4842 2277 4883 esse
2299 4822 2487 4883 dicitis
2510 4821 2539 4882 ἶ)
2558 4823 2737 4883 Circa
2757 4822 3155 4883 sanctitatem
3178 4821 3407 4884 altero:
3589 4833 3651 4872 ¹⁵·

1876 4917 2090 4997 Diliqis
2117 4936 2209 4976 me
2226 4915 2363 4997 plus
2391 4914 2524 4975 leis?
2550 4917 2618 4976 ln
2647 4915 2848 4993 primo
2877 4919 3091 4976 autem
3123 4913 3408 4973 examine
3488 4932 3611 4973 suan.
3630 4941 3724 4982 xm.

1879 5013 2096 5072 Petrus
2127 5028 2249 5070 non
2283 5028 2355 5068 ex
2380 5007 2899 5088 jurisprudentia,
2932 5007 3040 5066 sed
3071 5025 3146 5066 ex
3174 5006 3409 5066 theolo-
3583 4986 3650 5027 ¹⁵·

1875 5104 1978 5181 gia
2006 5121 2181 5163 mera
2226 5102 2569 5180 respondit,
2611 5101 2664 5161 T
2661 5122 2698 5159 u
2726 5119 2784 5160 es
2816 5099 3104 5172 Clmsttae,
3152 5099 3274 5180 filii
3297 5098 3413 5159 Dei

1874 5197 2029 5271 vivi,·
2074 5215 2200 5275 quo
2247 5214 2546 5273 responso
2587 5195 2953 5272 theologum
2985 5212 3050 5252 sc
3082 5192 3399 5271 probavit,

1874 5294 1938 5351 et
1965 5289 2247 5368 dignum,
2283 5288 2389 5368 qui
2420 5287 2629 5348 statim
2657 5287 2926 5362 audiret,
2964 5286 3018 5346 T
3016 5306 3052 5345 u
3078 5304 3135 5345 es
3164 5286 3399 5362 Petrus,
3473 5332 3621 5376 unuh·
3645 5343 3736 5384 m·

1873 5391 1930 5443 et
1981 5401 2158 5464 super
2209 5382 2359 5441 lianc
2423 5389 2662 5461 petram
2718 5378 3018 5460 ‹edific-abo
3073 5377 3402 5439 Ecclesiam
3581 5388 3649 5430 ¹8·

1870 5494 2077 5552 meam,
2110 5484 2168 5536 et
2210 5474 2318 5534 tibi
2342 5473 2491 5533 dabo
2522 5472 2708 5534 claves
2735 5472 2906 5551 requi
2934 5471 3231 5533 coelorum.
3272 5472 3396 5533 Sed

1869 5570 2296 5649 unusquisque
2327 5567 2530 5627 in-suo
2559 5585 2744 5627 sensu
2773 5565 3074 5628 abundet.
