4263 6376
28 2307 82 2365 50

1232 364 1704 425 DISPUTATIO
1750 365 1853 425 XX
1869 363 1966 437 ΙΙΙ,
2021 358 2296 421 SECTIO
2341 359 2416 418 X.
3322 356 3398 415 37

195 535 340 590 rent
369 530 629 596 furtum
660 556 878 615 grave,
914 544 974 599 et
996 540 1142 601 licet
1164 541 1465 601 motivum
1488 543 1568 603 sit
1596 541 1761 601 idem

197 642 435 703 nempe
495 629 844 691 subvenire
875 636 995 693 tuae
1027 634 1400 711 necessitati,
1452 636 1548 695 vel
1581 634 1758 714 cupi-

195 716 420 790 ditati;
478 719 639 780 item
670 722 721 782 si
769 725 1097 803 religiosus
1145 726 1376 788 habeat
1402 728 1759 806 generalem

193 810 581 873 facultatem
613 833 652 874 a
682 818 941 893 praelato
973 818 1245 878 donandi
1277 839 1408 879 rom
1442 822 1618 897 parvi
1648 840 1747 879 va-

192 901 369 977 loris,
436 911 504 965 et
537 907 768 967 codem
823 915 1103 987 tempore
1155 912 1351 971 dones
1381 913 1600 989 tribuS,
1661 914 1759 973 vel

196 1000 481 1073 quatuor
505 999 779 1078 singulis
806 1021 906 1062 res
936 1005 1114 1081 parvi
1135 1006 1386 1081 valoriS,
1422 1024 1545 1066 non
1569 1007 1756 1066 credo

194 1088 365 1165 quod
398 1096 638 1167 peccet
684 1100 903 1154 contra
929 1101 1144 1156 votum
1186 1100 1591 1176 paupertatis,
1646 1118 1758 1159 nec

193 1179 389 1241 faciat
417 1182 600 1243 ultra
626 1184 943 1247 licentiam
975 1207 1163 1267 quam
1195 1190 1404 1266 habet,
1454 1192 1596 1253 lic-et
1624 1211 1755 1251 om-

195 1272 297 1331 nia
329 1274 444 1334 illa
472 1276 673 1338 simul
701 1278 980 1340 facerent
1024 1282 1260 1361 aliquid
1302 1301 1424 1341 non
1455 1284 1632 1362 parvi
1659 1303 1754 1344 va·

193 1362 366 1425 loriS.
420 1368 628 1428 Aliud
653 1376 818 1432 esset
845 1371 893 1431 si
938 1372 1071 1433 sine
1102 1375 1229 1434 ulla
1255 1375 1505 1437 licentia
1553 1378 1750 1453 daret,

196 1459 345 1536 quia
367 1458 514 1538 jam
547 1467 704 1523 tunc
734 1465 1007 1527 auferret
1036 1485 1072 1525 a
1110 1472 1420 1528 conventu
1451 1473 1646 1530 totam
1677 1470 1753 1529 il-

193 1548 322 1611 lam
350 1571 687 1615 summam
730 1557 864 1617 sine
910 1558 1202 1621 facultate
1247 1562 1508 1638 praelati,
1569 1567 1754 1641 atque

195 1642 337 1704 ideo
383 1651 596 1717 esset,
658 1649 818 1709 sicut
863 1651 914 1710 si
960 1651 1166 1711 eidem
1214 1653 1529 1715 furaretur
1570 1654 1754 1714 simul

194 1735 407 1814 plures
438 1756 549 1798 res
602 1742 777 1818 parvi
810 1744 1038 1803 valoris
1077 1744 1374 1823 singulaS.
1437 1748 1572 1806 Non
1604 1766 1751 1823 ergo

195 1830 430 1891 sufficit
480 1833 699 1894 unitas
743 1837 1062 1914 temporis,
1123 1857 1238 1898 nec
1285 1838 1489 1898 unitas
1535 1840 1754 1900 motivi

196 1923 461 2001 praecise
495 1925 586 1984 ad
619 1927 1004 1988 reddendam
1054 1930 1455 1991 donationem
1493 1932 1752 1992 excessi-

195 2033 337 2074 vam
368 2021 436 2077 et
477 2018 895 2097 prohibitam,
949 2022 1061 2081 nisi
1113 2024 1275 2083 adsit
1321 2025 1521 2085 unitas
1564 2026 1752 2087 etiam

197 2106 516 2169 donatarii
551 2129 728 2188 vera,
777 2113 876 2173 vel
905 2114 1125 2176 saltem
1154 2117 1406 2176 moralis
1433 2118 1618 2179 modo
1649 2138 1752 2178 ex-

195 2200 449 2279 plicato.

277 2295 885 2375 Dubitaturquinto‚
908 2303 1117 2359 utrum
1131 2299 1383 2363 donatio
1388 2303 1747 2381 juramento

1863 538 2157 612 reddunt,
2192 535 2305 595 nisi
2334 533 2637 594 donatore
2666 532 2764 591 vel
2795 531 2929 611 ejus
2951 529 3201 591 haerede
3225 549 3398 593 revo-

1861 636 2064 693 cante.

1939 723 2141 799 Adde,
2185 722 2233 782 si
2266 718 2872 783 donator‘defectum
2905 718 3079 779 illum
3110 718 3285 794 sciat,
3334 722 3396 778 et

1859 824 2079 897 potens
2109 821 2390 895 repetere
2411 832 2535 873 non
2553 816 2816 890 repetat,
2853 831 2924 872 eo
2958 813 3090 890 ipso
3113 814 3246 891 jam
3273 829 3391 870 non

1859 917 2149 972 censetur
2176 909 2405 969 invitus
2448 906 2657 985 quoad
2695 906 3109 966 retentionem
3169 923 3183 963 ε
3247 904 3394 983 quia

1860 1022 1979 1063 non
2015 1003 2262 1062 videtur
2305 999 2667 1060 donatarius
2712 998 2974 1076 aliquid,
3037 998 3231 1060 invito
3280 997 3393 1058 do-

1857 1096 2050 1171 mino,
2092 1095 2385 1169 retinere,
2439 1097 2625 1170 atquc
2655 1090 2813 1150 adeo
2846 1109 2965 1150 non
3000 1096 3217 1169 peccat
3248 1109 3391 1151 con-

1855 1193 1952 1250 tra
1988 1187 2298 1267 justitiam
2346 1184 2695 1245 retinendo.
2759 1184 2825 1244 Si
2871 1188 3081 1243 autem
3125 1184 3394 1244 donator

1858 1281 2031 1356 obiit,
2082 1285 2144 1340 et
2172 1279 2233 1338 in
2265 1282 2465 1338 morte
2506 1281 2710 1337 ratam
2740 1275 2958 1336 habuit
2986 1276 3389 1337 donationem

1858 1373 2265 1451 praeteritam,
2318 1370 2451 1450 jam
2493 1368 2728 1429 valebit
2766 1368 2985 1428 saltem
3022 1373 3089 1429 ut
3135 1369 3385 1429 donatio

1856 1483 2043 1526 causa
2073 1463 2314 1539 mortis,
2350 1482 2488 1541 quoe
2519 1462 2579 1520 in
2612 1460 2891 1539 qualibet
2918 1462 3264 1540 quantitate
3295 1461 3390 1520 in-

1854 1557 2206 1618 sinuatione
2238 1574 2359 1615 non
2392 1553 2724 1631 indigetad
2755 1551 2846 1611 sui
2868 1552 3166 1612 valorem.
3202 1552 3390 1611 Deni-

1854 1669 1974 1729 que
2006 1650 2194 1710 etiam
2223 1649 2383 1709 inter
2412 1646 2607 1721 vivos,
2642 1645 2690 1703 si
2715 1649 2933 1722 postea
2952 1643 3218 1705 donator
3238 1645 3388 1705 obli-

1851 1743 2171 1823 gationem
2210 1738 2578 1801 restituendi
2630 1756 2951 1797 excessum
3009 1737 3389 1798 condonavit

1853 1835 2200 1910 donatario‚
2238 1839 2298 1895 et
2327 1851 2615 1893 excessus
2638 1832 2768 1909 ipse
2798 1830 3142 1891 secundum
3172 1849 3237 1889 se
3260 1850 3384 1891 non

1852 1928 2182 1988 excederet
2224 1926 2570 2005 quingenos
2609 1923 2859 1999 solidOS,
2906 1927 2976 1983 ut
3001 1923 3052 1983 si
3080 1943 3141 1984 v.
3175 1942 3238 2001 g.
3273 1924 3385 1983 do·

1852 2027 2112 2081 naverat
2142 2019 2309 2078 mille
2340 2017 2569 2078 solidos
2599 2036 2638 2077 a
2682 2014 3020 2095 principio,
3066 2020 3216 2076 tunc
3245 2035 3386 2076 con-

1850 2114 2103 2175 donatio
2135 2113 2239 2172 illa
2279 2112 2356 2171 de
2387 2119 2644 2171 'excessu
2687 2113 3049 2170 censeretur
3079 2127 3241 2169 nova
3272 2108 3386 2169 do-

1851 2206 2019 2268 natio
2052 2205 2512 2284 quingenorum
2544 2202 2905 2277 solidorum,
2955 2220 3094 2281 quae
3122 2203 3382 2262 seorsim

1847 2318 1885 2360 a
1934 2296 2310 2377 praecedenti
2354 2314 2476 2355 non
2534 2295 2773 2372 indiget
2814 2294 3253 2368 insinuatione,
3314 2299 3384 2356 ut

1848 2391 2088 2452 notavit
2152 2390 2311 2450 bene
2366 2388 2655 2449 Rebellus
2724 2388 2891 2449 dicta
2956 2392 3175 2466 quaest.
3238 2405 3375 2450 vm.

1847 2488 2118 2639 nuffddcait
2146 2580 2356 2638 tamen
2387 2574 2554 2635 idem
2586 2593 2757 2635 num.
2782 2578 2841 2635 7.
2877 2573 2925 2634 si
2958 2574 3243 2650 donator,
3278 2574 3378 2634 vel

29 2432 57 2473 ἡ
80 2433 156 2474 ὼ,
203 2387 588 2447 confirmata
626 2390 807 2449 firma
833 2392 932 2465 sit,
969 2392 1156 2452 etiam
1186 2394 1422 2473 absque
1451 2395 1577 2454 ulla
1605 2395 1748 2455 insi-

28 2497 134 2573 qm:
202 2479 503 2539 nuatione
527 2481 738 2541 facta?
757 2485 805 2542 N
813 2490 1080 2561 egerunt
1099 2485 1247 2544 Bald
1259 2506 1349 2561 us,
1375 2487 1556 2546 etalii
1581 2488 1746 2567 apud

30 2552 106 2591 m

29 2599 90 2631 ,ιο
202 2572 416 2632 Molin.
453 2592 641 2634 num.
673 2577 732 2635 8.
766 2576 875 2635 sed
906 2578 1254 2638 communis
1276 2578 1410 2657 jam
1440 2582 1747 2641 sententia
3511 2587 3625 2647 157

33 4060 105 4117 ‘15ss

29 2652 158 2688 ΝΜ·
203 2666 500 2741 affirmat,
563 2685 757 2745 quam
805 2668 1033 2729 docent
1058 2671 1289 2731 Molina
1337 2672 1442 2748 ibi,
1500 2673 1745 2732 Lessius

204 2756 308 2816 ubi
335 2776 536 2835 supra
565 2778 677 2820 nu.
714 2763 848 2822 100.
878 2768 940 2822 et
966 2763 1070 2823 alii
1099 2765 1534 2840 communiter,
1569 2765 1744 2845 cujus

201 2849 430 2910 veritas
460 2856 528 2912 et
558 2853 848 2930 probatio
866 2854 1251 2916 desumenda
1276 2862 1369 2918 est
1389 2876 1461 2916 ex
1483 2858 1577 2934 iis,
1605 2877 1742 2938 qua:

202 2940 320 3003 late
349 2943 634 3005 diximus
664 2945 821 3025 disp.
857 2948 1126 3024 praeccd.
1174 2953 1323 3009 sect.
1359 2967 1494 3010 vm.
1547 2970 1741 3029 agen-

201 3038 292 3094 tes
323 3036 401 3096 de
432 3036 494 3095 vi
520 3056 717 3116 quam
739 3038 1168 3118 juramentum
1199 3041 1388 3102 habet
1415 3041 1496 3101 ad
1525 3045 1743 3103 confir-

204 3128 468 3191 mandes
497 3136 864 3194 contractus
894 3132 1326 3213 alioquinjure
1350 3134 1623 3197 humano
1653 3136 1740 3196 in-

205 3221 462 3297 validos,
495 3224 603 3283 vel
634 3225 933 3302 infirmOS,
975 3233 1033 3287 et
1061 3226 1329 3288 diximus
1351 3229 1412 3288 in
1446 3229 1563 3289 hoc
1593 3248 1740 3290 casu

207 3332 324 3373 non
369 3315 581 3375 solum
631 3317 776 3377 oriri
827 3319 1276 3397 obligationem
1322 3340 1395 3380 ex
1441 3322 1742 3400 religione

205 3411 455 3485 propter
476 3407 937 3486 juramentum,
993 3412 1102 3471 sed
1151 3413 1337 3473 etiam
1378 3432 1448 3472 ex
1473 3413 1736 3492 justitia,

206 3500 687 3580 confirmarique
718 3507 1104 3564 contractum
1135 3507 1339 3583 ipsum
1368 3510 1429 3568 et
1458 3507 1742 3568 donatio-

208 3610 342 3651 nem
371 3592 434 3650 in
468 3594 717 3654 ratione
738 3600 1117 3672 contractuS,
1154 3598 1236 3658 ita
1269 3602 1334 3659 ut
1354 3599 1594 3659 donans
1616 3619 1739 3660 non

208 3684 393 3760 possit
416 3686 664 3765 absque
712 3687 1013 3767 injustitia
1056 3709 1242 3768 agere
1290 3695 1506 3752 contra
1546 3693 1738 3753 dona·

207 3776 431 3836 tionem
461 3779 542 3838 ad
582 3780 751 3839 illam
782 3782 1258 3844 rescindendam
1311 3785 1389 3845 ob
1429 3786 1739 3846 defectum

207 3868 645 3932 insinuationis
690 3874 1028 3953 requisitae,
1089 3876 1266 3954 cujus
1314 3877 1624 3938 rationem
1657 3879 1740 3938 ibi

209 3959 324 4023 late
353 3965 794 4042 explicuimus,

283 4056 624 4118 Dubitatur
641 4063 837 4136 sexte,
864 4065 1072 4122 utrum
1092 4062 1423 4123 insinuatio
1443 4064 1740 4141 praedicta

43 4185 169 4227 mo„
213 4147 292 4206 ita
315 4149 390 4208 sit
421 4153 801 4228 necessaria,
853 4160 921 4214 ut
965 4173 1039 4213 ca
1086 4154 1435 4232 deficiente,
1487 4157 1744 4216 donata-

32 4251 175 4330 2:221}

51 4345 179 4384 «mim-
217 4338 414 4394 natam
446 4336 769 4397 retinere?
815 4340 882 4399 P.
915 4340 1145 4400 Molina
1176 4359 1346 4401 num.
1382 4344 1478 4401 21.
1529 4342 1739 4420 aliqua

215 4239 332 4299 rius
360 4260 482 4301 nou
516 4245 718 4322 possit
743 4250 877 4306 tuta
906 4247 1285 4308 conscientia
1325 4268 1457 4307 rem
1489 4249 1599 4308 sibi
1634 4249 1741 4309 do-

219 4427 384 4487 affert
406 4434 806 4506 argumenta,
843 4449 965 4490 non
997 4431 1159 4490 levia
1189 4432 1267 4491 ad
1302 4434 1740 4495 necessitatem

218 4519 600 4594 probandam
633 4540 647 4580 ε
684 4528 746 4582 et
773 4524 975 4582 Turri.
1010 4524 1170 4601 disp.
1205 4525 1471 4585 LXXIII.
1499 4525 1647 4585 dub.
1675 4543 1735 4587 v.

221 4627 317 4670 nu.
347 4615 405 4672 9..
457 4614 716 4673 tandem
750 4615 1082 4691 concludit,
1137 4616 1199 4675 in
1230 4618 1509 4696 quolibet
1546 4637 1740 4696 regno

220 4703 368 4763 serio
396 4705 795 4766 observanda
843 4725 974 4767 esse
1013 4709 1208 4768 verba
1239 4710 1391 4788 legis
1429 4711 1746 4789 requiren-

220 4794 290 4854 tis
317 4796 822 4859 insinuationem.
858 4801 1168 4861 Caeterum
1196 4803 1328 4881 ipse
1349 4803 1578 4863 Molina
1599 4822 1742 4863 cum

224 4886 345 4947 aliis
388 4895 592 4968 putat,
652 4909 777 4951 non
830 4910 963 4952 esse
1008 4894 1452 4971 obligationem
1503 4896 1563 4954 in
1608 4896 1740 4956 foro

223 4982 608 5045 conscientiae
664 4983 1030 5045 restituendi
1089 4987 1400 5063 donatori,
1463 4988 1560 5047 vel
1608 4986 1742 5066 ejus

227 5068 588 5152 haeredibuS,
651 5095 978 5156 quousque
1036 5079 1150 5157 ipsi
1210 5083 1515 5157 repetant.
1575 5080 1742 5159 quod

228 5164 400 5226 etiam
428 5172 649 5231 tenent
679 5169 891 5230 Rebel.
946 5170 1054 5230 ubi
1099 5189 1289 5249 supra
1319 5190 1423 5250 qu.
1459 5189 1596 5233 vm.
1634 5192 1738 5233 nu.

231 5256 284 5316 3.
310 5259 471 5321 Less,
505 5281 614 5323 nu.
649 5265 748 5323 99.
784 5265 846 5321 et
871 5263 974 5322 alii
1012 5282 1025 5323 :
1061 5265 1230 5341 quod
1257 5265 1408 5323 mihi
1437 5265 1624 5325 ctiam
1655 5284 1746 5325 sa·

231 5348 301 5407 tis
322 5354 639 5428 probabile
670 5353 921 5414 videtur
954 5375 967 5415 :
1018 5357 1186 5434 quia,
1221 5357 1526 5436 quidquid
1557 5358 1636 5418 sit
1665 5357 1744 5418 de

237 5449 422 5505 mente
451 5446 901 5526 legislatorum,
963 5466 1085 5508 non
1131 5449 1309 5509 aliter
1353 5449 1601 5510 videtur
1645 5451 1744 5510 lex

237 5531 327 5593 illa
360 5557 467 5599 usn
509 5544 788 5621 recepta,
852 5559 1054 5622 neque
1112 5560 1390 5624 unquam
1434 5543 1742 5604 donatarii

1845 2671 1979 2751 ejus
2038 2670 2320 2729 haeredes
2364 2670 2563 2734 sciant
2604 2667 3031 2745 probabiliter,
3093 2668 3376 2729 donatio-

1845 2783 1987 2824 nem
2017 2764 2255 2842 absque
2288 2762 2345 2821 vi
2376 2766 2437 2822 et
2466 2761 2683 2821 fraude
2724 2760 2951 2820 factam
2993 2760 3201 2836 fuisse,
3247 2778 3372 2821 non

1843 2876 2025 2936 posse
2056 2857 2221 2935 ipsos
2250 2855 2414 2915 licite
2431 2858 2712 2933 repetere
2744 2853 3123 2925 adonatario
3154 2854 3233 2914 ob
3264 2854 3372 2913 de·

1841 2951 2073 3010 fectum
2103 2946 2560 3022 insinuationis,
2613 2951 2677 3007 et
2703 2945 2823 3006 hoc
2852 2945 3093 3006 etiamsi
3133 2948 3373 3026 amplc-

1843 3046 2090 3102 ctautur
2119 3040 2491 3102 sententiam
2507 3039 2908 3115 contrariam,
2944 3039 3109 3118 quod
3141 3040 3377 3103 scilicet

1843 3136 2122 3196 detectus
2165 3132 2599 3194 insinuationis
2647 3132 2822 3194 vitiet
2863 3137 2925 3194 et
2952 3132 3151 3195 irritet
3178 3134 3372 3194 dona-

1841 3229 2072 3290 tionem
2105 3228 2292 3287 etiam
2341 3227 2401 3286 in
2447 3225 2847 3286 conscicntia.
2910 3226 3083 3298 Quod
3123 3228 3371 3305 probat,

1841 3322 1988 3400 quia
2016 3321 2114 3380 lex
2130 3321 2235 3379 illa
2256 3320 2494 3380 irritam
2512 3319 2782 3379 reddens
2803 3318 3206 3379 donationem
3234 3320 3376 3380 fun-

1842 3415 2026 3474 datur
2061 3413 2122 3473 in
2171 3413 2655 3492 praesumptione
2699 3410 2936 3470 fraudis
2976 3412 3073 3471 vel
3110 3416 3314 3473 metus
3357 3432 3371 3472 t

1841 3525 2035 3587 quare
2075 3506 2123 3566 si
2166 3505 2448 3567 donatori
2507 3507 2748 3565 constet
2789 3504 2866 3564 de
2906 3503 3188 3580 veritate,
3250 3523 3376 3565 non

1842 3600 2071 3678 poterit
2108 3600 2285 3660 locus
2324 3618 2457 3659 esse
2498 3594 3001 3677 praesumptioni,
3049 3598 3158 3657 sed
3191 3597 3378 3659 debet

1841 3693 2242 3753 donationem
2275 3696 2343 3752 ut
2370 3691 2642 3750 validam
2675 3691 3001 3751 sustinere.

1921 3787 2050 3844 Hoc
2081 3790 2288 3845 tamen
2321 3788 2535 3843 contra
2569 3782 2849 3844 omnium
2866 3801 3118 3842 sensum
3141 3782 3377 3843 dictum

1842 3882 1954 3953 est,
1992 3896 2174 3937 nemo
2205 3876 2369 3936 enim
2399 3876 2463 3935 id
2494 3876 2726 3951 docuit,
2762 3894 2877 3935 nec
2905 3875 2966 3934 in
2998 3875 3172 3953 praxi
3204 3894 3378 3935 secu-

1795 3972 1800 3977 ’
1843 3975 1940 4031 tus
1983 3973 2097 4044 est,
2147 3972 2215 4028 ut
2253 3971 2513 4030 testatur
2540 3967 2773 4028 Molina
2814 3967 2983 4028 dicta
3024 3967 3183 4046 disp.
3227 3971 3371 4029 278.

1842 4080 2013 4121 num.
2042 4065 2141 4121 22.
2176 4062 2285 4121 sed
2317 4080 2530 4120 omnes
2564 4061 2883 4140 utriusque
2911 4061 3234 4121 sententias
3266 4061 3377 4122 do-

1843 4159 2043 4214 ctores
2091 4153 2386 4230 fatentur,
2440 4172 2621 4231 posse
2666 4153 3038 4214 donatorem
3081 4154 3248 4213 licite
3276 4173 3377 4213 re-

1842 4252 2054 4324 petere
2086 4265 2408 4306 excessum
2439 4245 2571 4305 sine
2603 4246 3018 4306 insinuatione
3050 4247 3373 4323 donatum,

1843 4339 1920 4397 ad
1955 4339 2143 4417 idque
2174 4338 2393 4399 saltem
2426 4358 2499 4398 ex
2542 4339 2681 4416 lege
2725 4339 2829 4418 jus
2876 4339 3131 4399 habere.
3193 4339 3373 4411 Quod

1839 4450 2056 4490 rursus
2086 4431 2411 4509 probatur,
2448 4431 2596 4510 quia
2625 4431 2672 4491 si
2705 4433 2906 4492 solum
2937 4437 3191 4510 propter
3220 4451 3378 4511 prae-

1841 4524 2259 4602 sumptionem
2292 4524 2529 4583 fraudis
2559 4530 2668 4586 aut
2696 4533 2897 4586 metus
2930 4525 3377 4586 concederetur

1840 4616 2150 4694 repetitio,
2200 4634 2322 4676 non
2354 4621 2562 4693 posset
2583 4616 2775 4696 judex
2808 4618 2977 4676 illam
3007 4618 3374 4694 concedere,

1842 4709 1892 4769 si
1924 4709 2193 4769 donator
2219 4710 2352 4786 ipse
2374 4710 2792 4787 interrogatus
2823 4712 3124 4772 fateretur
3151 4731 3217 4770 se
3246 4711 3380 4771 abs·

1843 4820 1964 4880 que
1994 4801 2056 4861 vi
2088 4801 2183 4860 vel
2212 4801 2431 4860 fraude
2463 4801 2728 4862 donasse
2762 4822 2775 4862 :
2811 4803 3015 4863 nullus
3044 4808 3254 4863 autem
3276 4801 3378 4882 ju-

1843 4895 1962 4954 dex
2007 4893 2125 4953 hoc
2170 4894 2449 4972 inquirit,
2512 4912 2714 4972 neque
2765 4895 3006 4955 etiamsi
3056 4896 3118 4954 id
3165 4895 3372 4968 sciret,

1843 4989 2102 5065 negaret
2128 4986 2563 5064 repetitionem
2610 4986 2689 5046 ob
2737 4987 3170 5048 insinuationis
3212 4987 3379 5048 dese-

1842 5084 2011 5140 ctum
2041 5079 2325 5156 petitam.
2362 5081 2497 5144 Non
2519 5097 2668 5156 ergo
2700 5084 2793 5140 est
2821 5080 2922 5139 illa
2955 5079 3285 5158 adaequata
3316 5084 3380 5141 et

1843 5171 2027 5230 unica
2058 5171 2216 5232 ratio
2268 5171 2407 5231 talis
2454 5170 2857 5232 invaliditatis
2903 5172 2967 5231 in
3016 5171 3373 5249 donatione,

1843 5264 2014 5343 quod
2044 5265 2214 5323 fraus
2244 5269 2353 5325 aut
2381 5264 2474 5324 vis
2495 5269 2913 5342 praesumatur
2941 5265 3047 5324 sed
3080 5265 3267 5325 etiam
3297 5264 3375 5325 ad

1844 5357 2299 5418 consulendum
2332 5356 2752 5435 prodigalitati
2785 5356 2846 5415 in
2886 5357 3152 5436 profusis
3183 5357 3381 5418 dona-

1843 5450 2139 5525 tionibuS‚
2174 5450 2400 5528 quibus
2428 5449 2710 5508 homines
2738 5449 3167 5526 imprudentes
3196 5451 3377 5510 facile

1845 5544 2372 5625 depauperantur.
2411 5542 2616 5618 Quare
2646 5541 2806 5603 sicut
2834 5543 3061 5622 minor,
3094 5544 3241 5606 licet
3266 5560 3378 5606 suo

3448 2710 3514 2753 Au
3534 2710 3708 2755 domim·

3479 2766 3609 2819 possit
3628 2766 3669 2808 iu

3456 2819 3709 2863 conscientia

3470 2875 3676 2927 repetere.
