4263 6376
596 1357 706 1415 241

520 1482 655 1545 Prima
673 1494 782 1524 um-

526 1549 622 1578 raru
650 1548 769 1589 poena

521 1596 584 1632 est
604 1590 770 1633 iufamia

577 5177 693 5234 244

506 5300 621 5352 Quod
657 5301 747 5354 ejus

405 5396 427 5408 θ
505 5354 734 5396 oblationes

602 5420 613 5448 ι
644 5419 669 5448 n

497 5461 765 5514 recipiantur.

844 343 963 401 258

844 516 1059 578 ticu10.
1091 518 1280 578 Extra
1307 517 1481 578 illum
1511 516 1701 577 etiam
1730 515 2083 591 articulum,
2119 514 2370 600 quando

844 609 918 669 fit
943 627 1153 670 coram
1183 611 1505 672 sacerdote
1550 615 1612 671 et
1651 609 1913 670 testibus
1957 608 2227 687 publice,
2288 609 2373 669 ita

845 702 1004 762 utin
1032 702 1300 781 plurium
1332 703 1613 764 notitiam
1658 702 1998 776 devenerit,
2061 702 2376 761 affirmant

846 794 950 853 alii
977 794 1142 872 apud
1173 794 1463 856 eumdem
1495 795 1670 856 Salas
1714 813 1819 853 nu.
1852 797 1911 853 4.
1956 794 2063 872 qui
2089 793 2249 854 bene
2281 793 2374 851 in-

844 886 983 961 fert,
1040 886 1209 946 idem
1240 906 1396 965 esse,
1462 888 1609 947 licet
1638 905 1762 947 non
1791 886 1901 946 fiat
1928 904 2142 946 coram
2173 905 2374 947 sacer-

845 978 1011 1054 dote,
1065 985 1176 1040 aut
1203 980 1468 1056 notari0‚
1530 979 1577 1039 si
1610 984 1820 1040 tamen
1864 978 1927 1037 in
1960 978 2374 1056 plurimorum

844 1070 1127 1131 notitiam
1155 1073 1416 1149 venerit,
1468 1073 1602 1150 jam
1647 1072 1812 1131 enim
1852 1090 1927 1131 ex
1971 1072 2223 1150 proprio
2268 1088 2374 1130 ore

843 1182 941 1223 res
969 1163 1299 1225 manifesta
1329 1169 1392 1226 et
1422 1165 1666 1226 notoria
1685 1164 1849 1224 facta
1871 1167 1985 1224 est.
2021 1164 2127 1223 His
2151 1181 2375 1243 suppo-

844 1256 1000 1318 sitis.

920 1349 1129 1409 Prima
1158 1367 1345 1427 poena
1373 1349 1638 1410 usurarii
1672 1348 1896 1411 notorii
1936 1353 2049 1423 est,
2098 1347 2267 1427 quod
2297 1348 2378 1410 sit

844 1441 1092 1501 infamis
1121 1442 1162 1501 l.
1196 1440 1530 1521 Improbum
1553 1443 1762 1522 foenns,
1813 1443 1880 1503 C.
1915 1440 2120 1521 quibus
2149 1459 2223 1500 ea:
2249 1460 2379 1500 cau-

843 1533 920 1593 sis
950 1533 1155 1613 infant.
1189 1533 1374 1613 irroq.
1409 1553 1462 1595 c.
1497 1534 1774 1615 InfameS,
1809 1551 1900 1594 111.
1937 1553 1998 1612 q.
2031 1538 2090 1594 7.
2126 1552 2182 1594 c.
2216 1533 2380 1593 Inter

845 1626 1101 1702 dalet-103,
1135 1626 1210 1686 de
1241 1628 1596 1687 excessibus
1626 1628 2051 1705 praelatorum.
2101 1629 2197 1686 An
2228 1645 2376 1687 vero

845 1718 980 1779 haec
1009 1738 1193 1797 poena
1224 1719 1609 1797 intelligatur
1638 1721 1839 1780 solum
1882 1719 1958 1778 de
1990 1737 2212 1779 usuras
2237 1717 2378 1797 jure

845 1812 1009 1872 civili
1038 1811 1383 1891 prohibitas
1435 1813 1743 1891 exigente,
1806 1812 1997 1891 aliqui
2035 1812 2372 1872 affirmant.

842 1905 1204 1967 Communis
1228 1909 1440 1965 tamen
1471 1905 1800 1965 doctorum
1831 1904 2142 1965 sententia
2168 1904 2373 1980 docet,

845 2016 1063 2060 omnes
1095 1998 1409 2059 usurarios
1439 1998 1911 2076 comprehendi,
1947 1996 2242 2077 quiajam
2277 1997 2382 2057 ho·

846 2092 946 2151 die
978 2109 1194 2151 omnes
1249 2109 1453 2150 usuras
1510 2089 1839 2168 prohibitae
1883 2093 2047 2161 sunt,
2099 2094 2161 2149 et
2188 2107 2381 2167 poena

846 2184 948 2243 illa
980 2182 1269 2259 imposita
1316 2187 1410 2243 est
1437 2201 1658 2242 usuras
1706 2181 2051 2260 prohibitas
2077 2182 2374 2259 exigenti,

846 2280 916 2335 ut
965 2292 1107 2335 cum
1138 2274 1295 2349 aliis,
1357 2293 1514 2354 quos
1541 2275 1829 2351 afferunt,
1891 2274 2119 2334 docent
2148 2274 2381 2335 Melina

847 2367 1007 2444 disp.
1041 2370 1178 2428 334.
1215 2372 1277 2427 et
1305 2367 1430 2428 Sal.
1465 2367 1613 2427 dub.
1648 2383 1835 2428 nvn.

921 2460 1211 2521 Secunda
1238 2477 1427 2537 prena
1455 2464 1569 2534 est,
1604 2460 1772 2538 quod
1804 2477 1925 2519 non
1950 2460 2145 2537 possit
2171 2477 2381 2520 sacros

756 2606 796 2638 ·-
844 2553 1094 2613 ordines
1117 2553 1415 2630 recipere,
1454 2571 1529 2611 ex
1545 2570 1637 2612 ca.
1661 2551 1963 2628 Mrm‘tam,
1990 2553 2204 2612 XXIII.
2232 2552 2373 2613 dist.

679 2672 704 2700 ο
755 2661 795 2702 i-
845 2664 982 2724 cap.
1017 2645 1460 2715 Seditionarae‘osr.
1508 2661 1671 2706 xnu.
1706 2645 1849 2705 dist.
1883 2663 1938 2705 c.
1973 2644 2251 2724 Infantes,
2288 2662 2374 2706 vt.

765 2735 792 2745 ⁶
845 2757 951 2819 qu.
986 2755 1029 2800 1.
1076 2744 1138 2799 et
1193 2756 1336 2799 cum
1381 2738 1517 2798 aliis
1575 2742 1750 2799 notat
1779 2738 1954 2799 Salas
2008 2738 2175 2799 dicto
2224 2738 2373 2799 dub.

769 2851 782 2863 ·
842 2847 1031 2892 xtvu.
1066 2850 1128 2891 n.
1166 2834 1224 2891 2.

923 2924 1134 2985 Tertia
1161 2941 1348 3001 poena
1378 2922 1586 2983 clerici
1618 2922 1885 2983 usurarii
1915 2922 2229 2984 manifesti
2259 2928 2374 3000 est,

844 3015 1356 3094 suspendendum
1403 3033 1537 3075 esse
1566 3015 1647 3076 ab
1703 3015 1907 3075 officio
1939 3019 2000 3076 et
2045 3016 2373 3092 beneficiO,

843 3127 983 3188 cap.
1021 3109 1337 3183 Praeterea,
1370 3106 1440 3168 de
1467 3107 1677 3184 usuris,
1727 3126 1851 3168 non
1883 3112 1978 3169 est
1999 3112 2209 3167 autem
2241 3126 2376 3168 sus-

843 3203 1061 3283 pensio
1092 3202 1227 3281 ipso
1257 3200 1445 3278 fact0,
1497 3201 1608 3262 sed
1645 3201 2048 3279 imponenda.
2110 3203 2240 3261 Imo
2270 3201 2379 3261 de-

843 3295 1203 3374 ponendum
1228 3313 1361 3355 esse
1390 3294 1470 3354 ab
1491 3294 1695 3354 officio
1728 3299 1789 3355 et
1808 3292 2112 3354 beneficio
2135 3293 2374 3370 habim,

841 3388 1077 3467 colligit
1103 3387 1246 3449 Mol.
1298 3405 1442 3447 cum
1493 3386 1629 3446 aliis
1659 3405 1734 3445 ex
1762 3404 1900 3464 cap.
1936 3402 1978 3446 1.
2026 3385 2095 3446 de
2120 3404 2282 3446 usur.
2318 3390 2380 3447 et

842 3498 897 3543 c.
933 3480 1162 3561 Siquis
1202 3479 1434 3556 oblitus,
1487 3484 1549 3540 et
1577 3497 1630 3540 c.
1665 3478 1936 3559 quoniam
1967 3478 2159 3554 multi,
2212 3480 2372 3540 XIV.

840 3593 903 3654 q.
938 3591 980 3634 1.
1016 3578 1078 3634 et
1104 3591 1158 3634 c.
1194 3590 1237 3634 1.
1270 3577 1369 3634 47.
1404 3571 1548 3631 dist.
1583 3576 1645 3631 et
1673 3571 2101 3649 repellendum
2131 3589 2266 3631 esse
2297 3571 2377 3632 ab

842 3665 1205 3741 obtinendO,
1243 3684 1316 3725 ex
1345 3684 1401 3726 c.
1428 3664 1591 3724 Inter
1609 3663 1867 3738 dilecmS,
1901 3663 1971 3724 de
1989 3683 2201 3724 excess.
2222 3682 2377 3744 prce·

841 3757 1115 3834 latorum,
1161 3762 1223 3818 et
1249 3776 1344 3818 ca.
1376 3756 1447 3817 de
1471 3756 1673 3831 Petra,
1708 3758 1942 3819 XLVII.
1970 3756 2113 3817 dist.
2149 3761 2211 3817 et
2238 3775 2372 3835 reg.

838 3850 1185 3932 Insamz'bus,
1221 3850 1298 3909 de
1328 3869 1454 3929 req.
1473 3849 1607 3929 jur.
1641 3848 1750 3908 lib.
1785 3865 1870 3909 νῐ.

919 3945 1151 4018 Quarta
1182 3961 1370 4021 poena
1399 3947 1515 4017 est,
1551 3945 1620 4002 ut
1649 3941 1729 4001 ad
1751 3940 2260 4001 communionem
2297 3940 2381 4000 al-

838 4037 989 4097 taris
1021 4055 1142 4097 non
1189 4035 1580 4110 admittatur,
1633 4053 1707 4093 ex
1736 4036 1925 4095 Conc.
1961 4035 2166 4094 Later.
2222 4033 2281 4092 in
2316 4052 2369 4094 c.

843 4130 990 4205 Quia
1017 4129 1078 4188 in
1095 4128 1375 4203 omnibus,
1412 4125 1482 4187 de
1499 4126 1711 4203 usur-123,
1748 4127 1915 4206 quod
1937 4125 2128 4205 aliqui
2153 4125 2375 4186 intelli-

836 4227 1013 4301 gunt,
1047 4225 1115 4282 ut
1143 4239 1180 4280 a
1208 4220 1512 4282 sacrificio
1544 4221 1733 4281 etiam
1761 4219 1965 4279 missae
1989 4219 2369 4296 expellatur3

836 4315 947 4375 sed
976 4313 1228 4390 MOIIna,
1264 4313 1462 4388 SalaS,
1510 4316 1572 4373 et
1599 4313 1701 4372 alii
1733 4311 2171 4387 communiter,
2217 4329 2374 4390 quos

837 4409 1126 4481 afferunt,
1185 4405 1541 4483 intelligunt
1595 4404 1672 4464 de
1728 4405 1862 4465 sola
1930 4404 2373 4464 communione

836 4498 1255 4560 eucharistiae.
1291 4497 1470 4559 Unde
1501 4497 1812 4558 immerito
1845 4499 1928 4559 Sa
1957 4497 2131 4557 verb.
2168 4516 2368 4573 usura,

835 4612 897 4654 n.
929 4597 965 4653 7
975 4638 990 4653 .
1025 4592 1199 4667 dixit,
1253 4590 1333 4650 ad
1364 4591 1604 4650 nullum
1651 4595 2115 4651 sacramentum
2147 4590 2375 4651 admit-

832 4686 1096 4748 tendum
1126 4702 1263 4744 esse
1309 4687 1454 4743 ante
1499 4683 2014 4760 satisfactionem,
2066 4682 2166 4742 vel
2195 4683 2369 4743 suffi-

831 4779 1101 4839 cientem
1155 4776 1511 4837 cautionem
1537 4823 1552 4853 ,
1613 4776 1781 4855 quod
1839 4776 2026 4837 etiam
2083 4774 2374 4836 dixerunt

825 4872 1025 4934 Tolet.
1061 4870 1168 4932 lib.
1205 4871 1278 4930 V.
1333 4868 1484 4928 Sum
1531 4886 1669 4947 cap.
1705 4885 1913 4929 xxxvl.
1968 4873 2029 4929 et
2057 4870 2371 4927 Navarrus

824 4982 962 5043 cap.
996 4979 1151 5024 xvu.
1188 4980 1249 5022 n.
1286 4965 1423 5023 279.
1476 4962 1600 5023 Sed
1632 4980 1706 5022 ex
1738 4961 1907 5021 nullo
1938 4964 2111 5021 textu
2139 4959 2203 5019 id
2233 4979 2371 5038 pro-

823 5058 997 5118 bant

902 5149 1132 5224 Quinta
1164 5166 1351 5227 poena
1378 5151 1493 5222 est,
1548 5149 1617 5206 ut
1645 5144 1989 5206 oblationes
2013 5144 2073 5203 in
2109 5144 2374 5204 ecclesia

822 5244 901 5303 ab
931 5261 1004 5303 eo
1034 5261 1162 5302 non
1198 5240 1611 5318 accipiantur,
1656 5257 1729 5298 ex
1760 5236 1925 5297 dicto
1956 5255 2094 5315 cap.
2136 5237 2283 5311 Quia
2314 5238 2372 5296 in

821 5335 1123 5410 omnibus;
1179 5333 1391 5394 clerici
1419 5350 1567 5392 vero
1600 5330 1976 5409 accipientes
2015 5330 2365 5390 oblationes

825 5429 904 5488 de
935 5428 1072 5508 ejus
1102 5426 1396 5486 manibus
1425 5425 1755 5485 restituere
1800 5427 2114 5500 tenentur,
2173 5426 2237 5485 et
2265 5442 2369 5482 ca-

823 5527 965 5583 rent
993 5519 1359 5582 executione
1382 5535 1642 5577 suorum
1671 5533 2026 5592 munerum,
2058 5516 2261 5576 donec
2290 5516 2370 5575 ad

2000 341 2100 399 DE
2152 338 2504 401 JUSTITIA
2550 339 2650 399 ΕΤ
2692 340 2890 400 JURE

2474 514 2798 574 arbitrium
2816 514 3090 593 episcopi
3113 515 3518 593 satisfaciant,
3545 536 3735 596 quam
3753 535 3999 597 poenam

2471 607 2605 685 ipso
2636 607 2798 668 facto
2846 626 2980 667 esse
3012 608 3367 687 intelligunt
3395 610 3688 671 doctores
3730 629 4005 672 commu-

2474 699 2654 759 niter.
2710 702 2975 760 Possunt
3003 706 3213 761 tamen
3244 703 3322 762 ab
3352 702 3456 763 illo
3488 704 3693 782 accipi
3720 705 3998 777 decimae,

2474 796 2659 869 atque
2688 792 2827 852 aliae
2858 794 3045 852 etiam
3077 793 3513 873 eleemosynae,
3566 814 3679 873 per
3702 814 3859 875 quas
3885 814 4001 856 non

2472 884 2584 945 fiat
2610 884 2899 945 inhabilis
2932 884 3010 944 ad
3043 887 3460 947 restituendas
3489 907 3733 961 usurae,
3770 893 3843 949 ut
3867 907 4002 948 eum

2473 976 2610 1037 aliis
2639 977 2927 1037 concedit
2955 978 3133 1038 Salas
3164 997 3227 1038 n.
3258 984 3320 1039 7.

2549 1070 2737 1130 Sexta
2765 1088 2953 1148 poena
2980 1074 3093 1146 est,
3130 1076 3197 1132 ut
3222 1072 3275 1131 si
3304 1072 3364 1132 in
3396 1091 3470 1133 eo
3502 1078 3759 1151 peccato
3792 1073 4007 1134 deces-

2476 1161 2644 1236 serit,
2703 1167 2917 1223 careat
2941 1162 3361 1224 ecclesiastica
3396 1166 3737 1242 sepultura,
3797 1171 3862 1226 et
3903 1166 4007 1245 qui

2476 1272 2619 1313 eum
2648 1254 2711 1312 in
2737 1253 2875 1315 loco
2905 1272 3082 1315 sacro
3130 1256 3468 1334 sepelierit,
3528 1258 3610 1319 sit
3642 1276 4001 1336 suspensus,

2476 1346 2676 1406 donec
2729 1346 2985 1408 arbitrio
3042 1347 3317 1426 episcopi
3371 1349 3763 1427 satisfecerit,
3826 1369 3900 1410 ex
3941 1350 4002 1411 d.

2477 1458 2614 1517 cap.
2651 1439 2800 1512 Quia
2828 1438 2888 1497 in
2916 1439 3195 1513 omnibus,
3231 1459 3421 1519 quam
3449 1442 3639 1502 etiam
3659 1443 4009 1521 suspensio·

2478 1550 2622 1592 nem
2652 1532 2785 1610 ipso
2815 1533 2980 1593 facto
3033 1551 3168 1592 esse
3196 1533 3554 1612 intelligunt
3593 1538 4010 1596 communiter

2477 1624 2788 1685 doctores„
2849 1623 3150 1686 Additum
3195 1631 3418 1705 postea
3464 1632 3580 1702 est,
3639 1627 3704 1687 in
3747 1629 4006 1689 concilio

2476 1717 2765 1795 Lugdun.
2815 1718 3012 1779 relato
3043 1718 3106 1777 in
3137 1719 3437 1780 Clement.
3475 1721 3497 1780 1
3572 1719 3640 1779 de
3677 1720 4005 1801 sepulturis,

2478 1814 2547 1870 ut
2573 1810 2679 1888 qui
2708 1810 3111 1870 manifestum
3143 1812 3502 1871 usurarium
3542 1812 3814 1874 scienter
3839 1832 4011 1891 sepe·

2478 1902 2589 1962 lire
2621 1903 3108 1981 praesumpserit,
3141 1904 3221 1964 sit
3245 1904 3379 1982 ipso
3402 1906 3565 1966 facto
3587 1907 4010 1966 excommnni-

2478 2001 2673 2071 catus»,
2726 2014 2842 2055 nec
2870 1996 3254 2073 absolvatur,
3303 1996 3504 2058 donec
3547 1999 3822 2079 episcopi
3850 1998 4012 2058 arbi-

2478 2087 2598 2148 trio
2630 2087 3021 2150 satisfecerit.
3075 2089 3350 2167 Sepelire
3381 2095 3591 2151 autem
3619 2091 4005 2169 intelligitur,

2479 2198 2600 2239 non
2632 2180 2832 2240 solum
2865 2181 3120 2258 vespillo
3152 2182 3259 2260 qui
3287 2183 3559 2243 tumulat
3577 2184 3871 2260 cadaver,
3902 2182 4008 2242 sed

2478 2273 2669 2332 etiam
2700 2274 2807 2351 qui
2837 2273 3041 2334 officio
3073 2274 3412 2352 sepulturas
3440 2282 3688 2354 praeest,
3734 2281 3804 2337 ut
3831 2293 4010 2353 paro-

2478 2364 2655 2441 chus,
2709 2365 2835 2425 imo
2865 2371 2928 2426 et
2954 2366 3162 2427 clerici
3198 2368 3324 2443 alii,
3385 2375 3445 2428 et
3476 2369 3583 2447 qui
3629 2387 3846 2430 cereos
3874 2387 4010 2448 por·

2479 2462 2634 2534 tant,
2696 2463 2765 2519 ut
2792 2477 2935 2518 cum
2985 2460 3121 2519 aliis
3153 2460 3337 2520 docet
3366 2462 3544 2522 Salas
3601 2480 3663 2522 n.
3694 2464 3752 2522 9.
3815 2462 4009 2540 quiid

2480 2549 2758 2611 extendit
2783 2550 2863 2610 ad
2895 2552 3262 2612 comitantes
3291 2552 3514 2625 funus;
3563 2553 3643 2613 de
3673 2553 3897 2632 quibus
3926 2559 4012 2613 ta-

2478 2661 2624 2702 men
2672 2643 2735 2702 id
2767 2649 2956 2721 negat
2983 2646 3152 2704 Les5.
3204 2644 3355 2705 dub.
3387 2661 3542 2706 ΧΧΠ.
3579 2665 3641 2706 n.
3680 2648 3811 2708 188.
3864 2647 4009 2725 quia

2478 2734 2543 2794 hi
2573 2753 2697 2795 non
2724 2738 2974 2814 proprie
3003 2737 3333 2814 sepeliunt,
3384 2737 3497 2797 sed
3527 2738 3732 2797 funeri
3760 2739 4008 2799 honoris

2479 2845 2669 2887 causa
2697 2827 2968 2889 adstant.
3029 2829 3297 2889 Facilius
3326 2829 3389 2889 id
3436 2831 3760 2891 fatendum
3790 2832 3906 2891 erit
3931 2832 4006 2891 de

2478 2920 2871 2998 portantibus
2891 2921 3184 2998 cadaver,
3217 2922 3321 3000 qui
3344 2923 3547 3002 magis
3566 2923 3861 2985 videntur
3872 2942 4005 2985 coo-

2478 3014 2685 3091 perari
2714 3013 2916 3073 funeri
2947 3017 3009 3075 et
3036 3014 3397 3093 sepulturas.

2557 3106 2796 3166 Deinde
2827 3106 2889 3166 in
2918 3124 2973 3167 c.
3012 3107 3396 3188 Quamquam,
3455 3107 3526 3168 de
3552 3127 3715 3171 usur.
3772 3109 3879 3170 lib.
3913 3127 3993 3170 Π.

2478 3200 2751 3276 additur,
2787 3205 2855 3261 ut
2882 3200 3029 3262 licet
3048 3202 3368 3262 usurarius
3390 3203 3453 3262 in
3476 3220 3589 3264 suo
3613 3208 3993 3277 testamenta,

2476 3292 2576 3353 vel
2606 3294 2786 3353 aliter
2841 3294 3246 3372 praecepisset
3299 3313 3521 3355 usuras
3562 3297 3831 3372 restitui,
3888 3314 3997 3356 non

2478 3385 2816 3462 sepeliatur
2844 3385 2906 3443 in
2936 3386 3072 3445 loco
3118 3404 3322 3462 sacr0,
3375 3386 3579 3447 donec
3610 3406 3725 3466 pro
3756 3388 3999 3449 faculta-

2476 3482 2610 3537 tum
2663 3478 2893 3538 viribus
2941 3478 3328 3540 satisfactum
3356 3480 3566 3556 fuerit,
3616 3482 3717 3540 vel
3764 3486 3997 3542 cautum

2479 3571 2862 3631 sufficienter
2888 3571 3322 3646 creditoribuS‚
3382 3572 3481 3632 vel
3510 3591 3734 3633 eorum
3764 3574 3997 3634 nomine

2476 3662 2613 3723 aliis
2643 3663 2922 3740 personis
2952 3663 3035 3722 ibi
3067 3664 3423 3740 nominatis,
3457 3671 3695 3726 etcum
3723 3667 4003 3726 solemni-

2476 3755 2710 3817 tatibus
2739 3756 3066 3833 expressiS,
3103 3760 3165 3816 et
3192 3756 3465 3833 additur,
3500 3757 3548 3816 si
3578 3758 3855 3837 religiosi
3874 3776 4003 3818 eum

2475 3847 2556 3908 ad
2586 3848 2971 3925 sepulturam
3020 3849 3200 3909 aliter
3244 3849 3635 3927 admiserint,
3695 3852 4008 3912 incurrant

2475 3941 2949 4018 suspensionem
3010 3947 3308 4003 statutam
3357 3943 3419 4002 in
3468 3942 3637 4005 dicto
3684 3963 3825 4024 cap.
3872 3945 4007 4020 Quia

2476 4033 2535 4092 in
2588 4032 2866 4094 omnibus,
2930 4033 3050 4094 Ubi
3102 4039 3283 4110 nota,
3342 4036 3627 4096 Lessium
3670 4038 3776 4097 ubi
3833 4055 4009 4116 supra

2476 4125 2761 4186 dubitare
2792 4171 2808 4201 ,
2897 4144 2975 4185 an
3043 4128 3350 4203 praedicta
3409 4131 4001 4205 excommunicatio,

2475 4222 2538 4278 et
2592 4218 2759 4277 idem
2814 4218 3061 4280 videtur
3116 4218 3326 4279 dicere
3387 4221 3465 4280 de
3520 4221 3692 4282 dicta
3760 4242 4006 4302 suspen·

2473 4311 2679 4385 sione,
2748 4311 3164 4389 praerequirat
3222 4312 3578 4390 specialiter
3640 4316 4006 4378 sententiam

2473 4402 3071 4480 condemnatoriam,
3105 4404 3204 4463 vel
3232 4405 3716 4467 declaratoriam
3737 4407 4007 4468 criminis

2472 4495 2535 4555 in
2577 4496 2931 4555 usurarium
2960 4497 3141 4573 lataS,
3172 4501 3433 4577 propter
3459 4500 4002 4578 Extravagantem,

2473 4587 2581 4649 Ad
2623 4586 2916 4649 evitanda.
2977 4589 3099 4650 Sed
3157 4589 3499 4661 immerito,
3556 4593 3708 4672 quia
3755 4593 3855 4653 hic
3888 4611 4005 4652 non

2476 4680 2845 4760 prohibetur
2872 4682 3212 4759 sepultura,
3257 4701 3330 4743 eo
3362 4685 3530 4762 quod
3558 4685 3639 4744 sit
3665 4684 4003 4745 communi·

2473 4774 2633 4834 catio
2665 4774 2977 4852 prohibita
3006 4793 3148 4835 cum
3180 4778 3463 4837 usurario
3486 4781 3789 4856 tanquam
3819 4778 4000 4857 ligato

2471 4867 2681 4945 aliqua
2701 4886 2985 4943 censura,
3019 4867 3127 4928 sed
3160 4871 3254 4929 est
3282 4886 3472 4946 poena
3499 4870 3787 4947 specialis
3816 4871 3996 4948 impo-

2472 4960 2587 5020 sita
2637 4959 2882 5020 crimini
2930 4979 3157 5034 usurae,
3219 4961 3298 5020 ad
3355 4962 3535 5041 cujus
3578 4963 3989 5024 executionem

2472 5052 2880 5130 imponuntur
2908 5071 3187 5114 censurae
3218 5054 3357 5114 aliis
3387 5056 3693 5133 personis,
3728 5055 3986 5116 Adverte

2473 5145 2685 5220 etiam,
2743 5145 3202 5206 restitutionem
3248 5145 3603 5207 faciendam
3660 5145 3983 5208 necessario

2472 5242 2616 5297 ante
2641 5238 3027 5315 sepulturam
3059 5257 3193 5299 esse
3223 5240 3391 5300 circa
3418 5259 3662 5316 usuras,
3704 5259 3819 5301 non
3844 5253 3980 5297 vero

2471 5329 2637 5390 circa
2654 5330 2953 5390 damnum
2976 5349 3302 5409 emergens
3322 5334 3735 5408 mutuatarii5‚
3764 5326 3976 5410 siquod

2471 5422 2630 5484 forte
2662 5422 2735 5482 iis
2764 5424 3230 5485 resarciendum
3260 5424 3399 5501 erit,
3451 5431 3523 5487 ut
3564 5445 3708 5487 cum
3733 5424 3855 5486 aliis
3876 5421 3979 5482 ob-

2474 5520 2683 5576 servat
2713 5516 2890 5578 Salas
2923 5535 2984 5577 n.
3018 5519 3079 5578 9.

4046 1215 4128 1375 εἷς

4197 4391 4200 4564 l
