4263 6376
460 1190 574 1250 124

398 1328 437 1358 ui
469 1348 479 1363 ,
501 1314 538 1357 si
574 1328 655 1358 non

387 1370 564 1414 intendis
589 1375 631 1415 te

361 1422 560 1476 obligare,
577 1424 656 1468 nisi

434 1477 484 1518 ad
505 1489 589 1519 rem

464 1840 577 1900 125

418 1968 538 2022 Quid,
570 1967 607 2012 si

419 2027 603 2075 temporo

366 2074 647 2131 promissionis

420 2141 501 2172 nou
520 2135 608 2172 erat

405 2183 637 2226 necessaria

421 2236 606 2279 licentia.

694 259 775 319 26

698 433 933 498 sorium
962 439 1026 499 et
1050 456 1305 517 vanum,
1339 439 1455 500 nisi
1486 440 1791 522 obligaret
1809 442 1892 502 ad
1910 442 2230 505 licentiam

696 528 1069 608 petendam;
1129 536 1192 597 et
1236 532 1382 611 quia
1430 533 1712 613 obligans
1767 554 1833 596 se
1882 535 1959 595 ad
2011 535 2225 610 finem,

699 627 990 683 censetur
1033 642 1099 683 se
1128 624 1406 703 obligare
1435 625 1514 685 ad
1560 627 1790 703 media,
1839 629 1972 688 sine
2003 628 2230 709 quibus

698 713 840 774 finis
886 717 1231 794 comparari
1282 737 1406 778 non
1463 724 1688 797 potest.
1750 722 1898 793 Quae
1945 721 2232 782 doctrina

698 806 856 867 mihi
884 808 1070 867 etiam
1098 810 1424 871 verissima
1451 797 1718 889 videtur,
1770 818 1831 874 et
1849 814 2030 892 juxta
2061 814 2230 873 illam

698 900 954 961 limitari
999 902 1204 980 debet,
1265 904 1435 983 quod
1482 905 1650 966 idem
1697 907 1978 968 Sanchez
2026 905 2229 984 primo

699 992 838 1054 loco
869 993 1074 1056 minus
1102 1000 1306 1073 caute,
1358 999 1456 1058 vel
1487 1004 1655 1061 certe
1683 996 1890 1060 minus
1918 1000 2085 1060 clare
2114 999 2232 1059 do-

703 1086 904 1147 cuisse
933 1086 1201 1150 videtur.
1482 1076 1488 1082 ’

785 1180 982 1241 Debet
1008 1185 1220 1244 autem
1248 1182 1523 1260 limitari,
1574 1185 1776 1265 primo
1826 1183 1938 1245 nisi
1970 1182 2231 1265 promis·

705 1289 809 1334 sor
834 1272 1260 1351 promissionis
1305 1280 1586 1356 tempore
1635 1278 1895 1339 haberet
1937 1277 2229 1339 intentio-

705 1358 849 1424 nem
878 1365 1078 1427 solum
1108 1385 1175 1428 se
1205 1367 1524 1447 obligandi
1551 1369 1630 1430 ad
1671 1389 1807 1431 rem
1835 1371 2228 1449 promissam,

705 1475 831 1518 non
859 1461 1072 1519 autem
1099 1458 1177 1519 ad
1206 1462 1543 1538 petendam
1561 1463 1877 1524 licentiam
1909 1483 1923 1522 ε
1957 1463 2020 1522 in
2043 1461 2232 1522 dubio

570 1562 582 1574 ·
707 1553 917 1611 autem
946 1553 1448 1629 praesumendam
1479 1573 1612 1615 esse
1641 1554 2048 1618 intentionem
2079 1554 2235 1616 obli-

706 1641 899 1721 gandi
945 1662 1010 1704 se
1058 1645 1136 1704 ad
1184 1646 1518 1724 petendam
1565 1649 1902 1726 licentiam,
1962 1649 2238 1710 fatentur

706 1734 989 1814 praedicti
1021 1735 1329 1812 doctores,
1363 1744 1425 1800 et
1452 1745 1698 1802 constat
1724 1761 1798 1803 ex
1827 1742 2031 1803 dictis,

791 1827 1077 1890 Secundo
1105 1829 1426 1907 limitatur,
1479 1837 1548 1893 ut
1575 1852 1697 1894 non
1728 1833 1807 1895 sit
1835 1852 1909 1894 ea
1939 1832 2235 1912 obligatio

706 1920 961 1999 petendi
988 1920 1326 2000 licentiam,
1377 1926 1629 2004 quando
1658 1930 1940 2005 tempore
1971 1926 2238 2005 promis-

709 2013 899 2074 sionis
920 2032 1044 2076 non
1074 2019 1208 2077 erat
1237 2018 1584 2079 necessaria
1605 2020 1743 2081 talis
1769 2020 2041 2095 licentia,
2067 2019 2165 2079 vel
2185 2018 2235 2078 si

710 2106 1061 2167 necessaria
1071 2112 1225 2183 erat,
1243 2108 1362 2170 hoc
1375 2109 2053 2192 ignorabatpromissor
2076 2132 2088 2173 :
2111 2130 2235 2172 non

710 2203 917 2278 potest
942 2200 1107 2260 eniin
1138 2219 1203 2261 se
1242 2202 1519 2282 obligare
1551 2205 1630 2265 ad
1660 2205 1725 2266 id
1769 2206 1936 2285 quod
1967 2206 2235 2282 ignorat,

712 2310 906 2371 quare
936 2297 1084 2355 tunc
1111 2301 1401 2357 censetur
1429 2316 1494 2357 se
1542 2299 1700 2359 velle
1730 2299 1931 2359 solum
1962 2298 2238 2377 obligare

712 2385 793 2446 ad
817 2404 950 2446 rem
981 2406 1170 2466 quam
1198 2390 1539 2468 cognoscit,
1587 2411 1712 2453 non
1760 2391 1841 2453 ad
1873 2391 2239 2470 petitionem

707 2478 974 2540 licentiae
1017 2479 1197 2560 cujus
1238 2484 1670 2547 necessitatem
1718 2485 1970 2546 omnino
2016 2484 2234 2560 nescit,

712 2576 783 2634 ut
808 2590 951 2633 cum
973 2573 1109 2634 aliis
1130 2574 1422 2639 observat
1446 2577 1726 2639 Sanchez
1746 2578 1894 2640 dict.
1927 2596 2066 2657 cap.
2090 2594 2234 2638 xxm

711 2684 817 2726 nu.
850 2670 949 2726 27.
984 2670 1047 2728 et
1073 2686 1180 2729 nu.
1212 2670 1313 2731 34.
1346 2669 1539 2732 Addit
1566 2675 1774 2735 autem
1805 2671 1973 2732 idem
2003 2670 2233 2733 Sanch.

710 2778 818 2820 nu.
850 2760 949 2820 30.
985 2777 1129 2820 cum
1156 2762 1390 2822 Suarez
1418 2762 1523 2822 ubi
1552 2783 1744 2842 supra
1773 2783 1877 2824 nu.
1915 2767 2010 2826 15.
2047 2769 2108 2826 et
2138 2767 2234 2825 16.

712 2869 836 2913 non
882 2852 1081 2913 teneri
1125 2853 1444 2914 subditum
1490 2856 1886 2918 manifestare
1933 2857 2239 2937 superiori

711 2948 950 3018 votnm,
983 2945 1080 3005 vel
1101 2946 1576 3023 promissionem
1599 2949 1961 3027 humanam,
2000 2950 2110 3012 sed
2141 2970 2240 3011 sa-

711 3035 1000 3097 tisfacere
1028 3039 1298 3115 petendo
1326 3039 1644 3102 licentiam
1673 3043 1754 3102 ad
1772 3062 1905 3104 rem
1931 3062 2240 3123 exequen-

714 3129 882 3200 dam,
916 3129 1036 3191 nisi
1064 3149 1353 3209 expresse
1393 3152 1459 3195 se
1490 3134 1862 3214 obligaverit
1886 3137 1968 3199 ad
1997 3143 2236 3216 votum,

712 3223 814 3284 vel
864 3223 1339 3301 promissionem
1384 3226 1573 3287 etiam
1617 3229 2140 3292 manifestandam
2181 3237 2243 3293 et

714 3315 778 3376 in
808 3315 999 3377 dubio
1030 3334 1154 3376 non
1183 3319 1423 3379 censeri
1465 3320 1546 3380 ad
1593 3320 1714 3382 hoc
1759 3321 1950 3383 etiam
1989 3343 2054 3384 se
2084 3324 2242 3385 ohli-

713 3427 864 3489 gare
893 3409 1184 3471 voluisse.

795 3503 1102 3563 caeterum
1156 3501 1292 3564 haec
1353 3503 1642 3568 limitatio
1708 3507 1979 3570 difficilis
2044 3510 2244 3571 videri

714 3598 946 3675 posset,
996 3595 1216 3657 saltem
1248 3597 1499 3676 quando
1548 3599 1763 3677 petitio
1812 3601 2075 3665 licentiae
2117 3623 2243 3665 non

715 3688 980 3749 adderet
998 3688 1428 3750 difficultatem
1449 3691 1713 3770 alicujus
1731 3696 2054 3771 momenti.
2088 3699 2246 3758 Nam

716 3782 820 3862 qui
851 3801 917 3843 se
945 3782 1025 3842 ad
1055 3782 1290 3862 aliquid
1319 3784 1576 3862 obligat,
1610 3804 1683 3846 eo
1712 3786 1847 3866 ipso
1870 3807 1935 3849 se
1966 3789 2245 3869 obligare

717 3880 1007 3938 censetur
1024 3876 1101 3936 ad
1125 3877 1334 3937 media
1349 3879 1702 3940 necessaria
1722 3880 1802 3941 ad
1821 3882 2010 3942 talem
2030 3883 2242 3960 finem,

718 3969 943 4049 utipse
975 3969 1254 4030 Sanchez
1281 3970 1512 4032 fatetur
1559 3991 1729 4034 num.
1761 3978 1859 4035 24.
1912 3993 2053 4035 cum
2096 3995 2246 4054 ergo

718 4060 930 4140 petitio
958 4060 1269 4121 facultatis
1298 4067 1361 4123 et
1382 4062 1516 4142 ejus
1544 4064 1897 4144 impetratio
1928 4068 2008 4129 sit
2032 4087 2135 4129 res
2160 4069 2246 4129 fa-

719 4152 852 4216 cilis
880 4157 943 4214 et
987 4156 1341 4217 necessaria
1385 4156 1464 4216 ad
1508 4159 1939 4237 exequendam
1982 4161 2246 4238 promis-

721 4247 982 4322 sionem,
1034 4265 1158 4308 non
1189 4254 1283 4309 est
1309 4266 1419 4309 cur
1459 4268 1583 4310 non
1615 4253 1989 4314 extendatur
2017 4253 2252 4333 obliga-

721 4340 806 4404 tio
835 4341 918 4401 ad
946 4340 1137 4401 illam.
1199 4341 1315 4413 Qui
1363 4343 1530 4403 enim
1572 4345 1877 4422 promittit
1905 4349 2089 4408 Petro
2117 4349 2252 4407 mo'·

724 4434 896 4495 dium
924 4433 1133 4510 tritici,
1167 4435 1337 4513 quod
1364 4439 1513 4497 tunc
1557 4437 1725 4498 domi
1758 4438 1969 4516 habet,
2021 4446 2083 4502 et
2109 4459 2252 4519 pos-

665 4597 672 4610 ,
723 4531 826 4588 tea
853 4544 1003 4588 casu
1032 4527 1334 4605 perdidit,
1385 4546 1509 4590 non
1537 4537 1941 4593 excusaretur
1987 4534 2067 4595 ab
2097 4533 2255 4595 obli-

724 4620 999 4700 gatione,
1058 4619 1203 4681 licet
1255 4640 1510 4684 necesse
1556 4627 1720 4685 esset
1772 4626 2046 4686 triticum
2101 4625 2255 4687 illud

727 4732 959 4790 emere,
992 4713 1092 4774 vel
1119 4719 1336 4775 mutuo
1369 4715 1676 4795 accipere,
1712 4718 1762 4777 si
1792 4718 1910 4780 hoc
1937 4719 2119 4780 facile
2150 4718 2256 4779 ha-

725 4807 875 4868 here
903 4812 1146 4886 posset:
1179 4808 1328 4869 item
1349 4808 1452 4887 qui
1477 4810 1761 4887 promisit
1778 4811 1868 4871 ire
1891 4813 2252 4889 Tusculum,

661 4933 676 4942 ·
728 4918 854 4961 non
884 4906 1285 4962 excusaretur
1325 4901 1472 4962 licet
1499 4920 1697 4981 equus
1741 4903 2030 4983 proprius
2059 4923 2259 4982 aegro-

729 4997 912 5069 taret,
962 4992 1013 5053 si
1042 4992 1223 5054 facile
1253 4998 1464 5072 posset
1490 4995 1570 5055 ab
1598 4995 1800 5058 amico
1831 5015 2063 5076 equum
2091 5015 2255 5058 com·

728 5086 1051 5149 modatum
1083 5086 1366 5164 accipere
1412 5104 1427 5150 τ
1475 5105 1587 5148 cur
1615 5107 1764 5167 ergo
1794 5093 2196 5150 excusaretur
2223 5107 2260 5149 a

731 5178 1141 5258 promissione
1171 5179 1250 5241 ob
1298 5179 1732 5243 necessitatem
1774 5182 2025 5260 petendi
2073 5182 2262 5242 licen-

729 5273 919 5348 tiam,
978 5290 1169 5350 quam
1215 5272 1395 5334 facile
1439 5280 1650 5352 posset
1694 5279 1908 5353 petere
1955 5280 2019 5337 et
2069 5275 2263 5354 impe-

729 5368 920 5427 trare.

812 5458 1082 5520 Aliunde
1119 5449 1335 5522 tainen
1364 5460 1612 5523 videtur
1647 5461 1750 5522 illa
1792 5461 2079 5523 limitatio
2109 5461 2259 5522 reti-

1849 265 1951 324 DE
1991 264 2349 326 JUSTITIA
2392 265 2493 326 ET
2533 265 2734 326 JURE

2327 443 2570 517 nenda;
2618 444 2766 523 quia
2807 443 3059 524 quando
3101 445 3330 524 conjux
3369 445 3513 523 post
3538 441 3879 503 matrimo-

2329 537 2503 596 nium
2531 537 2881 603 castitatem
2909 538 3102 613 vovit,
3154 538 3301 599 licet
3348 556 3473 598 non
3523 536 3724 616 possit
3750 534 3877 594 de-

2329 629 2528 689 bitum
2559 634 2794 709 petere,
2845 636 3054 707 posset
3098 630 3251 690 illud
3296 630 3565 690 reddere
3608 625 3873 706 conjugi

2330 723 2587 800 petenti,
2622 741 2737 784 nec
2765 726 3012 784 tenetur
3038 742 3112 783 ex
3129 728 3274 784 voto
3305 727 3519 801 petere
3544 720 3875 782 licentiam

2331 832 2367 873 a
2411 814 2677 893 conjuge
2732 816 2811 876 ad
2857 835 2982 876 non
3038 815 3454 889 reddendum,
3514 820 3584 875 ut
3624 812 3879 874 notavit

2329 907 2497 970 idem
2528 907 2808 969 Sanchez
2838 908 2943 969 lib.
2971 910 3074 969 IX.
3104 907 3174 968 de
3198 907 3455 968 matm'm.
3490 906 3653 986 disp.
3672 897 3867 966 xiixv.

2331 1020 2393 1061 n.
2426 1004 2523 1061 27.
2554 1019 2698 1061 cum
2726 1003 2920 1080 Cajet.
2956 1004 3017 1062 et
3040 1003 3186 1063 Soto
3219 1019 3376 1080 quos
3403 1001 3610 1073 affert,
3645 998 3763 1057 nisi
3783 996 3871 1055 ad

2333 1093 2453 1154 hoc
2482 1093 2685 1172 ipsum
2712 1112 2779 1155 se
2805 1094 2991 1155 etiam
3020 1099 3165 1154 voto
3187 1093 3548 1171 obligasset.
3579 1092 3736 1152 ltem
3758 1089 3871 1168 qui

2331 1185 2811 1264 consanguineae
2842 1186 3307 1247 matrimonium
3350 1184 3659 1263 promittit
3681 1184 3869 1261 igna-

2332 1296 2438 1338 rus
2466 1278 2917 1358 impedimenti,
2969 1296 3095 1339 non
3124 1283 3373 1340 tenetur
3406 1277 3579 1337 illam
3607 1276 3867 1350 ducere,

2335 1374 2444 1432 aut
2469 1371 2999 1449 dispensationem
3028 1389 3391 1450 procurare,
3425 1374 3497 1431 ut
3522 1387 3669 1432 cum
3698 1385 3871 1429 com-

2333 1464 2509 1523 muni
2537 1463 2806 1524 diximus
2833 1482 3025 1543 supra
3053 1463 3212 1543 d-Tsp.
3246 1479 3358 1524 x11.
3392 1467 3544 1523 sect.
3579 1465 3639 1522 4.
3674 1479 3871 1539 agen·

2333 1560 2428 1617 tes
2454 1555 2533 1616 de
2562 1559 2799 1633 stupra,
2832 1575 2973 1636 quae
2989 1556 3245 1637 quidem
3259 1553 3871 1635 proceduntetiamsi

2336 1648 2598 1709 facultas
2649 1648 2729 1709 ad
2779 1667 2904 1709 non
2945 1648 3337 1709 reddendum
3392 1646 3673 1709 debitum
3694 1693 3710 1723 ,
3771 1645 3873 1705 vel

2335 1741 2714 1820 dispensatio
2785 1741 2866 1802 ad
2929 1740 3281 1802 ducendam
3333 1739 3873 1817 consanguineam

2335 1834 2515 1894 facile
2545 1839 2756 1914 posset
2784 1853 2821 1894 a
2850 1833 3141 1914 conjuge,
3196 1834 3290 1894 vel
3324 1851 3361 1893 a
3409 1832 3706 1894 Pontifice
3747 1832 3870 1891 im-

2337 1926 2591 2006 petrari.
2650 1929 2785 1988 Non
2841 1931 2936 1987 est
2976 1945 3126 2004 ergo
3183 1925 3623 1987 universaliter
3649 1942 3873 1985 verum

2340 2020 2507 2099 quod
2552 2020 2660 2099 qui
2701 2020 2982 2081 absolute
3021 2020 3328 2097 promittit
3380 2037 3516 2079 rem
3566 2017 3869 2097 aliquam,

2340 2105 2530 2193 quain
2558 2113 2689 2173 sine
2720 2112 2974 2174 alterius
3001 2111 3302 2173 facultate
3338 2129 3575 2191 ponere
3603 2129 3730 2171 non
3758 2127 3879 2188 po-

2338 2211 2480 2283 test,
2540 2205 2778 2284 obligat
2826 2223 2893 2265 se
2950 2204 3030 2264 ad
3085 2204 3448 2266 facultatem
3503 2202 3870 2282 petendam,

2340 2297 2591 2377 quando
2617 2297 2750 2358 sine
2780 2297 2959 2376 gravi
2989 2296 3387 2358 incommodo
3418 2314 3558 2356 eam
3588 2295 3875 2358 obtinere

2340 2396 2564 2471 potest.
2596 2392 2800 2463 Quare
2829 2390 2910 2451 ad
2938 2390 3248 2451 rationem
3277 2388 3602 2450 dubitandi
3632 2389 3698 2448 in
3727 2406 3879 2449 con-
4243 2296 4246 2476 l

2338 2484 2601 2545 trarium
2629 2484 2967 2545 adauctam
3016 2483 3383 2560 responderi
3414 2486 3642 2561 potest,
3695 2500 3876 2559 regu-

2338 2576 2463 2636 lam
2492 2577 2683 2653 illam,
2716 2575 2885 2655 quod
2913 2575 3016 2654 qui
3039 2575 3275 2654 obligat
3293 2594 3358 2636 se
3388 2575 3467 2634 ad
3495 2574 3691 2634 finem
3719 2573 3878 2634 obli-
4243 2516 4246 2665 l

2339 2676 2448 2748 gat
2474 2688 2539 2729 se
2569 2688 2645 2728 an
2676 2668 2886 2728 media
2907 2667 3257 2728 necessaria
3276 2666 3497 2728 saltem
3526 2666 3871 2741 ordinaria,

2339 2779 2557 2822 veram
2613 2779 2748 2822 esse
2804 2761 3055 2840 quando
3103 2778 3203 2821 res
3248 2760 3389 2839 ipsa
3437 2759 3748 2838 promissa
3782 2762 3895 2835 est,
4243 2738 4246 2855 Ι

2338 2860 2485 2934 apta
2513 2860 2576 2915 et
2601 2871 2801 2931 capax
2827 2858 2898 2913 ut
2921 2851 3341 2932 promittatur,
3388 2871 3449 2913 V.
3484 2871 3546 2931 g.
3582 2850 3737 2912 dare
3765 2851 3878 2914 tri·

2338 2949 2553 3021 ticum,
2602 2946 2692 3006 ire
2728 2946 3092 3022 Tusculum,
3145 2948 3261 3006 etc.
3324 2944 3509 3006 Aliud
3556 2963 3708 3006 vero
3756 2948 3871 3020 est,
4243 2952 4246 3049 1

2340 3041 2593 3120 quando
2655 3057 2756 3099 res
2815 3038 2949 3117 ipsa
3008 3038 3316 3116 promissa
3382 3036 3701 3115 prohibita
3755 3042 3872 3113 est,

2341 3134 2525 3215 quale
2554 3137 2650 3196 est
2664 3150 2894 3212 negare
2915 3131 3217 3209 debitum,
3251 3131 3481 3192 ducere
3503 3131 3878 3211 consangui-

2341 3246 2546 3302 neam,
2591 3232 2708 3288 etc.
2768 3226 2903 3286 haec
2932 3225 3120 3300 enim,
3173 3243 3317 3285 cum
3362 3225 3486 3285 sint
3530 3224 3873 3303 prohibita,

2343 3339 2467 3381 non
2510 3323 2771 3398 possunt
2813 3319 3150 3380 terminare
3182 3318 3662 3397 promissionem
3714 3317 3873 3378 vali-

2344 3415 2513 3489 dam,
2565 3411 2678 3472 nisi
2722 3411 3164 3490 promittantur
3207 3410 3323 3472 sub
3371 3411 3772 3485 conditione,
3822 3410 3877 3471 si

2342 3508 2572 3568 liceant
2604 3525 2616 3566 :
2650 3505 2781 3565 sine
2812 3522 2937 3583 qua
2965 3504 3322 3565 conditione
3350 3509 3609 3565 manent
3637 3504 3875 3579 illicita,

2345 3604 2409 3661 et
2435 3618 2548 3677 per
2587 3615 2975 3676 consequens
3024 3596 3271 3657 illorum
3319 3596 3649 3676 promissio
3697 3597 3880 3657 abso-

2344 3694 2477 3754 luta
2503 3690 2779 3753 invalida
2806 3694 2920 3750 est.
2967 3692 3049 3752 Ut
3078 3708 3227 3769 ergo
3258 3690 3586 3769 promissio
3618 3690 3881 3769 obliget,

2348 3803 2599 3847 necesse
2629 3787 2723 3844 est
2751 3783 2917 3861 quod
2951 3783 3143 3844 tacite
3166 3783 3265 3843 vel
3296 3801 3584 3862 expresse
3617 3784 3882 3860 promit-

2346 3883 2558 3940 tantur
2584 3876 2699 3938 sub
2728 3875 3086 3938 conditione
3105 3921 3120 3951 ,
3173 3881 3236 3936 et
3265 3876 3405 3937 ideo
3436 3875 3708 3946 diximus
3736 3876 3884 3936 reli-

2349 3972 2592 4042 mosum
2615 3988 2685 4026 ex
2718 3968 3128 4045 promissione
3149 3969 3414 4046 obligari
3442 3968 3522 4027 ad
3543 3970 3880 4046 petendam

2348 4063 2662 4126 licentiam
2690 4060 2879 4122 dandi
2926 4079 3059 4121 rem
3107 4061 3508 4138 promissam,
3562 4062 3710 4139 quia
3739 4062 3885 4122 licet

2350 4157 2469 4218 hoc
2497 4173 2621 4216 non
2651 4155 3044 4232 expresserit,
3091 4154 3173 4214 ad
3202 4153 3325 4214 hoc
3351 4159 3561 4215 tamen
3590 4160 3885 4215 censetur

2349 4250 2537 4311 tacite
2564 4266 2632 4308 se
2662 4247 2941 4325 obligare
2970 4246 3261 4308 voluisse.

2431 4341 2639 4403 Tertio
2686 4340 3026 4415 limitatur,
3090 4344 3155 4401 ut
3196 4358 3321 4400 non
3365 4339 3668 4417 procedat
3720 4358 3884 4417 prae-

2353 4435 2518 4498 dicta
2542 4434 2848 4508 doctrina,
2882 4451 2997 4493 nec
3016 4432 3345 4512 promissio
3374 4438 3704 4494 censeatur
3732 4432 3883 4493 obli-

2353 4547 2505 4610 gare
2535 4528 2614 4588 ad
2643 4527 2976 4606 petendam
3005 4525 3323 4587 licentiam
3347 4571 3364 4602 ,
3417 4524 3669 4604 quando
3700 4525 3886 4586 licen·
3986 4530 4173 4589 obligatis-

2354 4623 2441 4684 tia
2470 4622 2611 4683 talis
2639 4623 2735 4681 est
2776 4625 2846 4680 ut
2875 4636 3197 4697 nunquam
3226 4618 3486 4678 concedi
3516 4619 3742 4695 soleat,
3786 4618 3885 4679 vel
3977 4584 4184 4682 uffiffl

2355 4720 2523 4778 certe
2554 4732 2680 4775 non
2710 4712 2826 4772 nisi
2872 4711 3321 4773 interveniente
3365 4730 3553 4772 causa
3580 4711 3883 4790 legitima,

2358 4807 2559 4888 qualis
2607 4810 2756 4867 tunc
2799 4823 2922 4865 non
2966 4804 3186 4876 datur;
3245 4823 3394 4864 nam
3440 4809 3651 4883 petere
3696 4806 3888 4866 talem

2355 4900 2673 4962 licentiam
2716 4898 2849 4958 sine
2878 4915 3069 4958 causa
3106 4897 3437 4958 sufficienti
3478 4897 3765 4976 iniquum
3794 4917 3893 4959 es-

2359 4999 2473 5067 set,
2507 4999 2569 5055 et
2596 5011 2707 5071 per
2730 5009 3118 5069 consequens
3149 5009 3270 5051 non
3302 4991 3503 5069 potuit
3529 5008 3663 5051 esse
3691 4995 3896 5052 mate-

2359 5089 2455 5149 ria
2496 5084 2922 5166 promissionis
2948 5131 2962 5159 ,
3012 5088 3082 5145 ut
3122 5084 3358 5145 notavit
3413 5083 3693 5145 Sanchez
3738 5083 3891 5147 dict.

2358 5181 2468 5242 lib.
2505 5197 2566 5241 v.
2600 5177 2669 5238 de
2694 5176 2953 5238 matrim.
2990 5177 3148 5255 disp.
3186 5194 3246 5238 v.
3281 5193 3452 5236 num.
3487 5181 3546 5237 3.

2442 5273 2717 5335 Adverte
2744 5271 3013 5349 denique
3033 5316 3048 5345 ,
3095 5270 3349 5349 quando
3380 5270 3707 5348 promissio
3739 5270 3901 5332 obli-

2362 5371 2472 5446 gat
2498 5366 2580 5427 ad
2608 5364 2945 5445 petendam
2964 5363 3279 5425 licentiam
3287 5364 3470 5442 juxta
3485 5381 3675 5441 supra
3701 5364 3895 5442 dicta,

2364 5479 2488 5521 non
2530 5458 2887 5521 satisfacere
2929 5456 3373 5536 promissorem
3413 5456 3685 5535 petendo
3726 5457 3897 5517 illam
3938 5515 3944 5521 .

4046 4351 4152 4410 126

3965 4477 4125 4529 omn
4152 4474 4193 4515 a
