4263 6376
0 964 158 1169 ἓξὲξ
32 839 99 896 s

0 3631 42 3689 n

0 3758 67 3797 2¹11

0 3814 117 3852 -οάῠ

0 3867 122 3905 nutat

1202 276 1674 338 DlSPUTATIO
1718 275 1934 353 XXIV,
1985 276 2259 338 SECTIO
2306 278 2408 339 vl.

230 460 436 520 extare
476 456 829 535 legitimos,
860 474 936 517 ac
984 459 1194 517 extare
1218 501 1235 531 ‚
1286 453 1397 514 sed
1428 471 1550 513 non
1582 471 1763 532 posse

230 550 565 612 succedere
592 554 851 630 propter
879 548 1430 610 renuntiationem.
1474 547 1766 625 Aliquam

227 649 436 704 tamen
480 644 923 705 linitationem
984 644 1164 702 affert
1207 640 1379 702 Tello
1436 639 1499 699 in
1542 639 1650 699 lib.
1686 641 1763 700 X.

234 737 433 797 Tam-1.

304 829 656 889 Dicendum
684 828 985 905 secundo,
1026 827 1183 887 filios
1213 825 1531 886 naturales
1561 824 1638 884 de
1668 842 1769 884 eo·

227 921 416 981 dem
389 941 535 1001 jure
566 923 908 997 communi,
930 919 1362 981 deficientibus
1389 916 1769 978 descenden-

227 1015 390 1075 tibus
417 1014 740 1093 legitimiS,
775 1021 837 1075 et
865 1013 1148 1092 legitima
1173 1030 1368 1073 uxore
1398 1030 1521 1072 nou
1551 1028 1772 1088 super-

228 1109 400 1184 stite,
455 1108 801 1168 succedere
829 1107 908 1166 ab
938 1108 1230 1167 intestato
1280 1104 1440 1183 patri
1488 1104 1552 1162 in
1597 1107 1772 1163 sexta

227 1205 401 1279 pate
429 1200 745 1261 bonorum
778 1199 1120 1260 dividenda
1167 1217 1282 1277 per
1333 1197 1606 1276 aequales
1633 1213 1771 1275 par-

226 1300 317 1354 tes
344 1295 509 1355 inter
537 1294 711 1372 ipsos
740 1299 1041 1355 eteorum
1071 1297 1359 1365 matrem,
1385 1291 1437 1350 si
1458 1293 1772 1368 superstes

225 1386 332 1458 sit3
364 1386 578 1465 quoad
606 1387 851 1466 reliqua
880 1403 1031 1446 vero
1059 1383 1406 1444 succedunt
1433 1382 1539 1442 alii
1567 1381 1772 1441 haere-

225 1477 336 1538 des
379 1479 462 1539 ab
500 1481 832 1555 intestam,
880 1480 932 1539 si
960 1483 1173 1539 tamen
1201 1478 1500 1537 maneant
1524 1474 1623 1535 vel
1663 1471 1771 1534 filii

223 1572 489 1650 legitimi
512 1620 527 1648 ,
582 1574 681 1633 vel
708 1572 991 1650 legitima
1020 1589 1209 1645 uxor,
1264 1569 1328 1628 in
1360 1568 1527 1629 nullo
1558 1585 1775 1628 succe-

224 1665 416 1740 dunt,
468 1666 583 1725 sed
625 1665 941 1726 debentur
969 1665 1057 1723 eis
1087 1663 1384 1723 alimenta
1414 1664 1774 1739 competen-

222 1759 331 1834 tia,
364 1764 436 1818 ut
459 1763 712 1819 constat
738 1776 816 1817 ex
843 1758 906 1818 d.
945 1755 1139 1817 Auth.
1173 1753 1378 1835 quibus
1404 1753 1590 1814 modis
1607 1760 1773 1812 natu-

220 1850 375 1910 rales
404 1850 571 1931 effic.
601 1852 659 1930 ἓ.
696 1850 773 1910 Si
798 1850 928 1930 quis
955 1858 1144 1909 autem
1164 1895 1179 1924 ,
1216 1853 1278 1909 et
1304 1849 1360 1926 ἓ.
1408 1846 1640 1925 Siquis
1666 1844 1774 1924 ἰρί-

221 1953 341 2020 tur,
376 1950 441 2005 et
468 1963 549 2003 ex
577 1944 771 2005 Auth.
805 1942 875 2003 de
900 1950 1128 2014 trzente,
1162 1949 1217 2001 et
1245 1940 1491 2011 semisse,
1524 1940 1579 2017 ξ.
1619 1935 1775 1999 Con-

216 2036 631 2112 sidernnus,et
658 2055 736 2096 ex
763 2036 826 2097 d.
853 2034 1043 2097 Auth.
1077 2034 1279 2108 chet,·
1307 2051 1447 2112 quae
1477 2032 1774 2092 alimenta

222 2131 542 2193 debentur
579 2130 700 2189 illis
740 2130 931 2190 etiam
954 2175 971 2205 ‚
1024 2126 1274 2206 quando
1304 2131 1485 2204 pater
1509 2128 1774 2186 testatus

219 2224 516 2286 decessit.
552 2228 649 2284 An
670 2240 819 2282 vero
849 2222 1019 2282 idem
1048 2218 1385 2280 dicendum
1416 2218 1496 2279 sit
1521 2215 1773 2297 quando

216 2323 366 2379 sunt
392 2317 814 2378 ascendentes
853 2314 1154 2393 legitimi,
1204 2312 1374 2393 quod
1411 2311 1621 2372 adhuc
1663 2308 1773 2370 filii

217 2411 547 2471 naturales
582 2410 927 2470 succedant
952 2409 1033 2467 ab
1054 2408 1344 2468 intestato
1374 2406 1438 2464 in
1469 2404 1572 2464 illa
1601 2407 1776 2463 sexta

216 2503 541 2564 bonorum
583 2507 760 2581 parte
779 2548 795 2576 ,
844 2499 1035 2579 aliqui
1074 2502 1336 2577 negant;
1390 2496 1502 2558 sed
1551 2495 1773 2556 melius

216 2596 504 2657 affirmat
545 2595 778 2656 Molina
827 2594 891 2654 d.
926 2593 1087 2671 disp.
1124 2607 1282 2652 cnvx.
1325 2591 1381 2670 ς.
1416 2591 1564 2650 Ant.
1603 2586 1766 2650 Gom.

216 2695 281 2750 et
308 2689 454 2749 haec
497 2706 639 2768 quae
681 2687 849 2747 dicta
896 2690 1041 2747 sunt
1071 2685 1148 2745 de
1185 2683 1583 2745 successione
1612 2682 1774 2741 filio-

210 2801 359 2842 rum
390 2780 774 2842 naturalium
803 2798 880 2838 ex
908 2782 1314 2853 testamento,
1368 2776 1466 2836 vel
1498 2775 1580 2836 ab
1611 2775 1773 2835 inte-

212 2881 415 2951 stato,
464 2874 674 2934 locum
719 2873 956 2933 habent
999 2872 1188 2933 etiam
1232 2872 1293 2931 in
1337 2869 1673 2949 nepotibus
1704 2871 1768 2928 et

212 2966 682 3047 pronepotibus
700 2969 986 3043 respectu
1018 2965 1140 3039 avi,
1175 2968 1237 3025 et
1263 2962 1502 3043 proavi,
1539 2965 1601 3021 et
1628 2977 1771 3021 cum

212 3060 637 3139 proportione
693 3058 883 3119 etiam
933 3058 1140 3118 locum
1203 3057 1440 3116 habent
1501 3054 1565 3113 in
1622 3052 1772 3131 ipsis

212 3151 714 3215 ascendentibus
739 3150 1159 3226 naturalibuS,
1191 3150 1298 3229 qui
1328 3147 1552 3209 eodem
1580 3145 1770 3207 modo

210 3247 582 3309 succedunt
619 3244 1148 3306 descendentibus
1194 3244 1257 3302 in
1305 3241 1619 3302 defectum
1667 3240 1770 3301 de·

211 3340 705 3414 scandentium,
757 3339 865 3418 qui
912 3335 1393 3398 ascendentibus
1432 3335 1771 3414 praeferan-

207 3441 360 3507 ειη-ς
389 3433 560 3513 quod
590 3432 810 3493 eodem
838 3430 1027 3492 modo
1056 3448 1275 3490 verum
1305 3433 1399 3490 est
1427 3427 1634 3507 quoad
1663 3426 1771 3487 ali·

208 3534 467 3603 menta,
498 3526 575 3586 de
605 3525 832 3604 quibus
860 3524 1029 3584 idem
1058 3522 1288 3583 Molina
1319 3522 1452 3581 loco
1483 3520 1585 3582 cit.

297 3619 657 3682 Dicendum
683 3618 891 3693 terti0‚
913 3618 992 3676 de
1008 3615 1229 3677 eodem
1252 3613 1394 3694 jure
1424 3614 1764 3675 communi:

72 3759 87 3798 ἱ
212 3716 333 3776 filii
368 3712 688 3774 naturales
716 3730 841 3773 non
872 3710 1077 3771 solum
1105 3727 1177 3768 ex
1207 3712 1579 3769 testamento
1624 3725 1768 3785 pos-

212 3813 377 3869 sunt
406 3805 591 3866 matri
619 3804 979 3880 succedere,
1011 3802 1122 3863 sed
1149 3802 1338 3862 etiam
1369 3801 1448 3860 ab
1478 3800 1767 3861 intestato

125 3899 139 3908 ’
216 3901 435 3980 aequis
462 3897 849 3977 portionibus
891 3914 1035 3955 cum
1084 3895 1225 3954 filiis
1263 3893 1585 3972 legitimiS,
1619 3893 1660 3953 l.
1696 3893 1774 3957 Si

216 4013 345 4076 qua
375 3991 647 4064 illustris,
673 3989 897 4069 juncta
921 3988 1110 4065 glos8.
1136 3989 1202 4048 C.
1237 3985 1318 4046 nd
1347 3986 1767 4046 Senatumcon-

213 4087 450 4147 nattam
480 4082 877 4164 Orficianum3
910 4084 973 4140 et
1000 4080 1166 4139 idem
1196 4077 1532 4139 dicendum
1565 4085 1658 4140 est
1688 4079 1765 4140 de

213 4187 431 4242 matre
474 4180 763 4255 respectu
807 4173 919 4234 filii
962 4172 1260 4234 naturalis
1304 4172 1662 4234 succedenti
1701 4172 1762 4232 in

215 4275 449 4337 eadem
476 4270 764 4351 portione
792 4267 941 4344 filio,
970 4266 1073 4346 qui
1097 4284 1220 4326 non
1252 4266 1483 4327 habeat
1509 4265 1763 4326 descen-

213 4369 449 4429 dentes
469 4364 653 4444 juxta
680 4377 1081 4422 communem
1120 4359 1493 4420 sententiam
1519 4408 1532 4433 ‚
1584 4377 1764 4437 argu-

210 4467 438 4521 mento
466 4457 617 4516 dicti
638 4453 1003 4527 authentici,
1026 4451 1230 4532 quibus
1248 4450 1429 4511 modis
1444 4451 1759 4529 naturales,

210 4556 269 4633 ἓ.
304 4552 406 4612 De
428 4546 763 4631 nepotibus,
814 4550 878 4607 et
902 4544 1085 4605 dictae
1113 4543 1303 4604 Auth.
1349 4543 1546 4619 Licet,
1598 4546 1661 4606 C.
1695 4544 1765 4604 de

211 4643 595 4708 naturalibus
653 4640 869 4701 liberis.
943 4641 1159 4717 Neque
1242 4637 1387 4697 huic
1453 4644 1766 4715 repugnat

212 4738 397 4820 qnod
427 4739 587 4798 Sara
617 4733 759 4796 Gen.
777 4735 937 4806 XXI,
948 4734 1043 4792 10.
1077 4730 1233 4791 dixit
1258 4730 1565 4791 Abrahoe:
1590 4730 1765 4811 Ejice

212 4830 501 4895 aracillum
544 4829 732 4893 hanc.
791 4837 846 4887 et
884 4826 1076 4907 filium
1114 4824 1288 4906 ejus:
1324 4843 1438 4883 non
1467 4823 1616 4883 enim
1652 4824 1765 4884 emt

212 4927 411 4988 leoeres
433 4922 598 5004 filaus
624 4920 858 4982 anctlloe
885 4938 1012 4978 cum
1040 4917 1169 4999 silio
1194 4934 1317 4977 mco
1344 4916 1552 4991 Isaac,
1595 4916 1763 4995 quod

212 5023 393 5081 Deus
438 5018 571 5095 ipse
616 5019 837 5095 postea
885 5009 1277 5092 approbavit.
1336 5011 1495 5069 Nam
1524 5009 1610 5069 ibi
1641 5028 1765 5069 non

217 5112 533 5193 agebatur
559 5110 641 5169 de
676 5107 804 5168 filio
835 5105 1180 5183 illegitimo,
1222 5102 1328 5163 sed
1378 5102 1456 5162 de
1485 5103 1764 5181 legitimo

216 5226 297 5266 ex
324 5205 537 5264 minus
581 5200 909 5281 praecipua
937 5216 1127 5258 uxore
1148 5243 1164 5273 ‚
1211 5215 1352 5275 quae
1383 5200 1516 5256 erat
1543 5198 1715 5274 Agar
1747 5213 1760 5255 :

215 5296 501 5375 alioquin
531 5295 580 5355 si
614 5313 743 5355 non
771 5292 994 5354 fuisset
1018 5290 1363 5369 legitimus,
1400 5307 1522 5348 non
1550 5288 1772 5350 fuisset

218 5393 415 5453 etiam
444 5388 782 5462 naturaliS,
825 5385 939 5446 sed
986 5384 1230 5462 spurius
1269 5388 1452 5444 natus
1491 5401 1566 5442 ex
1593 5382 1764 5442 adul-

218 5486 383 5547 terio
413 5504 429 5544 :
459 5499 667 5562 neque
698 5480 785 5541 ibi
818 5477 1074 5539 condita
1098 5476 1216 5537 fuit
1240 5476 1338 5536 lex
1369 5475 1757 5551 universalia,

3326 287 3401 347 83

1863 453 1973 515 sed
2004 453 2397 532 particularis
2424 474 2537 534 pro
2566 455 2670 517 illo
2699 473 2871 532 casu,
2906 457 2968 519 in
3000 477 3123 539 quo
3152 460 3406 523 volebat

1864 549 2030 607 Deus
2067 548 2420 626 significare
2463 550 2896 628 praelationem
2943 551 3268 614 christiani
3298 572 3404 631 po-

1865 640 2016 719 puli,
2037 641 2143 719 qui
2174 645 2267 703 est
2287 660 2361 700 ex
2383 647 2582 703 matre
2610 642 2810 703 libera
2839 664 3027 723 supra
3042 648 3074 707 J
3083 645 3400 722 udaicum,

1867 733 1975 812 qui
2004 738 2140 794 erat
2175 752 2249 793 ex
2278 734 2607 810 servitute,
2655 741 2723 796 ut
2752 737 3047 816 explicuit
3073 738 3301 800 Paulus
3330 737 3412 799 ad

1871 823 2066 886 Galat.
2093 828 2195 887 lv.
2222 832 2284 888 et
2312 826 2391 886 ad
2417 827 2585 888 Rom.
2623 829 2726 889 lx.

1948 921 2036 979 De
2066 919 2292 998 spuriis
2313 919 2447 1000 jam
2478 920 2815 981 dicendum
2845 927 3087 1000 quarto,
3117 942 3224 984 eos
3250 923 3404 984 nihil

3549 928 3626 987 92

1868 1030 2047 1092 posse
2082 1031 2118 1072 a
2147 1018 2324 1091 patre
2353 1031 2617 1091 capere,
2664 1032 2865 1094 neque
2897 1034 2971 1075 ex
3002 1020 3093 1077 tes
3100 1020 3398 1092 tamentO,
3452 1053 3555 1149 ¹¹„sp
3557 1053 3608 1095 ἢ,
3626 1052 3730 1096 naui

1867 1124 2071 1185 neque
2102 1106 2181 1165 ab
2211 1105 2524 1182 intestato,
2559 1125 2761 1186 neque
2795 1108 2957 1168 inter
2978 1110 3153 1170 vivos
3184 1109 3247 1169 in
3278 1128 3472 1202 quo
3452 1119 3547 1202 ¹¹³2
3524 1114 3612 1202 ⁸:ss
3638 1119 3697 1170 ,ΟΡ
3699 1119 3747 1148 ⁸·

1870 1198 2250 1261 conveniunt
2287 1201 2413 1259 DD.
2449 1198 2724 1278 theologi
2755 1201 3098 1280 etjuristae,
3135 1221 3292 1282 quos
3320 1203 3405 1262 af-

1868 1292 2078 1353 ferunt
2113 1297 2177 1353 et
2212 1297 2560 1371 sequuntur
2589 1295 2777 1371 Vasq.
2814 1312 2870 1354 c.
2907 1296 2980 1354 V.
3014 1295 3070 1372 ἓ.
3105 1294 3401 1356 v11.dub.

1870 1403 1913 1446 1.
1952 1384 2097 1446 Mol.
2124 1383 2186 1444 d.
2221 1384 2380 1463 disp.
2407 1400 2631 1445 cnxvn.
2664 1383 3404 1471 §.quodsifilmsspurms,

1870 1481 1932 1538 et
1959 1477 2118 1556 disp.
2154 1490 2353 1538 chlx.
2389 1476 2450 1535 in
2483 1476 2682 1555 princ.
2723 1483 2785 1538 et
2826 1477 2949 1539 late
2977 1479 3210 1542 Sanch.
3244 1479 3308 1540 d.
3344 1498 3400 1540 c.

1869 1571 1972 1631 Ill.
2008 1569 2158 1632 dub.
2190 1586 2315 1629 xlx.
2352 1573 2414 1630 et
2449 1573 2694 1631 constat
2723 1588 2796 1629 ex
2824 1570 2863 1630 1.
2909 1571 3142 1652 Siquis
3173 1572 3396 1648 incesti,

1871 1665 1937 1724 C.
1971 1661 2040 1722 de
2058 1662 2284 1722 incestis
2311 1661 2561 1743 nuptiis,
2594 1662 2635 1723 l.
2672 1663 2719 1724 1.
2754 1665 2820 1723 C.
2855 1662 2925 1723 de
2950 1664 3316 1725 naturalibus
3345 1664 3412 1724 li-

1872 1755 2042 1831 beris,
2090 1758 2261 1816 Lesa.
2299 1754 2359 1815 d.
2396 1755 2544 1815 dub.
2574 1772 2660 1815 vl.
2697 1756 2890 1816 etalii
2925 1757 3182 1836 passim.
3228 1757 3409 1820 Unde

1869 1850 2072 1928 primo
2100 1848 2380 1926 rejicitur
2406 1848 2486 1907 ab
2518 1847 2654 1907 aliis
2684 1853 2982 1927 tanquam
3012 1850 3264 1910 omnino
3293 1851 3411 1910 im-

1872 1941 2210 2020 probabilis
2247 1940 2554 2002 sententia
2584 1942 2752 2002 Scoti
2780 1941 2886 2002 lib.
2922 1943 3024 2004 IV.
3056 1942 3125 2003 de
3148 1943 3302 2004 Just.
3343 1962 3404 2023 q.

1876 2053 1932 2098 v.
1971 2039 2087 2096 art.
2125 2051 2168 2095 1.
2202 2033 2282 2093 ad
2311 2037 2370 2095 4.
2406 2034 2559 2095 etin
2591 2034 2694 2095 IV.
2745 2039 2903 2096 sent.
2946 2052 3067 2098 xm.
3104 2055 3164 2115 q.
3199 2036 3405 2113 unica,

1872 2134 1990 2190 art.
2022 2132 2081 2188 4.
2135 2145 2327 2206 quam
2363 2131 2711 2206 sequuntur
2747 2128 3035 2189 Ledesm.
3087 2133 3149 2190 et
3177 2129 3410 2208 Angles

1873 2222 2038 2301 apud
2064 2221 2294 2284 Sanch.
2347 2219 2450 2280 ubi
2498 2238 2687 2298 supra
2716 2240 2778 2281 n.
2806 2224 2861 2281 1.
2897 2222 3002 2300 qui
3034 2222 3112 2282 de
3159 2222 3406 2301 spuriiS,

1873 2315 1979 2394 qui
2009 2333 2135 2374 non
2164 2319 2311 2375 sunt
2336 2313 2445 2373 filii
2477 2312 2686 2373 clerici
2712 2315 2811 2374 vel
2848 2314 3162 2392 religiosi,
3197 2316 3413 2376 dicunt

1871 2427 2054 2489 posse
2082 2408 2146 2467 in
2177 2406 2556 2468 conscientia
2586 2406 2870 2484 accipere
2900 2426 2937 2466 a
2966 2413 3142 2486 patre
3181 2427 3304 2469 non
3335 2428 3411 2468 ex

1871 2504 2271 2574 testamento,
2305 2498 2416 2559 sed
2449 2517 2558 2578 per
2578 2499 2980 2561 donationem
3002 2501 3165 2562 inter
3192 2502 3404 2563 vivos:

1872 2595 2041 2675 quod
2062 2599 2273 2655 tamen
2287 2592 2539 2653 omnino
2568 2591 2978 2670 improbabile
2998 2594 3150 2656 dicit
3174 2595 3403 2656 Sanch.

1872 2707 1934 2748 n.
1966 2692 2025 2748 4.
2057 2691 2119 2748 et
2149 2685 2385 2746 dictum
2415 2688 2672 2762 propter
2700 2704 2823 2745 non
2855 2686 3019 2746 visas
3049 2687 3129 2747 ab
3159 2687 3233 2747 iis
3263 2706 3408 2747 auc-

1870 2780 2110 2843 toribus
2138 2779 2330 2856 legeS,
2364 2794 2503 2856 quae
2552 2776 2614 2836 id
2664 2778 2829 2837 clare
2877 2779 3231 2856 prohibent.
3293 2781 3409 2840 Se-

1872 2873 2079 2935 cundo
2108 2870 2408 2950 rejicitur,
2426 2869 2593 2949 quod
2624 2869 2779 2931 dixit
2803 2871 3145 2933 Menchaca
3170 2872 3277 2933 lib.
3299 2873 3400 2934 111.

1872 2974 2131 3027 controv.
2165 2963 2381 3024 illustr.
2415 2981 2469 3024 c.
2506 2979 2611 3024 cn.
2648 2982 2753 3025 nu.
2787 2967 2886 3025 22.
2938 2983 3163 3043 nempe
3209 2966 3406 3026 filium

1871 3058 2079 3122 clerici
2109 3075 2292 3137 posse
2320 3060 2455 3117 tuta
2480 3055 2864 3118 conscientia
2905 3059 3175 3120 retinere
3221 3059 3342 3120 sibi
3370 3077 3409 3120 a

1870 3159 2048 3233 patre
2077 3151 2339 3222 donata;
2398 3149 2545 3227 quia
2570 3148 2718 3211 licet
2745 3149 2931 3213 fuerit
2958 3151 3223 3232 incapax
3249 3152 3406 3214 acci-

1870 3245 2082 3326 piendi
2134 3261 2148 3307 :
2200 3248 2378 3322 pater
2407 3248 2617 3304 tamen
2646 3243 2963 3306 abdicavit
2991 3245 3338 3306 dominium
3369 3265 3407 3307 a

1870 3359 1958 3415 se,
1992 3344 2182 3416 atque
2210 3336 2350 3397 ideo
2376 3336 2542 3397 bona
2570 3335 2672 3396 illa
2695 3342 2837 3397 sunt
2874 3337 3006 3397 sine
3035 3337 3310 3415 domino,
3345 3344 3408 3401 et

1870 3434 2133 3512 possunt
2195 3429 2273 3489 ab
2321 3430 2456 3508 ipso
2504 3429 2715 3508 spurio
2766 3432 3061 3511 occupari
3104 3436 3404 3512 tanquam

1871 3525 2097 3585 nullius
2146 3522 2203 3582 in
2233 3523 2415 3583 honis
2453 3522 2727 3583 inventa.
2763 3525 2893 3584 Hoc
2941 3529 3150 3586 tamen
3179 3525 3405 3586 falsum

1869 3617 2121 3680 omnino
2155 3620 2281 3692 est,
2333 3621 2402 3677 ut
2429 3615 2652 3693 probat
2675 3617 2904 3678 Sanch.
2940 3637 3000 3679 n.
3033 3623 3093 3679 7.
3129 3619 3403 3697 alioquin

1867 3712 2097 3772 frustra
2129 3713 2337 3769 essent
2365 3710 2536 3786 leges
2564 3708 2900 3770 reddentes
2935 3711 3262 3790 incapaces
3291 3711 3403 3772 ali-

1869 3822 2025 3884 quos
2065 3802 2451 3881 accipiendi,
2505 3802 2554 3861 si
2583 3807 2838 3878 possent
2865 3803 3072 3864 statim
3101 3809 3401 3883 tanquam

1866 3898 2032 3958 bona
2066 3894 2357 3955 vacantia
2403 3894 2534 3953 sine
2565 3894 2690 3953 ullo
2722 3894 2973 3955 domino
3003 3896 3312 3975 occupare
3342 3902 3403 3959 et

1867 3989 2211 4069 acquirere.
2272 3987 2450 4047 Ratio
2502 3991 2711 4047 autem
2755 3993 2883 4063 est,
2940 3990 3089 4069 quia
3134 3990 3403 4051 donator

1867 4101 1990 4143 non
2020 4080 2234 4159 abjicit
2262 4084 2600 4158 utcumque
2630 4079 2975 4140 dominium
2999 4128 3014 4157 ‚
3057 4082 3167 4142 sed
3194 4087 3400 4144 trans-

1862 4174 1984 4236 fert
2011 4174 2073 4233 in
2101 4172 2495 4234 donatarium
2531 4192 2544 4232 :
2580 4191 2774 4252 quare
2804 4173 2852 4233 si
2884 4174 3246 4236 donatarius
3274 4196 3400 4238 non

1864 4271 1959 4328 est
1985 4285 2181 4344 capax
2204 4313 2218 4341 ‚
2250 4271 2534 4326 remanet
2561 4265 2623 4324 in
2656 4265 2949 4327 donante.
3012 4269 3089 4329 Et
3117 4269 3394 4349 quidem,

1861 4378 2003 4421 meo
2027 4359 2291 4438 judici0,
2326 4358 2570 4418 etiamsi
2601 4363 2780 4436 pater
2807 4379 3096 4440 expresse
3127 4363 3392 4425 diceret:

1862 4453 1927 4514 Ε
1927 4473 2001 4533 9⁰
2029 4452 2180 4512 nillil
2203 4451 2275 4512 do
2305 4451 2428 4527 tibi,
2462 4450 2563 4511 sed
2587 4451 2797 4533 abjicio
2837 4453 2958 4514 hoec
3000 4455 3166 4527 bona,
3212 4467 3267 4518 et
3298 4456 3398 4518 ha-

1861 4547 1962 4608 beo
1981 4566 2096 4628 pro
2123 4544 2433 4620 ὀπαῖς-τῖε,
2464 4554 2520 4605 et
2537 4565 2734 4606 moneo
2770 4554 2844 4622 te,
2878 4556 2943 4607 ut
2966 4548 3022 4607 si
3047 4548 3208 4628 velis,
3239 4569 3399 4632 proe·

1862 4657 2098 4720 occupes
2117 4647 2173 4699 ct
2192 4638 2462 4719 acquiras
2491 4656 2557 4698 ea
2586 4647 2718 4698 ante
2745 4638 2890 4698 altos
2907 4657 2934 4715 ,·
2963 4640 3170 4702 adhuc
3198 4647 3400 4705 totum

1862 4752 1984 4793 non
2016 4733 2364 4808 sufficeret,
2416 4736 2485 4792 ut
2513 4731 2760 4809 spurius
2806 4749 3002 4811 capax
3052 4740 3215 4797 esset
3242 4738 3400 4798 acci-

1863 4826 2094 4905 piendi.
2157 4825 2225 4886 In
2274 4824 2511 4902 primis,
2548 4824 2714 4902 quia,
2755 4829 2824 4886 ut
2856 4826 2982 4886 dixi
3012 4827 3171 4907 disp.
3206 4848 3394 4907 praec.

1861 4919 1930 4980 de
1944 4917 2348 5001 promissione,
2389 4926 2443 4977 et
2480 4916 2806 4995 donatione,
2839 4925 2990 4981 sect.
3026 4937 3119 4982 111.
3156 4943 3259 4984 nu.
3294 4928 3392 4987 59.

1863 5030 1986 5072 r.on
2036 5015 2245 5089 potest
2289 5011 2579 5071 dominus
2610 5011 2931 5073 voluntate
2972 5032 3085 5073 sua
3111 5016 3398 5080 amittere

1864 5103 2214 5166 dominium
2243 5104 2332 5163 rei
2363 5123 2514 5180 suae,
2549 5103 2663 5164 nisi
2692 5104 2861 5164 illam
2890 5103 2953 5164 in
2986 5107 3177 5168 alium
3207 5114 3402 5171 trans·

1862 5196 2146 5271 ferendO,
2189 5195 2289 5256 vel
2318 5197 2436 5256 nisi
2464 5197 2621 5257 alius
2644 5196 2873 5259 habeat
2900 5198 3147 5260 titulum
3177 5203 3400 5280 proela-

1864 5289 2051 5352 tionis
2082 5290 2250 5351 circa
2278 5308 2409 5349 rem
2441 5290 2608 5350 illam
2630 5337 2644 5366 ,
2696 5296 2952 5370 propter
2979 5293 3285 5355 rationem
3312 5295 3396 5357 ibi

1864 5383 2186 5445 traditam.
2238 5383 2548 5455 Quamdiu
2592 5402 2742 5463 ergo
2788 5383 2951 5445 filius
2981 5404 3104 5446 non
3133 5388 3403 5468 acquirit

1862 5476 2208 5539 dominium
2264 5476 2510 5536 illorum
2566 5476 2874 5538 bonorum
2896 5525 2910 5554 ,
2957 5497 3206 5558 semper
3256 5468 3403 5544 sunt

3590 1161 3751 1216 ccipm
