4263 6376
577 1618 691 1680 215

532 1742 650 1837 93:³21,
685 1745 720 1788 sl

479 1798 771 1906 013ῒὲἱὲῗυί
823 1799 1047 1862 intuitu
1077 1803 1364 1881 acquirit,
1391 1821 1515 1866 non
1546 1810 1691 1868 sunt
1718 1809 2034 1885 peculium
2068 1810 2358 1888 profecti-

827 315 942 384 122

824 494 1090 576 laboriS,
1144 495 1393 577 quando
1442 514 1556 557 nee
1594 495 1790 573 gratis
1828 495 2117 561 laborare
2147 497 2354 574 vellet,

827 606 943 651 nec
972 588 1231 652 deberet
1258 589 1419 667 patri
1444 593 1645 651 totum
1683 590 1856 654 illum
1890 590 2172 654 laborem
2200 609 2360 669 praa-

825 684 1013 758 stare‚
1048 680 1329 748 deductis
1350 685 1559 743 tamen
1588 681 1921 760 alimentiS,
1954 701 2095 763 quae
2116 702 2156 745 a
2183 688 2358 762 patre

825 773 1199 852 accipiebat;
1262 774 1411 854 quia
1455 779 1636 854 pater
1678 794 1802 837 non
1831 777 2164 839 tenebatur
2190 778 2357 839 alere

824 885 1002 942 oum,
1055 868 1163 947 qui
1211 886 1284 927 ex
1313 870 1565 949 proprio
1598 869 1905 950 stipendio
1937 871 2150 932 vivere
2187 875 2358 950 pote-

821 963 939 1024 rat.
984 961 1049 1023 Si
1078 979 1225 1024 vero
1253 962 1416 1026 filius
1444 963 1757 1044 acciperet
1794 965 2119 1042 sibi1illam
2164 966 2359 1043 patris

822 1053 1152 1136 pecuniam
1174 1101 1189 1130 ‚
1224 1055 1355 1115 sive
1383 1055 1548 1118 licite
1579 1057 1708 1118 sive
1738 1058 1946 1120 illicite
1967 1105 1982 1134 ,
2035 1078 2176 1138 quae
2205 1060 2358 1120 alius

823 1146 991 1224 apud
1020 1152 1265 1226 patrem
1295 1149 1503 1210 futura
1535 1155 1668 1212 erat
1697 1150 1893 1216 otiosa
1917 1199 1932 1228 ‚
1990 1157 2051 1218 ct
2080 1172 2222 1214 cum
2252 1154 2358 1213 illa

822 1239 938 1299 sibi
987 1245 1050 1301 et
1085 1260 1197 1302 suo
1247 1242 1499 1303 nomine
1536 1245 2009 1323 negotiaretur:
2062 1246 2353 1324 diximuS,

822 1331 1077 1396 lucrum
1115 1353 1251 1395 esse
1300 1336 1743 1415 adventitium,
1796 1343 1858 1402 et
1902 1346 2360 1420 consequenter

825 1444 949 1490 uon
980 1428 1099 1493 erit
1125 1428 1603 1508 conferendum,
1638 1435 1746 1494 nut
1774 1434 2266 1513 computandum
2294 1435 2357 1497 in

825 1523 1069 1599 partem
1096 1521 1389 1599 legitimae
1418 1523 1611 1604 ipsius
1638 1524 1743 1585 filii
1754 1572 1767 1587 .

906 1615 993 1673 De
1020 1612 1147 1676 filio
1168 1617 1379 1678 tamen
1401 1618 1791 1696 emancipato
1810 1619 2058 1686 videtur
2072 1641 2206 1683 esse
2222 1641 2357 1705 spc-

826 1705 998 1766 oialis
1022 1707 1461 1772 difficultastin
1493 1729 1565 1771 eo
1593 1711 1760 1773 enim
1781 1732 1921 1793 quae
1952 1716 2146 1793 patris
2169 1717 2358 1780 etiam

822 1892 1011 1968 tium,
1060 1912 1175 1962 nec
1222 1897 1567 1976 acquiritur
1615 1900 1776 1978 patri
1814 1921 1827 1963 :
1863 1920 2058 1980 quare
2087 1903 2142 1963 si
2171 1904 2360 1966 vellet

822 1987 909 2054 ita
937 2006 1012 2056 ex
1051 1988 1318 2067 pecunia
1362 1990 1557 2072 patris
1605 1993 1950 2072 negotiari,
1998 1998 2067 2060 ut
2110 1996 2358 2060 lucrum

821 2080 1162 2161 pertineret
1207 2082 1288 2146 ad
1331 2103 1396 2145 se
1452 2086 1799 2152 secundum
1852 2092 2097 2168 partem
2153 2108 2354 2152 corre-

821 2174 1236 2254 spondentem
1263 2195 1392 2239 suae
1422 2178 1772 2257 industriae,
1808 2181 2057 2244 videtur
2083 2184 2252 2262 quod
2283 2204 2358 2246 ea

823 2267 1012 2327 etiam
1043 2287 1186 2347 pars
1232 2270 1389 2332 lucri
1421 2291 1545 2334 non
1577 2279 1741 2337 esset
1788 2276 2198 2355 conferenda,
2243 2298 2358 2340 nec

824 2362 1251 2440 computanda
1277 2364 1341 2424 in
1369 2365 1752 2445 legitimam,
1805 2387 1947 2431 cum
1977 2389 2102 2432 non
2133 2390 2358 2451 prove-

823 2453 954 2516 niat
981 2473 1017 2516 a
1048 2460 1244 2533 patre,
1277 2458 1385 2518 sed
1409 2477 1445 2518 a
1466 2460 1719 2540 propria
1737 2461 2064 2526 industria.
2085 2465 2356 2526 Aliunde

821 2567 968 2614 vero
998 2549 1166 2610 idem
1191 2550 1527 2616 dicendum
1560 2554 1805 2619 videtur
1852 2556 2061 2635 quoad
2109 2558 2230 2619 hoc
2277 2560 2354 2620 de

821 2641 946 2704 filio
977 2644 1390 2723 emancipato,
1423 2649 1487 2708 et
1511 2646 1589 2706 de
1620 2664 1741 2711 nou
1773 2649 2188 2729 emancipato,
2208 2653 2356 2733 quia

818 2735 964 2800 licet
992 2737 1238 2800 differat
1284 2739 1492 2818 quoad
1539 2740 1690 2818 hoc,
1726 2742 1895 2820 quod
1925 2745 2356 2824 emancipatus

820 2846 944 2891 non
986 2830 1137 2894 facit
1176 2830 1493 2909 peculium
1533 2834 1955 2913 profectitium
1995 2839 2194 2916 patri,
2244 2840 2354 2900 sed

820 2922 959 2997 sibi,
993 2921 1153 2985 sicut
1180 2926 1243 2984 et
1269 2924 1334 2988 in
1364 2925 1709 2990 adventitio
1739 2940 1881 3008 post
1909 2932 2356 3011 emancipatio-

821 3032 965 3078 nem
1012 3017 1315 3099 aequisito
1374 3017 1565 3081 habet
1614 3024 1817 3088 totum
1865 3025 2349 3105 usumfructum,

822 3125 1009 3190 quem
1041 3126 1167 3170 non
1197 3109 1389 3174 habet
1414 3111 1578 3177 filius
1628 3132 1753 3176 non
1783 3117 2210 3196 emancipatas
2243 3140 2256 3181 :
2290 3120 2353 3179 in

821 3201 1038 3263 ordine
1066 3207 1278 3265 tamen
1326 3204 1406 3269 ad
1449 3207 1847 3271 collationem
1898 3211 2353 3277 advertendum

821 3299 934 3370 est,
968 3294 1072 3355 illa
1103 3297 1312 3356 omnia
1344 3299 1647 3377 appellari
1691 3302 2042 3380 profectitia
2070 3305 2260 3366 ctiam
2288 3307 2353 3366 in

817 3388 944 3455 filio
973 3390 1387 3470 emancipato,
1421 3410 1561 3472 quse
1579 3395 1953 3473 proveniunt
1979 3398 2105 3459 filio
2138 3418 2214 3459 ex
2241 3419 2354 3480 pa·-

817 3485 937 3558 tre,
971 3483 1164 3544 velex
1189 3484 1538 3549 substantia
1569 3488 1763 3565 patris
1784 3537 1798 3563 ,
1833 3495 1896 3550 et
1924 3510 2067 3569 quse
2099 3493 2163 3553 in
2192 3494 2354 3555 filio-

819 3575 1084 3639 familias
1115 3583 1320 3641 essent
1349 3580 1663 3658 peculium
1686 3583 2352 3667 profectitium2quare

819 3670 869 3732 si
899 3688 1023 3730 non
1055 3671 1485 3751 emancipatus
1513 3677 1713 3736 totum
1734 3676 1978 3737 lucrum
2000 3679 2354 3757 acquireret

817 3764 1000 3847 patri,
1035 3765 1285 3844 quando
1317 3766 1480 3831 filius
1510 3786 1586 3829 ex
1616 3768 1750 3848 ejus
1779 3772 2048 3848 pecunia
2078 3773 2352 3835 formali·

815 3861 933 3934 ter,
968 3862 1036 3918 ut
1064 3857 1300 3921 dictum
1329 3864 1461 3936 est,
1509 3863 1904 3940 negotiatur,
1961 3865 2111 3926 illud
2162 3868 2352 3928 etiam

815 3950 1059 4017 lucrum
1091 3950 1332 4016 dicetur
1375 3955 1797 4034 profectitium
1843 3957 1907 4018 iu
1955 3962 2352 4039 emancipato

819 4044 1024 4124 quoad
1072 4047 1362 4107 effectum
1418 4049 1765 4110 collationis
1786 4100 1800 4127 ,
1861 4051 2008 4114 licet
2049 4073 2123 4113 cx
2175 4059 2352 4134 parte

818 4137 1058 4215 acquiri
1090 4138 1285 4216 possit
1315 4139 1431 4219 ipsi
1460 4142 1618 4217 filio,
1662 4144 1823 4206 sicut
1850 4146 1973 4206 alia
2012 4147 2178 4208 bona
2209 4167 2356 4228 pro-

818 4230 1075 4295 fectitia.

898 4325 1222 4403 ExistimO,
1257 4328 1464 4407 quoad
1498 4328 1895 4391 collationem
1937 4351 2061 4393 non
2094 4352 2229 4395 esse
2261 4334 2358 4394 di-

821 4418 1089 4481 scrimen
1120 4420 1283 4482 inter
1311 4424 1645 4500 utrumque
1669 4423 1866 4484 filium
1902 4445 1915 4487 ε
1952 4444 2118 4503 nam,
2142 4432 2210 4488 ut
2230 4427 2356 4487 dixi

820 4511 956 4574 loco
998 4513 1220 4593 nitate,
1274 4514 1463 4576 etiem
1507 4533 1631 4575 non
1681 4518 2110 4598 emancipatus
2155 4524 2360 4598 potest

821 4608 1065 4686 partem
1091 4606 1255 4670 illius
1284 4608 1441 4670 lucri
1470 4609 1675 4670 facere
1722 4612 2036 4689 peculium
2068 4613 2358 4675 udventi-

820 4700 1007 4776 tium,
1042 4701 1296 4780 quando
1328 4720 1520 4780 opera
1549 4702 1654 4762 illa
1692 4722 1816 4765 non
1867 4711 2001 4766 orat
2045 4707 2210 4784 patri
2241 4706 2352 4766 de·

822 4793 981 4869 hita,
1017 4797 1079 4854 et
1104 4794 1267 4855 filius
1298 4795 1565 4857 intendit
1592 4797 1711 4857 sibi
1754 4800 1986 4860 lucrari
2019 4819 2130 4878 pro
2163 4819 2357 4879 opera

823 4906 1013 4968 quam
1044 4888 1322 4967 apponit,
1358 4893 1422 4950 et
1449 4890 1587 4950 ideo
1621 4891 1810 4952 etiam
1839 4893 1902 4952 in
1933 4911 2058 4955 non
2089 4893 2361 4953 emanci-

822 4986 968 5060 pato
1000 5001 1144 5060 pars
1173 4982 1279 5044 illa
1308 4982 1464 5043 lucri
1496 5002 1617 5043 non
1652 4989 1744 5045 est
1763 4986 2168 5062 conferenda,
2191 4987 2358 5065 quod

824 5094 858 5135 a
904 5076 1146 5137 fortiori
1187 5094 1409 5137 verum
1450 5076 1569 5138 erit
1616 5076 1680 5136 in
1734 5080 2170 5157 emancipatO,
2215 5080 2361 5159 quia

824 5170 1033 5248 quoad
1064 5170 1236 5231 illam
1265 5174 1509 5249 partem
1552 5188 1678 5232 non
1718 5172 2004 5251 procedit
2047 5193 2119 5233 ex
2170 5191 2362 5251 pecu-

824 5262 928 5322 nia
957 5263 1152 5340 patris
1177 5312 1191 5340 ,
1244 5263 1353 5323 sed
1385 5281 1461 5324 ex
1497 5263 1827 5327 industria.
1876 5266 2237 5328 Differentia
2266 5269 2362 5326 ta·

824 5372 969 5414 men
1001 5360 1096 5416 est
1118 5405 1133 5432 ,
1168 5356 1336 5436 quod
1369 5357 1802 5436 emancipatus
1844 5358 2207 5437 frequenter
2237 5376 2361 5417 non

824 5447 1013 5510 debet
1038 5449 1202 5527 patri
1233 5467 1456 5528 operas
1483 5469 1631 5512 suas
1655 5500 1669 5527 ,
1717 5451 1880 5512 sicut
1926 5469 2049 5511 non
2081 5451 2358 5511 emanci-

822 5545 1009 5628 patus
1046 5543 1465 5605 communiter
1510 5563 1617 5605 eas
1646 5545 1857 5622 debet,
1894 5549 1957 5607 et
1985 5545 2126 5605 ideo
2158 5544 2361 5605 rarius

1971 319 2072 383 DE
2112 320 2148 384 J
2156 318 2470 385 USTITIA
2516 318 2616 385 ET
2637 263 2855 382 ‘Juau

2451 494 2688 578 poterit
2729 494 3133 572 contingere,
3183 492 3351 574 quod
3388 510 3513 558 uon
3555 490 4001 569 mancipatu

2457 589 2646 652 saciat
2671 588 2915 652 lucrum
2949 587 3383 663 adventitium,
3411 586 3666 666 quaudo
3693 604 3781 650 ex
3811 600 4002 662 penu·

2459 683 2562 744 nia
2589 683 2783 762 patris
2814 686 2882 746 ut
2907 681 3103 766 patris
3126 730 3140 758 ,
3173 682 3307 746 vult
3335 680 3640 760 negotiari
3667 678 3874 744 modo
3904 696 4002 737 ex·

2457 776 2707 855 plicato·

2539 872 2751 932 Restat
2779 869 2985 929 dicere
3017 869 3094 929 de
3112 867 3553 928 donationibus
3584 866 3719 928 aliis
3757 885 3898 927 non
3926 867 4000 927 ob
4115 857 4163 932 3Ιῦ

2457 980 2727 1033 causam,
2764 963 2875 1024 sed
2905 962 3286 1041 simplicibus
3307 1012 3320 1037 ,
3374 961 3452 1022 de
3498 960 3721 1044 quibus
3777 958 4002 1038 regula
4059 991 4163 1042 tm,

2457 1056 2824 1120 universalis
2854 1076 3040 1134 supra
3073 1057 3274 1137 posita
3306 1059 3441 1118 erat
3464 1104 3479 1132 ,
3522 1055 3692 1135 quod
3721 1072 3862 1115 non
3900 1053 4004 1112 de·
4043 1049 4163 1146 *Ἐξ

2455 1149 2646 1211 beant
2676 1151 2940 1212 conferri
2978 1171 2991 1211 :
3027 1150 3160 1211 haec
3190 1153 3401 1214 tamen
3430 1168 3580 1210 vera
3628 1167 3761 1210 non
3794 1152 3899 1208 est
3926 1147 4001 1208 de
4086 1149 4163 1206 nusi

2457 1242 2895 1305 donationibus
2923 1244 3101 1306 factis
3131 1262 3168 1302 ιι
3194 1248 3372 1323 patre
3401 1243 3529 1303 filio
3560 1242 3998 1320 emancipato,

2457 1340 2527 1402 ut
2571 1337 2883 1413 colligitur
2910 1355 2985 1396 ex
3032 1337 3071 1401 l.
3114 1336 3194 1397 Ut
3221 1355 3256 1396 α
3287 1335 3521 1412 liberis,
3569 1335 3629 1395 in
3671 1336 3785 1396 fin.
3834 1336 3906 1395 C.
3939 1332 4005 1393 de

2456 1429 2652 1512 collat,
2689 1431 3091 1508 Excipiuutur
3138 1429 3327 1489 etiam
3357 1429 3726 1491 donationes
3755 1429 4003 1507 simpli·-

2456 1541 2560 1584 ces
2588 1523 2767 1586 factae
2795 1523 2936 1588 filiis
2964 1524 3026 1583 in
3057 1522 3347 1583 donantis
3367 1525 3671 1600 potestate
3695 1524 4003 1584 constitu·

2457 1617 2555 1693 tis,
2590 1617 2719 1678 sive
2747 1616 2929 1679 factae
2958 1635 2998 1678 a
3025 1618 3227 1677 matre
3252 1661 3267 1690 ,
3310 1615 3442 1678 avis
3485 1617 3794 1679 maternis
3820 1663 3836 1692 ,
3897 1623 4002 1678 aut

2455 1709 2598 1771 avia
2624 1713 2910 1772 materna
2935 1709 3098 1782 filiis,
3132 1708 3229 1769 vel
3260 1708 3591 1787 nepotibus
3620 1710 3995 1787 emancipa-

2453 1803 2555 1878 tis,
2588 1803 2686 1865 vel
2714 1821 2838 1866 non
2867 1801 3297 1881 emancipati&
3332 1802 3583 1881 quando
3601 1802 3857 1863 donans
3886 1809 4003 1864 sta·

2454 1896 2573 1960 tuit
2600 1901 2671 1960 ut
2696 1897 3101 1960 conferantur
3123 1941 3139 1972 ,
3185 1895 3284 1957 vel
3314 1896 3503 1960 etiam
3533 1897 3788 1978 quaudo
3846 1897 4000 1958 alius

2455 1990 2618 2052 filius
2648 1990 2836 2053 debet
2864 1990 3146 2054 conferre
3178 1989 3582 2055 donationem
3612 1990 3728 2052 sibi
3759 1990 3999 2054 factam

2456 2084 2536 2146 ob
2566 2102 2842 2150 causam.
2894 2083 2958 2152 Si
2990 2100 3138 2148 vero
3169 2083 3254 2144 illi
3283 2082 3382 2144 cui
3423 2083 3587 2149 facta
3613 2087 3707 2145 est
3732 2083 3998 2146 donatio

2457 2177 2738 2255 simplex,
2786 2177 2952 2237 facta
2995 2176 3186 2238 etiem
3228 2176 3446 2238 fuisset
3472 2177 3596 2238 alia
3624 2177 3892 2238 donatio
3921 2177 3996 2237 ob

2456 2289 2731 2348 causam,
2766 2269 3014 2344 sufficit,
3045 2269 3095 2331 si
3127 2269 3262 2332 haec
3279 2270 3575 2346 secunda,
3602 2274 3663 2332 et
3682 2289 3816 2334 non
3833 2274 3997 2332 utra-
4161 2275 4162 2336 l

2456 2384 2576 2446 que
2607 2365 2965 2427 conferatur
2996 2385 3008 2426 :
3043 2363 3345 2425 satisfacit
3386 2363 3576 2427 etiam
3606 2364 3991 2428 remittendo

2457 2458 2633 2520 alteri
2678 2457 3124 2536 obligationem
3179 2456 3542 2522 conserendi
3585 2457 3994 2520 donationem

2454 2552 2682 2614 factam
2712 2552 2799 2614 illi
2831 2552 2911 2612 ob
2941 2568 3229 2628 causam,
3277 2555 3348 2611 ut
3381 2551 3516 2628 ipse
3547 2569 3671 2612 nou
3699 2556 3996 2612 teneatur

2455 2647 2736 2708 conferre
2784 2645 3185 2708 donationem
3235 2642 3603 2723 simplicem.
3664 2648 3818 2706 Haec
3876 2650 3994 2708 tra-

2455 2740 2688 2802 duntur
2739 2758 2778 2800 a
2830 2736 3192 2800 doctoribus
3247 2737 3663 2799 communiter
3717 2737 3800 2797 de
3853 2738 3993 2817 jure

2455 2832 2807 2908 communi,
2858 2850 2998 2911 quse
3048 2834 3262 2891 tamen
3307 2829 3410 2892 vix
3456 2847 3532 2892 ex
3575 2831 3825 2909 legibus
3873 2831 3992 2893 col-

2451 2926 2560 3005 ligi
2615 2929 2913 3006 possunt,
2962 2924 3123 2986 adeo
3168 2924 3426 2985 contuse
3473 2925 3843 3003 loquuntur.
3891 2926 3991 2987 vi-

2455 3020 2677 3082 deatur
2695 3019 2840 3082 Mol.
2875 3018 3035 3098 disp.
3071 3034 3315 3082 ccxmu.
3350 3018 3458 3096 qui
3506 3036 3621 3079 nec
3661 3018 3797 3097 ipse
3843 3018 3990 3080 satis

2453 3115 2618 3176 clare
2650 3113 2947 3195 loquitur.

2531 3208 2861 3270 Dubitatur
2888 3206 3110 3286 prime,
3147 3223 3225 3266 an
3256 3205 3510 3284 quando
3543 3210 3720 3283 pater
3737 3205 3872 3267 filio
3902 3198 4163 3267 rei-217

2451 3302 2640 3363 mittit
2667 3300 3145 3375 usumfructum,
3186 3316 3374 3378 quem
3404 3317 3477 3359 ex
3498 3299 3632 3377 ejus
3661 3299 3849 3359 bonis
3886 3298 3988 3358 ad·
4070 3325 4148 3375 Qu,
4161 3334 4162 3365 ι

2450 3395 2724 3458 ventitiis
2753 3394 2986 3454 habere
3013 3397 3256 3471 posset,
3287 3391 3539 3454 donatio
3569 3410 3676 3451 seu
3702 3393 3986 3453 remissio
4028 3374 4163 3475 ξιξ

2452 3489 2558 3549 illa
2586 3486 2965 3549 conferenda
2993 3485 3093 3561 sit,
3119 3485 3218 3545 vel
3248 3485 3668 3564 computanda
3695 3486 3759 3546 in
3784 3487 3991 3564 legiti-
4061 3484 4163 3577 ΜΞ

2451 3582 2664 3644 mam?
2692 3580 3063 3658 Respondeo
3095 3579 3407 3657 negative,
3441 3578 3590 3657 quia
3615 3579 3717 3639 illa
3744 3598 3875 3640 non
3903 3586 3990 3640 est

2451 3674 2701 3756 proprie
2730 3673 3018 3750 donati0‚
3070 3672 3180 3733 sed
3209 3671 3591 3734 renuntiatio
3630 3673 3792 3751 juris
3822 3672 3985 3753 quod

2451 3774 2629 3850 pater
2657 3768 2888 3828 habere
2909 3770 3137 3844 posset.
3189 3767 3283 3826 Ita
3308 3767 3498 3844 Vasq.
3542 3784 3684 3826 cum
3714 3767 3855 3826 aliis
3885 3786 3983 3829 nu.

2453 3866 2588 3925 168.
2625 3860 2853 3923 Sanch.
2885 3859 2994 3921 lib.
3028 3861 3075 3921 1.
3113 3858 3332 3920 Consil.
3379 3877 3434 3920 c.
3471 3875 3544 3920 11.
3589 3859 3740 3922 dub.
3774 3877 3890 3923 xn.
3925 3879 3983 3922 n.

2452 3961 2511 4018 3.
2547 3961 2608 4017 ot
2637 3950 2762 4014 alii.

2533 4048 2815 4111 Dubitmi
2844 4049 3052 4127 potest
3079 4045 3354 4106 secundo
3394 4064 3509 4124 pro
3548 4047 3724 4125 praxi
3755 4052 3819 4109 et
3847 4046 4163 4109 con-318

2454 4143 2712 4205 scientia
2741 4140 2827 4217 id,
2862 4140 3029 4219 quod
3061 4159 3097 4200 ιι
3127 4139 3375 4200 nemine
3414 4143 3753 4201 tractatum
3781 4141 3982 4217 video,
4070 4176 4162 4229 04³2

2455 4256 2535 4297 an
2567 4254 2662 4310 eu,
2696 4252 2835 4314 quoe
2866 4238 3043 4312 pater
3071 4232 3131 4292 in
3163 4232 3291 4294 vita
3342 4232 3693 4293 successive
3738 4234 3989 4294 donarit
4027 4239 4122 4288 1⁵³¹er
4113 4236 4163 4323 3

2455 4331 2582 4391 filio
2613 4328 2949 4389 donatione
2981 4326 3265 4405 simplici,
3310 4332 3372 4388 et
3403 4326 3534 4404 ipse
3552 4326 3716 4386 filius
3747 4346 3987 4388 succes·
4047 4335 4154 4381 aad

2456 4425 2586 4485 sine
2618 4421 3042 4500 consumpsit,
3077 4419 3161 4481 ita
3183 4424 3253 4482 ut
3280 4439 3354 4479 ex
3385 4420 3501 4480 illis
3531 4438 3657 4481 non
3688 4421 3771 4482 sit
3797 4422 3986 4481 factus
4058 4394 4163 4497 ’ἷῗι

2454 4516 2858 4596 locupletior,
2893 4518 3181 4576 teneatur
3209 4514 3272 4574 in
3302 4514 3701 4575 collationem
3733 4518 3982 4586 afferre3
4037 4512 4095 4541 α’
4077 4458 4163 4541 Μ

2458 4614 2521 4672 et
2546 4610 2716 4669 idem
2746 4608 2939 4687 quaeri
2973 4610 3178 4685 potest
3205 4607 3282 4667 de
3314 4608 3560 4668 donatis
3603 4608 3684 4667 ob
3715 4625 3985 4681 causam,

2458 4702 2711 4782 quando
2764 4702 2826 4760 in
2856 4700 2966 4760 filii
2996 4700 3330 4761 utilitatem
3368 4717 3671 4761 conversa
3714 4719 3839 4762 non
3867 4701 3990 4760 sue·

2458 4801 2625 4871 runt,
2660 4798 2722 4854 et
2758 4794 2836 4853 de
2864 4794 3111 4853 donatis
3160 4812 3282 4853 non
3324 4794 3715 4869 successive,
3768 4794 3879 4855 sed
3924 4793 3992 4852 si·

2459 4889 2609 4949 mul.
2642 4887 2986 4966 Loquimur
3014 4890 3224 4947 autem
3267 4886 3345 4946 de
3377 4886 3499 4947 illis
3527 4887 3985 4960 donationibus,

2461 4999 2599 5062 quae
2622 4979 2802 5060 juxta
2830 4998 3021 5059 supra
3063 4980 3231 5040 dicta
3271 4979 3540 5040 conferri
3572 4979 3844 5057 debent,
3877 4997 3989 5041 non

2461 5076 2539 5135 de
2569 5073 2686 5134 illis
2735 5073 2910 5149 aliis,
2963 5091 3118 5152 quas
3164 5072 3434 5132 diximus
3478 5073 3720 5133 censeri
3764 5074 3989 5152 absque

2461 5167 2566 5229 tali
2599 5165 2808 5227 animo
2839 5167 3034 5226 sac-tas
3054 5211 3068 5240 ,
3104 5169 3166 5226 et
3194 5165 3506 5243 pertinere
3535 5165 3745 5245 potius
3775 5167 3856 5226 ad
3886 5165 3988 5225 aii·

2463 5265 2696 5337 menta,
2731 5278 2872 5340 quae
2904 5259 3240 5338 aliquando
3285 5258 3527 5338 majora
3570 5260 3678 5319 uni
3709 5259 3839 5319 filio
3867 5257 3987 5318 dari

2464 5357 2765 5433 possunt,
2808 5358 2871 5414 ct
2914 5353 3136 5414 solent.
3171 5352 3437 5414 Videtur
3477 5356 3690 5414 autem
3748 5372 3824 5412 ex
3881 5368 3990 5412 uno

2464 5447 2692 5527 capite,
2727 5447 2892 5526 quod
2927 5464 3050 5505 non
3084 5445 3162 5506 sit
3191 5446 3489 5521 obligatio
3520 5446 3582 5505 in
3611 5444 3990 5505 conscientia

2465 5541 2570 5602 illa
2600 5538 2999 5613 conterendi3
3034 5539 3234 5617 primo
3260 5584 3275 5614 ,
3311 5538 3461 5618 quia
3488 5538 3792 5609 diximus,
3842 5537 3989 5598 male
