<?xml version="1.0" encoding="UTF-8"?>
<!DOCTYPE html PUBLIC "-//W3C//DTD XHTML 1.0 Transitional//EN"
    "http://www.w3.org/TR/xhtml1/DTD/xhtml1-transitional.dtd">
<html xmlns="http://www.w3.org/1999/xhtml" xml:lang="en" lang="en">
 <head>
  <title>
</title>
<meta http-equiv="Content-Type" content="text/html;charset=utf-8" />
  <meta name='ocr-system' content='tesseract 3.04.00' />
  <meta name='ocr-capabilities' content='ocr_page ocr_carea ocr_par ocr_line ocrx_word'/>
</head>
<body>
  <div class='ocr_page' id='page_1' title='image "./joannisdelugodi00lugogoog_0386.png"; bbox 0 0 4263 6376; ppageno 0'>
   <div class='ocr_carea' id='block_1_1' title="bbox 832 300 952 366">
    <p class='ocr_par' dir='ltr' id='par_1_1' title="bbox 832 300 952 366">
     <span class='ocr_line' id='line_1_1' title="bbox 832 300 952 366; baseline 0 0"><span class='ocrx_word' id='word_1_1' title='bbox 832 300 952 366; x_wconf 77' lang='lat'>366</span> 
     </span>
    </p>
   </div>
   <div class='ocr_carea' id='block_1_2' title="bbox 505 478 2365 1766">
    <p class='ocr_par' dir='ltr' id='par_1_2' title="bbox 505 478 2349 760">
     <span class='ocr_line' id='line_1_2' title="bbox 584 478 2349 558; baseline -0.003 -13"><span class='ocrx_word' id='word_1_2' title='bbox 584 486 660 546; x_wconf 81' lang='lat'>85</span> <span class='ocrx_word' id='word_1_3' title='bbox 913 481 1088 544; x_wconf 87' lang='lat' dir='ltr'>Circa</span> <span class='ocrx_word' id='word_1_4' title='bbox 1115 480 1235 541; x_wconf 89' lang='lat' dir='ltr'>hoc</span> <span class='ocrx_word' id='word_1_5' title='bbox 1261 483 1473 543; x_wconf 89' lang='lat' dir='ltr'>tamen</span> <span class='ocrx_word' id='word_1_6' title='bbox 1503 478 1958 540; x_wconf 90' lang='lat' dir='ltr'>advertendum</span> <span class='ocrx_word' id='word_1_7' title='bbox 1989 482 2083 540; x_wconf 89' lang='lat' dir='ltr'>est</span> <span class='ocrx_word' id='word_1_8' title='bbox 2125 479 2349 558; x_wconf 88' lang='lat' dir='ltr'>primo,</span> 
     </span>
     <span class='ocr_line' id='line_1_3' title="bbox 564 571 2354 653; baseline -0.001 -21"><span class='ocrx_word' id='word_1_9' title='bbox 564 610 697 653; x_wconf 69' lang='lat' dir='ltr'>Anax</span> <span class='ocrx_word' id='word_1_10' title='bbox 836 572 1098 653; x_wconf 77' lang='lat' dir='ltr'>aliquoS,</span> <span class='ocrx_word' id='word_1_11' title='bbox 1143 591 1302 652; x_wconf 92' lang='lat' dir='ltr'>quos</span> <span class='ocrx_word' id='word_1_12' title='bbox 1330 574 1510 632; x_wconf 83' lang='lat' dir='ltr'>affert</span> <span class='ocrx_word' id='word_1_13' title='bbox 1564 571 1742 633; x_wconf 87' lang='lat' dir='ltr'>Salas</span> <span class='ocrx_word' id='word_1_14' title='bbox 1789 591 1894 632; x_wconf 92' lang='lat' dir='ltr'>nu.</span> <span class='ocrx_word' id='word_1_15' title='bbox 1952 575 2049 633; x_wconf 82' lang='grc'><strong>12.</strong></span> <span class='ocrx_word' id='word_1_16' title='bbox 2100 573 2354 647; x_wconf 86' lang='lat' dir='ltr'>sentire,</span> 
     </span>
     <span class='ocr_line' id='line_1_4' title="bbox 505 664 2362 760; baseline -0.001 -33"><span class='ocrx_word' id='word_1_17' title='bbox 505 677 557 720; x_wconf 64' lang='grc' dir='ltr'>Ψ·</span> <span class='ocrx_word' id='word_1_18' title='bbox 558 674 757 760; x_wconf 60' lang='lat' dir='ltr'>ffiulffl</span> <span class='ocrx_word' id='word_1_19' title='bbox 835 666 1004 745; x_wconf 90' lang='lat' dir='ltr'>quod</span> <span class='ocrx_word' id='word_1_20' title='bbox 1035 665 1221 728; x_wconf 83' lang='lat' dir='ltr'>etiam</span> <span class='ocrx_word' id='word_1_21' title='bbox 1261 665 1503 725; x_wconf 87' lang='lat' dir='ltr'>seclusa</span> <span class='ocrx_word' id='word_1_22' title='bbox 1532 664 1705 725; x_wconf 90' lang='lat' dir='ltr'>hulla</span> <span class='ocrx_word' id='word_1_23' title='bbox 1740 664 1832 726; x_wconf 90' lang='lat' dir='ltr'>Pii</span> <span class='ocrx_word' id='word_1_24' title='bbox 1861 666 1936 727; x_wconf 87' lang='lat' dir='ltr'>V.</span> <span class='ocrx_word' id='word_1_25' title='bbox 1968 665 2066 726; x_wconf 88' lang='lat' dir='ltr'>vel</span> <span class='ocrx_word' id='word_1_26' title='bbox 2095 665 2147 725; x_wconf 90' lang='lat' dir='ltr'>si</span> <span class='ocrx_word' id='word_1_27' title='bbox 2177 665 2362 725; x_wconf 87' lang='lat' dir='ltr'>alicu·</span> 
     </span>
    </p>

    <p class='ocr_par' dir='ltr' id='par_1_3' title="bbox 829 757 2365 1766">
     <span class='ocr_line' id='line_1_5' title="bbox 831 757 2361 837; baseline -0.003 -16"><span class='ocrx_word' id='word_1_28' title='bbox 831 760 895 822; x_wconf 85' lang='lat' dir='ltr'>bi</span> <span class='ocrx_word' id='word_1_29' title='bbox 924 778 1049 819; x_wconf 90' lang='lat' dir='ltr'>non</span> <span class='ocrx_word' id='word_1_30' title='bbox 1088 757 1344 836; x_wconf 88' lang='lat' dir='ltr'>obligat,</span> <span class='ocrx_word' id='word_1_31' title='bbox 1380 776 1506 820; x_wconf 90' lang='lat' dir='ltr'>non</span> <span class='ocrx_word' id='word_1_32' title='bbox 1559 757 1758 837; x_wconf 79' lang='lat' dir='ltr'>possit</span> <span class='ocrx_word' id='word_1_33' title='bbox 1799 776 2023 819; x_wconf 89' lang='lat' dir='ltr'>census</span> <span class='ocrx_word' id='word_1_34' title='bbox 2066 757 2361 818; x_wconf 89' lang='lat' dir='ltr'>constitui</span> 
     </span>
     <span class='ocr_line' id='line_1_6' title="bbox 835 849 2364 930; baseline -0.002 -17"><span class='ocrx_word' id='word_1_35' title='bbox 835 871 909 913; x_wconf 86' lang='lat' dir='ltr'>ex</span> <span class='ocrx_word' id='word_1_36' title='bbox 940 851 1172 927; x_wconf 84' lang='lat' dir='ltr'>debitO,</span> <span class='ocrx_word' id='word_1_37' title='bbox 1208 849 1380 930; x_wconf 91' lang='lat' dir='ltr'>quod</span> <span class='ocrx_word' id='word_1_38' title='bbox 1409 868 1535 911; x_wconf 90' lang='lat' dir='ltr'>non</span> <span class='ocrx_word' id='word_1_39' title='bbox 1578 850 1657 911; x_wconf 88' lang='lat' dir='ltr'>sit</span> <span class='ocrx_word' id='word_1_40' title='bbox 1708 854 2100 912; x_wconf 86' lang='lat' dir='ltr'>contractum</span> <span class='ocrx_word' id='word_1_41' title='bbox 2129 869 2205 911; x_wconf 94' lang='lat' dir='ltr'>ex</span> <span class='ocrx_word' id='word_1_42' title='bbox 2230 868 2364 910; x_wconf 90' lang='lat' dir='ltr'>mu-</span> 
     </span>
     <span class='ocr_line' id='line_1_7' title="bbox 830 942 2363 1023; baseline -0.003 -17"><span class='ocrx_word' id='word_1_43' title='bbox 830 949 961 1018; x_wconf 90' lang='lat' dir='ltr'>tu0‚</span> <span class='ocrx_word' id='word_1_44' title='bbox 994 944 1300 1023; x_wconf 88' lang='lat' dir='ltr'>deposito,</span> <span class='ocrx_word' id='word_1_45' title='bbox 1324 943 1422 1004; x_wconf 89' lang='lat' dir='ltr'>vel</span> <span class='ocrx_word' id='word_1_46' title='bbox 1450 943 1637 1004; x_wconf 82' lang='lat' dir='ltr'>simili</span> <span class='ocrx_word' id='word_1_47' title='bbox 1663 961 1873 1020; x_wconf 84' lang='lat' dir='ltr'>causa,</span> <span class='ocrx_word' id='word_1_48' title='bbox 1907 943 2018 1004; x_wconf 91' lang='lat' dir='ltr'>sed</span> <span class='ocrx_word' id='word_1_49' title='bbox 2048 963 2124 1003; x_wconf 83' lang='lat' dir='ltr'>ex</span> <span class='ocrx_word' id='word_1_50' title='bbox 2144 942 2363 1004; x_wconf 86' lang='lat' dir='ltr'>vendi-</span> 
     </span>
     <span class='ocr_line' id='line_1_8' title="bbox 831 1036 2361 1116; baseline -0.002 -18"><span class='ocrx_word' id='word_1_51' title='bbox 831 1037 1000 1098; x_wconf 81' lang='lat' dir='ltr'><strong>tione</strong></span> <span class='ocrx_word' id='word_1_52' title='bbox 1030 1036 1383 1116; x_wconf 89' lang='lat' dir='ltr'>aliquarum</span> <span class='ocrx_word' id='word_1_53' title='bbox 1412 1037 1740 1112; x_wconf 88' lang='lat' dir='ltr'>mercium,</span> <span class='ocrx_word' id='word_1_54' title='bbox 1775 1036 1923 1115; x_wconf 91' lang='lat' dir='ltr'>quia</span> <span class='ocrx_word' id='word_1_55' title='bbox 1965 1054 2208 1097; x_wconf 81' lang='lat' dir='ltr'>merces</span> <span class='ocrx_word' id='word_1_56' title='bbox 2265 1053 2361 1096; x_wconf 83' lang='lat' dir='ltr'>ca·</span> 
     </span>
     <span class='ocr_line' id='line_1_9' title="bbox 831 1128 2363 1209; baseline -0.002 -18"><span class='ocrx_word' id='word_1_57' title='bbox 831 1129 961 1191; x_wconf 90' lang='lat' dir='ltr'>rius</span> <span class='ocrx_word' id='word_1_58' title='bbox 982 1129 1154 1209; x_wconf 85' lang='lat' dir='ltr'>justo</span> <span class='ocrx_word' id='word_1_59' title='bbox 1184 1130 1388 1191; x_wconf 90' lang='lat' dir='ltr'>solent</span> <span class='ocrx_word' id='word_1_60' title='bbox 1423 1129 1611 1190; x_wconf 84' lang='lat' dir='ltr'>vendi</span> <span class='ocrx_word' id='word_1_61' title='bbox 1641 1128 1721 1188; x_wconf 89' lang='lat' dir='ltr'>ad</span> <span class='ocrx_word' id='word_1_62' title='bbox 1751 1128 2077 1190; x_wconf 86' lang='lat' dir='ltr'>creditum.</span> <span class='ocrx_word' id='word_1_63' title='bbox 2111 1128 2231 1189; x_wconf 89' lang='lat' dir='ltr'>Alii</span> <span class='ocrx_word' id='word_1_64' title='bbox 2261 1146 2363 1189; x_wconf 92' lang='lat' dir='ltr'>ve-</span> 
     </span>
     <span class='ocr_line' id='line_1_10' title="bbox 834 1220 2361 1302; baseline -0.003 -16"><span class='ocrx_word' id='word_1_65' title='bbox 834 1240 901 1286; x_wconf 82' lang='lat' dir='ltr'>ra</span> <span class='ocrx_word' id='word_1_66' title='bbox 929 1241 1086 1302; x_wconf 93' lang='lat' dir='ltr'>quos</span> <span class='ocrx_word' id='word_1_67' title='bbox 1134 1225 1315 1284; x_wconf 84' lang='lat' dir='ltr'>affert</span> <span class='ocrx_word' id='word_1_68' title='bbox 1344 1241 1406 1285; x_wconf 92' lang='lat' dir='ltr'>n.</span> <span class='ocrx_word' id='word_1_69' title='bbox 1441 1225 1538 1284; x_wconf 85' lang='lat'>13.</span> <span class='ocrx_word' id='word_1_70' title='bbox 1591 1222 1759 1282; x_wconf 91' lang='lat' dir='ltr'>idem</span> <span class='ocrx_word' id='word_1_71' title='bbox 1802 1222 2048 1297; x_wconf 80' lang='lat' dir='ltr'>docent,</span> <span class='ocrx_word' id='word_1_72' title='bbox 2108 1220 2361 1300; x_wconf 91' lang='lat' dir='ltr'>quando</span> 
     </span>
     <span class='ocr_line' id='line_1_11' title="bbox 829 1315 2365 1394; baseline -0.002 -17"><span class='ocrx_word' id='word_1_73' title='bbox 829 1315 1241 1377; x_wconf 80' lang='lat' dir='ltr'>incontinenti</span> <span class='ocrx_word' id='word_1_74' title='bbox 1288 1319 1431 1394; x_wconf 90' lang='lat' dir='ltr'>post</span> <span class='ocrx_word' id='word_1_75' title='bbox 1482 1315 1912 1377; x_wconf 88' lang='lat' dir='ltr'>venditionem</span> <span class='ocrx_word' id='word_1_76' title='bbox 1941 1315 2268 1391; x_wconf 89' lang='lat' dir='ltr'>mercium,</span> <span class='ocrx_word' id='word_1_77' title='bbox 2302 1318 2365 1375; x_wconf 89' lang='lat' dir='ltr'>et</span> 
     </span>
     <span class='ocr_line' id='line_1_12' title="bbox 831 1407 2361 1487; baseline -0.002 -17"><span class='ocrx_word' id='word_1_78' title='bbox 831 1427 1050 1470; x_wconf 87' lang='lat' dir='ltr'>earum</span> <span class='ocrx_word' id='word_1_79' title='bbox 1078 1408 1480 1469; x_wconf 79' lang='lat' dir='ltr'>traditionem</span> <span class='ocrx_word' id='word_1_80' title='bbox 1512 1426 1735 1468; x_wconf 89' lang='lat' dir='ltr'>census</span> <span class='ocrx_word' id='word_1_81' title='bbox 1781 1427 1855 1467; x_wconf 87' lang='lat' dir='ltr'>ex</span> <span class='ocrx_word' id='word_1_82' title='bbox 1893 1409 2092 1487; x_wconf 92' lang='lat' dir='ltr'>pretio</span> <span class='ocrx_word' id='word_1_83' title='bbox 2151 1407 2361 1469; x_wconf 89' lang='lat' dir='ltr'>debito</span> 
     </span>
     <span class='ocr_line' id='line_1_13' title="bbox 836 1500 2364 1580; baseline -0.001 -17"><span class='ocrx_word' id='word_1_84' title='bbox 836 1502 1278 1575; x_wconf 79' lang='lat' dir='ltr'>constituitur3</span> <span class='ocrx_word' id='word_1_85' title='bbox 1313 1502 1463 1580; x_wconf 92' lang='lat' dir='ltr'>quia</span> <span class='ocrx_word' id='word_1_86' title='bbox 1503 1505 1653 1563; x_wconf 91' lang='lat' dir='ltr'>tunc</span> <span class='ocrx_word' id='word_1_87' title='bbox 1681 1520 1756 1561; x_wconf 89' lang='lat' dir='ltr'>ex</span> <span class='ocrx_word' id='word_1_88' title='bbox 1785 1501 2022 1561; x_wconf 91' lang='lat' dir='ltr'>eisdem</span> <span class='ocrx_word' id='word_1_89' title='bbox 2049 1500 2364 1561; x_wconf 83' lang='lat' dir='ltr'>mercibus</span> 
     </span>
     <span class='ocr_line' id='line_1_14' title="bbox 841 1593 2358 1673; baseline -0.001 -17"><span class='ocrx_word' id='word_1_90' title='bbox 841 1598 1156 1657; x_wconf 87' lang='lat' dir='ltr'>mercator</span> <span class='ocrx_word' id='word_1_91' title='bbox 1195 1594 1424 1673; x_wconf 87' lang='lat' dir='ltr'>duplex</span> <span class='ocrx_word' id='word_1_92' title='bbox 1504 1593 1907 1656; x_wconf 88' lang='lat' dir='ltr'>commodum</span> <span class='ocrx_word' id='word_1_93' title='bbox 1989 1598 2358 1673; x_wconf 84' lang='lat' dir='ltr'>reportaret,</span> 
     </span>
     <span class='ocr_line' id='line_1_15' title="bbox 832 1686 2363 1766; baseline -0.001 -18"><span class='ocrx_word' id='word_1_94' title='bbox 832 1706 1059 1766; x_wconf 89' lang='lat' dir='ltr'>nempe</span> <span class='ocrx_word' id='word_1_95' title='bbox 1089 1691 1151 1748; x_wconf 90' lang='lat' dir='ltr'>et</span> <span class='ocrx_word' id='word_1_96' title='bbox 1186 1686 1456 1766; x_wconf 88' lang='lat' dir='ltr'>pretium</span> <span class='ocrx_word' id='word_1_97' title='bbox 1486 1689 1549 1747; x_wconf 90' lang='lat' dir='ltr'>et</span> <span class='ocrx_word' id='word_1_98' title='bbox 1576 1705 1853 1749; x_wconf 88' lang='lat' dir='ltr'>censum.</span> <span class='ocrx_word' id='word_1_99' title='bbox 1901 1688 2246 1766; x_wconf 80' lang='lat' dir='ltr'>Utramque</span> <span class='ocrx_word' id='word_1_100' title='bbox 2272 1689 2363 1747; x_wconf 88' lang='lat' dir='ltr'>ta-</span> 
     </span>
    </p>
   </div>
   <div class='ocr_carea' id='block_1_3' title="bbox 831 1778 2365 1941">
    <p class='ocr_par' dir='ltr' id='par_1_4' title="bbox 831 1778 2359 1941">
     <span class='ocr_line' id='line_1_16' title="bbox 831 1778 2359 1858; baseline -0.003 -17"><span class='ocrx_word' id='word_1_101' title='bbox 831 1799 979 1841; x_wconf 90' lang='lat' dir='ltr'>men</span> <span class='ocrx_word' id='word_1_102' title='bbox 1005 1779 1444 1841; x_wconf 90' lang='lat' dir='ltr'>limitationem</span> <span class='ocrx_word' id='word_1_103' title='bbox 1487 1778 1649 1839; x_wconf 89' lang='lat' dir='ltr'>bene</span> <span class='ocrx_word' id='word_1_104' title='bbox 1685 1778 1889 1858; x_wconf 85' lang='lat' dir='ltr'>rejicit</span> <span class='ocrx_word' id='word_1_105' title='bbox 1939 1779 2108 1839; x_wconf 87' lang='lat' dir='ltr'>idem</span> <span class='ocrx_word' id='word_1_106' title='bbox 2161 1779 2359 1854; x_wconf 75' lang='lat' dir='ltr'>SalaS,</span> 
     </span>
     <span class='ocr_line' id='line_1_17' title="bbox 834 1858 2365 1941; baseline -0.003 -19"><span class='ocrx_word' id='word_1_107' title='bbox 834 1861 983 1941; x_wconf 91' lang='lat' dir='ltr'>quia</span> <span class='ocrx_word' id='word_1_108' title='bbox 1011 1860 1062 1920; x_wconf 91' lang='lat' dir='ltr'>si</span> <span class='ocrx_word' id='word_1_109' title='bbox 1091 1878 1333 1920; x_wconf 89' lang='lat' dir='ltr'>merces</span> <span class='ocrx_word' id='word_1_110' title='bbox 1352 1861 1523 1938; x_wconf 87' lang='lat' dir='ltr'>justo</span> <span class='ocrx_word' id='word_1_111' title='bbox 1557 1858 1758 1938; x_wconf 89' lang='lat' dir='ltr'>pretio</span> <span class='ocrx_word' id='word_1_112' title='bbox 1788 1858 2060 1921; x_wconf 75' lang='lat' dir='ltr'>venditae</span> <span class='ocrx_word' id='word_1_113' title='bbox 2097 1864 2265 1935; x_wconf 88' lang='lat' dir='ltr'>sunt,</span> <span class='ocrx_word' id='word_1_114' title='bbox 2295 1860 2365 1919; x_wconf 90' lang='lat' dir='ltr'>li·</span> 
     </span>
    </p>
   </div>
   <div class='ocr_carea' id='block_1_4' title="bbox 486 1950 2378 5474">
    <p class='ocr_par' dir='ltr' id='par_1_5' title="bbox 826 1950 2366 2310">
     <span class='ocr_line' id='line_1_18' title="bbox 832 1950 2364 2031; baseline -0.002 -16"><span class='ocrx_word' id='word_1_115' title='bbox 832 1958 933 2015; x_wconf 87' lang='lat' dir='ltr'>cet</span> <span class='ocrx_word' id='word_1_116' title='bbox 987 1971 1255 2028; x_wconf 89' lang='lat' dir='ltr'>summo,</span> <span class='ocrx_word' id='word_1_117' title='bbox 1311 1952 1482 2012; x_wconf 84' lang='lat' dir='ltr'>nulla</span> <span class='ocrx_word' id='word_1_118' title='bbox 1511 1952 1583 2013; x_wconf 91' lang='lat' dir='ltr'>fit</span> <span class='ocrx_word' id='word_1_119' title='bbox 1622 1950 1947 2030; x_wconf 87' lang='lat' dir='ltr'>injustitia,</span> <span class='ocrx_word' id='word_1_120' title='bbox 1980 1951 2033 2012; x_wconf 90' lang='lat' dir='ltr'>si</span> <span class='ocrx_word' id='word_1_121' title='bbox 2061 1970 2137 2012; x_wconf 92' lang='lat' dir='ltr'>ex</span> <span class='ocrx_word' id='word_1_122' title='bbox 2165 1952 2364 2031; x_wconf 87' lang='lat' dir='ltr'>pretio</span> 
     </span>
     <span class='ocr_line' id='line_1_19' title="bbox 826 2044 2366 2126; baseline -0.001 -20"><span class='ocrx_word' id='word_1_123' title='bbox 826 2045 962 2126; x_wconf 86' lang='lat' dir='ltr'>jam</span> <span class='ocrx_word' id='word_1_124' title='bbox 1017 2045 1213 2106; x_wconf 89' lang='lat' dir='ltr'>semel</span> <span class='ocrx_word' id='word_1_125' title='bbox 1241 2044 1450 2105; x_wconf 87' lang='lat' dir='ltr'>debito</span> <span class='ocrx_word' id='word_1_126' title='bbox 1509 2061 1733 2105; x_wconf 89' lang='lat' dir='ltr'>census</span> <span class='ocrx_word' id='word_1_127' title='bbox 1776 2044 2217 2121; x_wconf 84' lang='lat' dir='ltr'>constituatur,</span> <span class='ocrx_word' id='word_1_128' title='bbox 2251 2063 2366 2105; x_wconf 91' lang='lat' dir='ltr'>nec</span> 
     </span>
     <span class='ocr_line' id='line_1_20' title="bbox 833 2136 2365 2218; baseline -0.002 -18"><span class='ocrx_word' id='word_1_129' title='bbox 833 2140 1046 2214; x_wconf 89' lang='lat' dir='ltr'>refert,</span> <span class='ocrx_word' id='word_1_130' title='bbox 1082 2138 1252 2217; x_wconf 89' lang='lat' dir='ltr'>quod</span> <span class='ocrx_word' id='word_1_131' title='bbox 1308 2136 1719 2199; x_wconf 87' lang='lat' dir='ltr'>incontinenti</span> <span class='ocrx_word' id='word_1_132' title='bbox 1771 2137 1872 2199; x_wconf 92' lang='lat' dir='ltr'>vel</span> <span class='ocrx_word' id='word_1_133' title='bbox 1913 2142 2056 2218; x_wconf 87' lang='lat' dir='ltr'>post</span> <span class='ocrx_word' id='word_1_134' title='bbox 2106 2136 2365 2216; x_wconf 89' lang='lat' dir='ltr'>longum</span> 
     </span>
     <span class='ocr_line' id='line_1_21' title="bbox 832 2230 1331 2310; baseline -0.006 -16"><span class='ocrx_word' id='word_1_135' title='bbox 832 2235 1083 2310; x_wconf 88' lang='lat' dir='ltr'>tempus</span> <span class='ocrx_word' id='word_1_136' title='bbox 1110 2230 1172 2291; x_wconf 92' lang='lat' dir='ltr'>id</span> <span class='ocrx_word' id='word_1_137' title='bbox 1200 2230 1331 2293; x_wconf 87' lang='lat' dir='ltr'>fiat.</span> 
     </span>
    </p>

    <p class='ocr_par' dir='ltr' id='par_1_6' title="bbox 492 2322 2368 2682">
     <span class='ocr_line' id='line_1_22' title="bbox 588 2322 2368 2402; baseline -0.001 -17"><span class='ocrx_word' id='word_1_138' title='bbox 588 2336 669 2397; x_wconf 85' lang='grc'>86</span> <span class='ocrx_word' id='word_1_139' title='bbox 915 2323 1191 2386; x_wconf 88' lang='lat' dir='ltr'>Adverte</span> <span class='ocrx_word' id='word_1_140' title='bbox 1219 2323 1521 2400; x_wconf 81' lang='lat' dir='ltr'>secundO,</span> <span class='ocrx_word' id='word_1_141' title='bbox 1555 2322 1606 2383; x_wconf 86' lang='lat' dir='ltr'>si</span> <span class='ocrx_word' id='word_1_142' title='bbox 1626 2323 1908 2385; x_wconf 88' lang='lat' dir='ltr'>debitum</span> <span class='ocrx_word' id='word_1_143' title='bbox 1955 2342 2030 2384; x_wconf 85' lang='lat' dir='ltr'>ex</span> <span class='ocrx_word' id='word_1_144' title='bbox 2059 2341 2185 2402; x_wconf 89' lang='lat' dir='ltr'>quo</span> <span class='ocrx_word' id='word_1_145' title='bbox 2221 2342 2368 2385; x_wconf 89' lang='lat' dir='ltr'>cen-</span> 
     </span>
     <span class='ocr_line' id='line_1_23' title="bbox 492 2417 2366 2573; baseline -0.001 -1"><span class='ocrx_word' id='word_1_146' title='bbox 492 2464 735 2561; x_wconf 56' lang='lat' dir='ltr'>..aa</span> <span class='ocrx_word' id='word_1_147' title='bbox 699 2522 788 2561; x_wconf 59' lang='grc' dir='ltr'>...ι</span> <span class='ocrx_word' id='word_1_148' title='bbox 833 2437 942 2573; x_wconf 67' lang='grc' dir='ltr'>ἷέῗῗ</span> <span class='ocrx_word' id='word_1_149' title='bbox 970 2417 1681 2571; x_wconf 54' lang='grc' dir='ltr'>ῗὲἒέἑῖωἰξὲῒέέῃὲῧὲ.</span> <span class='ocrx_word' id='word_1_150' title='bbox 1700 2417 2366 2571; x_wconf 53' lang='lat' dir='ltr'>⁸2232¹¹33¹3¹13¹1¹¹3m25ssl</span> 
     </span>
     <span class='ocr_line' id='line_1_24' title="bbox 519 2530 2366 2682; baseline -0.002 -16"><span class='ocrx_word' id='word_1_151' title='bbox 519 2572 762 2627; x_wconf 51' lang='lat' dir='ltr'>mmmm</span> <span class='ocrx_word' id='word_1_152' title='bbox 833 2530 1114 2666; x_wconf 47' lang='lat' dir='ltr'>valffirem</span> <span class='ocrx_word' id='word_1_153' title='bbox 1139 2555 1383 2665; x_wconf 67' lang='lat' dir='ltr'>ratione</span> <span class='ocrx_word' id='word_1_154' title='bbox 1415 2603 1591 2664; x_wconf 89' lang='lat' dir='ltr'>dubii</span> <span class='ocrx_word' id='word_1_155' title='bbox 1621 2607 1684 2665; x_wconf 90' lang='lat' dir='ltr'>et</span> <span class='ocrx_word' id='word_1_156' title='bbox 1719 2602 1865 2678; x_wconf 81' lang='lat' dir='ltr'>litis,</span> <span class='ocrx_word' id='word_1_157' title='bbox 1901 2605 1970 2664; x_wconf 91' lang='lat' dir='ltr'>ut</span> <span class='ocrx_word' id='word_1_158' title='bbox 1997 2622 2072 2663; x_wconf 84' lang='lat' dir='ltr'>ex</span> <span class='ocrx_word' id='word_1_159' title='bbox 2100 2621 2174 2663; x_wconf 85' lang='lat' dir='ltr'>eo</span> <span class='ocrx_word' id='word_1_160' title='bbox 2199 2602 2366 2682; x_wconf 85' lang='lat' dir='ltr'>juste</span> 
     </span>
    </p>

    <p class='ocr_par' dir='ltr' id='par_1_7' title="bbox 830 2695 2368 3615">
     <span class='ocr_line' id='line_1_25' title="bbox 832 2695 2367 2773; baseline -0.002 -13"><span class='ocrx_word' id='word_1_161' title='bbox 832 2716 1056 2760; x_wconf 90' lang='lat' dir='ltr'>census</span> <span class='ocrx_word' id='word_1_162' title='bbox 1085 2701 1432 2759; x_wconf 88' lang='lat' dir='ltr'>emeretur:</span> <span class='ocrx_word' id='word_1_163' title='bbox 1458 2695 1636 2759; x_wconf 82' lang='lat' dir='ltr'>addit</span> <span class='ocrx_word' id='word_1_164' title='bbox 1653 2714 1802 2758; x_wconf 89' lang='lat' dir='ltr'>vero</span> <span class='ocrx_word' id='word_1_165' title='bbox 1835 2696 2034 2773; x_wconf 77' lang='lat' dir='ltr'>SalaS,</span> <span class='ocrx_word' id='word_1_166' title='bbox 2068 2696 2120 2756; x_wconf 87' lang='lat' dir='ltr'>si</span> <span class='ocrx_word' id='word_1_167' title='bbox 2148 2699 2367 2757; x_wconf 88' lang='lat' dir='ltr'>Petrus</span> 
     </span>
     <span class='ocr_line' id='line_1_26' title="bbox 833 2788 2367 2854; baseline -0.003 -1"><span class='ocrx_word' id='word_1_168' title='bbox 833 2791 1063 2854; x_wconf 90' lang='lat' dir='ltr'>debeat</span> <span class='ocrx_word' id='word_1_169' title='bbox 1090 2790 1204 2853; x_wconf 86' lang='lat' dir='ltr'>tibi</span> <span class='ocrx_word' id='word_1_170' title='bbox 1232 2792 1410 2852; x_wconf 93' lang='grc'><strong>1000.</strong></span> <span class='ocrx_word' id='word_1_171' title='bbox 1446 2793 1589 2851; x_wconf 83' lang='lat' dir='ltr'>ettu</span> <span class='ocrx_word' id='word_1_172' title='bbox 1608 2788 1947 2851; x_wconf 80' lang='lat' dir='ltr'>transferas</span> <span class='ocrx_word' id='word_1_173' title='bbox 1973 2788 2036 2848; x_wconf 93' lang='lat' dir='ltr'>in</span> <span class='ocrx_word' id='word_1_174' title='bbox 2057 2790 2090 2850; x_wconf 86' lang='lat' dir='ltr'>J</span> <span class='ocrx_word' id='word_1_175' title='bbox 2099 2805 2367 2848; x_wconf 89' lang='lat' dir='ltr'>oannem</span> 
     </span>
     <span class='ocr_line' id='line_1_27' title="bbox 830 2882 2363 2963; baseline -0.002 -19"><span class='ocrx_word' id='word_1_176' title='bbox 830 2882 953 2946; x_wconf 88' lang='lat' dir='ltr'>hoc</span> <span class='ocrx_word' id='word_1_177' title='bbox 975 2882 1102 2963; x_wconf 77' lang='lat' dir='ltr'>juS,</span> <span class='ocrx_word' id='word_1_178' title='bbox 1133 2895 1333 2962; x_wconf 88' lang='lat' dir='ltr'>eoque</span> <span class='ocrx_word' id='word_1_179' title='bbox 1365 2882 1576 2944; x_wconf 89' lang='lat' dir='ltr'>debito</span> <span class='ocrx_word' id='word_1_180' title='bbox 1606 2900 1779 2943; x_wconf 89' lang='lat' dir='ltr'>emas</span> <span class='ocrx_word' id='word_1_181' title='bbox 1809 2882 1888 2942; x_wconf 90' lang='lat' dir='ltr'>ab</span> <span class='ocrx_word' id='word_1_182' title='bbox 1917 2882 2052 2961; x_wconf 91' lang='lat' dir='ltr'>ipso</span> <span class='ocrx_word' id='word_1_183' title='bbox 2082 2899 2363 2959; x_wconf 89' lang='lat' dir='ltr'>censum,</span> 
     </span>
     <span class='ocr_line' id='line_1_28' title="bbox 830 2974 2367 3054; baseline -0.001 -17"><span class='ocrx_word' id='word_1_184' title='bbox 830 2994 958 3037; x_wconf 89' lang='lat' dir='ltr'>non</span> <span class='ocrx_word' id='word_1_185' title='bbox 989 2993 1244 3036; x_wconf 90' lang='lat' dir='ltr'>currere</span> <span class='ocrx_word' id='word_1_186' title='bbox 1264 2974 1624 3054; x_wconf 87' lang='lat' dir='ltr'>pensiones,</span> <span class='ocrx_word' id='word_1_187' title='bbox 1659 2974 1860 3035; x_wconf 90' lang='lat' dir='ltr'>donec</span> <span class='ocrx_word' id='word_1_188' title='bbox 1891 2976 1924 3036; x_wconf 86' lang='lat' dir='ltr'>J</span> <span class='ocrx_word' id='word_1_189' title='bbox 1933 2993 2169 3035; x_wconf 84' lang='lat' dir='ltr'>oannes</span> <span class='ocrx_word' id='word_1_190' title='bbox 2191 2975 2367 3036; x_wconf 87' lang='lat' dir='ltr'>debi-</span> 
     </span>
     <span class='ocr_line' id='line_1_29' title="bbox 830 3067 2368 3145; baseline -0.001 -14"><span class='ocrx_word' id='word_1_191' title='bbox 830 3072 967 3131; x_wconf 90' lang='lat' dir='ltr'>tum</span> <span class='ocrx_word' id='word_1_192' title='bbox 995 3068 1202 3129; x_wconf 91' lang='lat' dir='ltr'>illuda</span> <span class='ocrx_word' id='word_1_193' title='bbox 1229 3069 1412 3129; x_wconf 89' lang='lat' dir='ltr'>Petro</span> <span class='ocrx_word' id='word_1_194' title='bbox 1442 3069 1809 3145; x_wconf 84' lang='lat' dir='ltr'>recuperet:</span> <span class='ocrx_word' id='word_1_195' title='bbox 1844 3067 1965 3128; x_wconf 91' lang='lat' dir='ltr'>hoc</span> <span class='ocrx_word' id='word_1_196' title='bbox 2019 3072 2232 3129; x_wconf 90' lang='lat' dir='ltr'>tamen</span> <span class='ocrx_word' id='word_1_197' title='bbox 2260 3087 2368 3129; x_wconf 86' lang='lat' dir='ltr'>ve-</span> 
     </span>
     <span class='ocr_line' id='line_1_30' title="bbox 831 3159 2366 3241; baseline -0.001 -17"><span class='ocrx_word' id='word_1_198' title='bbox 831 3180 975 3224; x_wconf 89' lang='lat' dir='ltr'>rum</span> <span class='ocrx_word' id='word_1_199' title='bbox 997 3161 1115 3224; x_wconf 89' lang='lat' dir='ltr'>erit</span> <span class='ocrx_word' id='word_1_200' title='bbox 1154 3160 1217 3222; x_wconf 90' lang='lat' dir='ltr'>in</span> <span class='ocrx_word' id='word_1_201' title='bbox 1249 3161 1559 3223; x_wconf 88' lang='lat' dir='ltr'>sententia</span> <span class='ocrx_word' id='word_1_202' title='bbox 1588 3159 1852 3222; x_wconf 88' lang='lat' dir='ltr'>docente</span> <span class='ocrx_word' id='word_1_203' title='bbox 1880 3177 2138 3222; x_wconf 90' lang='lat' dir='ltr'>censum</span> <span class='ocrx_word' id='word_1_204' title='bbox 2168 3160 2246 3221; x_wconf 90' lang='lat' dir='ltr'>de</span> <span class='ocrx_word' id='word_1_205' title='bbox 2269 3159 2366 3241; x_wconf 89' lang='lat' dir='ltr'>ju-</span> 
     </span>
     <span class='ocr_line' id='line_1_31' title="bbox 831 3252 2363 3334; baseline -0.002 -17"><span class='ocrx_word' id='word_1_206' title='bbox 831 3275 902 3317; x_wconf 90' lang='lat' dir='ltr'>re</span> <span class='ocrx_word' id='word_1_207' title='bbox 959 3258 1201 3316; x_wconf 79' lang='lat' dir='ltr'>naturae</span> <span class='ocrx_word' id='word_1_208' title='bbox 1232 3272 1356 3316; x_wconf 94' lang='lat' dir='ltr'>non</span> <span class='ocrx_word' id='word_1_209' title='bbox 1412 3273 1596 3334; x_wconf 87' lang='lat' dir='ltr'>posse</span> <span class='ocrx_word' id='word_1_210' title='bbox 1642 3252 2018 3315; x_wconf 88' lang='lat' dir='ltr'>fructificare</span> <span class='ocrx_word' id='word_1_211' title='bbox 2075 3254 2363 3333; x_wconf 86' lang='lat' dir='ltr'>emptori,</span> 
     </span>
     <span class='ocr_line' id='line_1_32' title="bbox 833 3346 2365 3426; baseline -0.003 -14"><span class='ocrx_word' id='word_1_212' title='bbox 833 3350 1036 3412; x_wconf 91' lang='lat' dir='ltr'>donec</span> <span class='ocrx_word' id='word_1_213' title='bbox 1066 3347 1338 3426; x_wconf 90' lang='lat' dir='ltr'>pretium</span> <span class='ocrx_word' id='word_1_214' title='bbox 1378 3347 1657 3409; x_wconf 87' lang='lat' dir='ltr'>solvatur</span> <span class='ocrx_word' id='word_1_215' title='bbox 1675 3346 2024 3409; x_wconf 87' lang='lat' dir='ltr'>venditori:</span> <span class='ocrx_word' id='word_1_216' title='bbox 2051 3365 2241 3426; x_wconf 90' lang='lat' dir='ltr'>quam</span> <span class='ocrx_word' id='word_1_217' title='bbox 2268 3351 2365 3409; x_wconf 89' lang='lat' dir='ltr'>ta-</span> 
     </span>
     <span class='ocr_line' id='line_1_33' title="bbox 833 3439 2362 3520; baseline -0.001 -17"><span class='ocrx_word' id='word_1_218' title='bbox 833 3460 982 3503; x_wconf 91' lang='lat' dir='ltr'>men</span> <span class='ocrx_word' id='word_1_219' title='bbox 1009 3439 1406 3517; x_wconf 89' lang='lat' dir='ltr'>sententiam,</span> <span class='ocrx_word' id='word_1_220' title='bbox 1438 3439 1754 3520; x_wconf 90' lang='lat' dir='ltr'>loquendo</span> <span class='ocrx_word' id='word_1_221' title='bbox 1785 3439 1863 3500; x_wconf 90' lang='lat' dir='ltr'>de</span> <span class='ocrx_word' id='word_1_222' title='bbox 1896 3440 2042 3518; x_wconf 89' lang='lat' dir='ltr'>jure</span> <span class='ocrx_word' id='word_1_223' title='bbox 2098 3444 2362 3518; x_wconf 69' lang='lat' dir='ltr'>naturas,</span> 
     </span>
     <span class='ocr_line' id='line_1_34' title="bbox 835 3533 1404 3615; baseline -0.002 -19"><span class='ocrx_word' id='word_1_224' title='bbox 835 3553 1027 3615; x_wconf 85' lang='lat' dir='ltr'>supra</span> <span class='ocrx_word' id='word_1_225' title='bbox 1050 3533 1404 3614; x_wconf 81' lang='lat' dir='ltr'>rejecimus.</span> 
     </span>
    </p>

    <p class='ocr_par' dir='ltr' id='par_1_8' title="bbox 587 3625 2369 3706">
     <span class='ocr_line' id='line_1_35' title="bbox 587 3625 2369 3706; baseline -0.003 -14"><span class='ocrx_word' id='word_1_226' title='bbox 587 3633 664 3693; x_wconf 84' lang='lat'>87</span> <span class='ocrx_word' id='word_1_227' title='bbox 915 3626 1250 3690; x_wconf 86' lang='lat' dir='ltr'>Dubitatur</span> <span class='ocrx_word' id='word_1_228' title='bbox 1277 3627 1398 3687; x_wconf 90' lang='lat' dir='ltr'>hac</span> <span class='ocrx_word' id='word_1_229' title='bbox 1420 3625 1751 3688; x_wconf 87' lang='lat' dir='ltr'>occasione</span> <span class='ocrx_word' id='word_1_230' title='bbox 1780 3630 2026 3706; x_wconf 86' lang='lat' dir='ltr'>quarto,</span> <span class='ocrx_word' id='word_1_231' title='bbox 2074 3645 2155 3687; x_wconf 88' lang='lat' dir='ltr'>an</span> <span class='ocrx_word' id='word_1_232' title='bbox 2191 3626 2369 3689; x_wconf 88' lang='lat' dir='ltr'>debi-</span> 
     </span>
    </p>

    <p class='ocr_par' dir='ltr' id='par_1_9' title="bbox 486 3719 2378 5474">
     <span class='ocr_line' id='line_1_36' title="bbox 834 3719 2371 3797; baseline -0.002 -14"><span class='ocrx_word' id='word_1_233' title='bbox 834 3725 935 3783; x_wconf 87' lang='lat' dir='ltr'>tor</span> <span class='ocrx_word' id='word_1_234' title='bbox 980 3738 1105 3783; x_wconf 91' lang='lat' dir='ltr'>non</span> <span class='ocrx_word' id='word_1_235' title='bbox 1134 3721 1382 3781; x_wconf 87' lang='lat' dir='ltr'>solvens</span> <span class='ocrx_word' id='word_1_236' title='bbox 1436 3736 1547 3780; x_wconf 89' lang='lat' dir='ltr'>suo</span> <span class='ocrx_word' id='word_1_237' title='bbox 1605 3719 1922 3797; x_wconf 86' lang='lat' dir='ltr'>creditori,</span> <span class='ocrx_word' id='word_1_238' title='bbox 1965 3720 2371 3781; x_wconf 89' lang='lat' dir='ltr'>condemnari</span> 
     </span>
     <span class='ocr_line' id='line_1_37' title="bbox 486 3791 2371 3909; baseline -0.001 -34"><span class='ocrx_word' id='word_1_239' title='bbox 486 3791 785 3909; x_wconf 47' lang='lat' dir='ltr'>bffldlsssffist</span> <span class='ocrx_word' id='word_1_240' title='bbox 833 3814 1032 3895; x_wconf 85' lang='lat' dir='ltr'>possit</span> <span class='ocrx_word' id='word_1_241' title='bbox 1074 3813 1262 3875; x_wconf 89' lang='lat' dir='ltr'>utvel</span> <span class='ocrx_word' id='word_1_242' title='bbox 1289 3813 1574 3875; x_wconf 85' lang='lat' dir='ltr'>debitum</span> <span class='ocrx_word' id='word_1_243' title='bbox 1603 3812 1817 3873; x_wconf 87' lang='lat' dir='ltr'>statim</span> <span class='ocrx_word' id='word_1_244' title='bbox 1847 3813 2071 3891; x_wconf 89' lang='lat' dir='ltr'>solvat,</span> <span class='ocrx_word' id='word_1_245' title='bbox 2107 3813 2208 3874; x_wconf 86' lang='lat' dir='ltr'>vel</span> <span class='ocrx_word' id='word_1_246' title='bbox 2259 3832 2371 3874; x_wconf 88' lang='lat' dir='ltr'>an-</span> 
     </span>
     <span class='ocr_line' id='line_1_38' title="bbox 488 3879 2372 3982; baseline -0.001 -13"><span class='ocrx_word' id='word_1_247' title='bbox 488 3879 621 3982; x_wconf 56' lang='lat' dir='ltr'>{aaa</span> <span class='ocrx_word' id='word_1_248' title='bbox 629 3918 790 3960; x_wconf 76' lang='lat' dir='ltr'>debitor</span> <span class='ocrx_word' id='word_1_249' title='bbox 835 3926 1031 3969; x_wconf 90' lang='lat' dir='ltr'>nuum</span> <span class='ocrx_word' id='word_1_250' title='bbox 1059 3907 1318 3969; x_wconf 87' lang='lat' dir='ltr'>censinn</span> <span class='ocrx_word' id='word_1_251' title='bbox 1344 3906 1589 3978; x_wconf 85' lang='lat' dir='ltr'>reddat,</span> <span class='ocrx_word' id='word_1_252' title='bbox 1625 3905 1777 3966; x_wconf 91' lang='lat' dir='ltr'>dum</span> <span class='ocrx_word' id='word_1_253' title='bbox 1806 3925 1948 3966; x_wconf 92' lang='lat' dir='ltr'>enm</span> <span class='ocrx_word' id='word_1_254' title='bbox 1991 3924 2114 3968; x_wconf 90' lang='lat' dir='ltr'>non</span> <span class='ocrx_word' id='word_1_255' title='bbox 2148 3905 2372 3968; x_wconf 82' lang='lat' dir='ltr'>solvit?</span> 
     </span>
     <span class='ocr_line' id='line_1_39' title="bbox 834 3997 2371 4080; baseline -0.002 -18"><span class='ocrx_word' id='word_1_256' title='bbox 834 4003 913 4062; x_wconf 84' lang='lat' dir='ltr'>Et</span> <span class='ocrx_word' id='word_1_257' title='bbox 940 4000 1195 4080; x_wconf 91' lang='lat' dir='ltr'>quidem</span> <span class='ocrx_word' id='word_1_258' title='bbox 1221 3999 1536 4079; x_wconf 89' lang='lat' dir='ltr'>loquendo</span> <span class='ocrx_word' id='word_1_259' title='bbox 1570 3999 1648 4059; x_wconf 92' lang='lat' dir='ltr'>de</span> <span class='ocrx_word' id='word_1_260' title='bbox 1671 3997 1813 4078; x_wconf 76' lang='lat' dir='ltr'>jure</span> <span class='ocrx_word' id='word_1_261' title='bbox 1846 4003 2086 4062; x_wconf 83' lang='lat' dir='ltr'>naturae</span> <span class='ocrx_word' id='word_1_262' title='bbox 2120 3998 2371 4061; x_wconf 76' lang='lat' dir='ltr'>videtur</span> 
     </span>
     <span class='ocr_line' id='line_1_40' title="bbox 836 4091 2362 4172; baseline 0 -18"><span class='ocrx_word' id='word_1_263' title='bbox 836 4091 1091 4172; x_wconf 86' lang='lat' dir='ltr'>quodid</span> <span class='ocrx_word' id='word_1_264' title='bbox 1105 4092 1241 4153; x_wconf 87' lang='lat' dir='ltr'>fleri</span> <span class='ocrx_word' id='word_1_265' title='bbox 1269 4091 1487 4170; x_wconf 87' lang='lat' dir='ltr'>possit.</span> <span class='ocrx_word' id='word_1_266' title='bbox 1524 4093 1740 4154; x_wconf 86' lang='lat' dir='ltr'>Stante</span> <span class='ocrx_word' id='word_1_267' title='bbox 1769 4110 1919 4153; x_wconf 85' lang='lat' dir='ltr'>vero</span> <span class='ocrx_word' id='word_1_268' title='bbox 1947 4092 2118 4153; x_wconf 89' lang='lat' dir='ltr'>bulla</span> <span class='ocrx_word' id='word_1_269' title='bbox 2165 4093 2259 4152; x_wconf 90' lang='lat' dir='ltr'>Pii</span> <span class='ocrx_word' id='word_1_270' title='bbox 2288 4094 2362 4155; x_wconf 96' lang='lat' dir='ltr'>V.</span> 
     </span>
     <span class='ocr_line' id='line_1_41' title="bbox 836 4183 2373 4265; baseline 0.001 -20"><span class='ocrx_word' id='word_1_271' title='bbox 836 4188 1049 4265; x_wconf 88' lang='lat' dir='ltr'>posset</span> <span class='ocrx_word' id='word_1_272' title='bbox 1076 4202 1210 4245; x_wconf 89' lang='lat' dir='ltr'>esse</span> <span class='ocrx_word' id='word_1_273' title='bbox 1239 4183 1443 4263; x_wconf 73' lang='lat' dir='ltr'>maior</span> <span class='ocrx_word' id='word_1_274' title='bbox 1471 4183 1806 4243; x_wconf 84' lang='lat' dir='ltr'>difficultas</span> <span class='ocrx_word' id='word_1_275' title='bbox 1832 4204 1845 4244; x_wconf 77' lang='grc' dir='ltr'>ε</span> <span class='ocrx_word' id='word_1_276' title='bbox 1878 4183 1942 4243; x_wconf 92' lang='lat' dir='ltr'>id</span> <span class='ocrx_word' id='word_1_277' title='bbox 1980 4188 2192 4245; x_wconf 88' lang='lat' dir='ltr'>tamen</span> <span class='ocrx_word' id='word_1_278' title='bbox 2223 4203 2373 4246; x_wconf 86' lang='lat' dir='ltr'>con-</span> 
     </span>
     <span class='ocr_line' id='line_1_42' title="bbox 837 4274 2364 4340; baseline 0.001 0"><span class='ocrx_word' id='word_1_279' title='bbox 837 4277 1071 4340; x_wconf 89' lang='lat' dir='ltr'>cedunt</span> <span class='ocrx_word' id='word_1_280' title='bbox 1099 4278 1328 4337; x_wconf 88' lang='lat' dir='ltr'>Navar.</span> <span class='ocrx_word' id='word_1_281' title='bbox 1355 4276 1417 4335; x_wconf 91' lang='lat' dir='ltr'>in</span> <span class='ocrx_word' id='word_1_282' title='bbox 1447 4278 1794 4337; x_wconf 85' lang='lat' dir='ltr'>Comment.</span> <span class='ocrx_word' id='word_1_283' title='bbox 1811 4274 1881 4336; x_wconf 86' lang='lat' dir='ltr'>de</span> <span class='ocrx_word' id='word_1_284' title='bbox 1906 4277 2097 4338; x_wconf 74' lang='lat' dir='ltr'>usuris</span> <span class='ocrx_word' id='word_1_285' title='bbox 2117 4280 2235 4340; x_wconf 93' lang='lat' dir='ltr'>c.I.</span> <span class='ocrx_word' id='word_1_286' title='bbox 2268 4281 2364 4340; x_wconf 88' lang='grc'><strong>14.</strong></span> 
     </span>
     <span class='ocr_line' id='line_1_43' title="bbox 841 4367 2364 4449; baseline 0.001 -18"><span class='ocrx_word' id='word_1_287' title='bbox 841 4389 903 4449; x_wconf 91' lang='lat' dir='ltr'>q.</span> <span class='ocrx_word' id='word_1_288' title='bbox 938 4386 1031 4431; x_wconf 91' lang='lat'>111.</span> <span class='ocrx_word' id='word_1_289' title='bbox 1067 4387 1128 4429; x_wconf 93' lang='lat' dir='ltr'>n.</span> <span class='ocrx_word' id='word_1_290' title='bbox 1164 4371 1261 4430; x_wconf 92' lang='grc'><strong>10.</strong></span> <span class='ocrx_word' id='word_1_291' title='bbox 1295 4372 1359 4430; x_wconf 89' lang='lat' dir='ltr'>et</span> <span class='ocrx_word' id='word_1_292' title='bbox 1407 4371 1504 4430; x_wconf 88' lang='grc'>99.</span> <span class='ocrx_word' id='word_1_293' title='bbox 1536 4368 1770 4429; x_wconf 88' lang='lat' dir='ltr'>Molina</span> <span class='ocrx_word' id='word_1_294' title='bbox 1820 4367 1979 4448; x_wconf 88' lang='lat' dir='ltr'>disp.</span> <span class='ocrx_word' id='word_1_295' title='bbox 2012 4372 2149 4432; x_wconf 84' lang='grc'><strong>394.</strong></span> <span class='ocrx_word' id='word_1_296' title='bbox 2185 4391 2246 4433; x_wconf 94' lang='lat' dir='ltr'>n.</span> <span class='ocrx_word' id='word_1_297' title='bbox 2307 4374 2364 4434; x_wconf 87' lang='grc'><strong>1.</strong></span> 
     </span>
     <span class='ocr_line' id='line_1_44' title="bbox 841 4460 2371 4542; baseline 0.002 -19"><span class='ocrx_word' id='word_1_298' title='bbox 841 4466 905 4523; x_wconf 88' lang='lat' dir='ltr'>et</span> <span class='ocrx_word' id='word_1_299' title='bbox 933 4462 1109 4523; x_wconf 88' lang='lat' dir='ltr'>Salas</span> <span class='ocrx_word' id='word_1_300' title='bbox 1141 4461 1291 4522; x_wconf 93' lang='lat' dir='ltr'>dub.</span> <span class='ocrx_word' id='word_1_301' title='bbox 1325 4477 1452 4523; x_wconf 84' lang='lat' dir='ltr'>xlv.</span> <span class='ocrx_word' id='word_1_302' title='bbox 1488 4460 1642 4521; x_wconf 90' lang='lat' dir='ltr'>dum</span> <span class='ocrx_word' id='word_1_303' title='bbox 1668 4465 1881 4523; x_wconf 89' lang='lat' dir='ltr'>tamen</span> <span class='ocrx_word' id='word_1_304' title='bbox 1909 4467 2167 4542; x_wconf 88' lang='lat' dir='ltr'>propter</span> <span class='ocrx_word' id='word_1_305' title='bbox 2219 4464 2371 4526; x_wconf 89' lang='lat' dir='ltr'>inte-</span> 
     </span>
     <span class='ocr_line' id='line_1_45' title="bbox 840 4551 2373 4620; baseline 0 -3"><span class='ocrx_word' id='word_1_306' title='bbox 840 4572 1011 4618; x_wconf 87' lang='lat' dir='ltr'>resse</span> <span class='ocrx_word' id='word_1_307' title='bbox 1033 4553 1191 4615; x_wconf 92' lang='lat' dir='ltr'>lucri</span> <span class='ocrx_word' id='word_1_308' title='bbox 1211 4551 1513 4614; x_wconf 88' lang='lat' dir='ltr'>cessantis</span> <span class='ocrx_word' id='word_1_309' title='bbox 1540 4572 1615 4613; x_wconf 87' lang='lat' dir='ltr'>ex</span> <span class='ocrx_word' id='word_1_310' title='bbox 1645 4554 1839 4616; x_wconf 89' lang='lat' dir='ltr'>dilata</span> <span class='ocrx_word' id='word_1_311' title='bbox 1866 4556 2173 4618; x_wconf 90' lang='lat' dir='ltr'>solutione</span> <span class='ocrx_word' id='word_1_312' title='bbox 2204 4557 2373 4620; x_wconf 89' lang='lat' dir='ltr'>debi-</span> 
     </span>
     <span class='ocr_line' id='line_1_46' title="bbox 841 4645 2374 4726; baseline -0.001 -14"><span class='ocrx_word' id='word_1_313' title='bbox 841 4647 911 4725; x_wconf 82' lang='lat' dir='ltr'>ti,</span> <span class='ocrx_word' id='word_1_314' title='bbox 937 4647 1089 4710; x_wconf 89' lang='lat' dir='ltr'>etin</span> <span class='ocrx_word' id='word_1_315' title='bbox 1119 4664 1371 4725; x_wconf 87' lang='lat' dir='ltr'>poenam</span> <span class='ocrx_word' id='word_1_316' title='bbox 1392 4645 1628 4726; x_wconf 89' lang='lat' dir='ltr'>justam</span> <span class='ocrx_word' id='word_1_317' title='bbox 1658 4649 2068 4710; x_wconf 73' lang='lat' dir='ltr'>contumaciae</span> <span class='ocrx_word' id='word_1_318' title='bbox 2129 4650 2374 4712; x_wconf 89' lang='lat' dir='ltr'>debito-</span> 
     </span>
     <span class='ocr_line' id='line_1_47' title="bbox 840 4738 2375 4819; baseline 0.001 -16"><span class='ocrx_word' id='word_1_319' title='bbox 840 4740 928 4803; x_wconf 86' lang='lat' dir='ltr'>ris</span> <span class='ocrx_word' id='word_1_320' title='bbox 957 4758 1032 4802; x_wconf 87' lang='lat' dir='ltr'>ea</span> <span class='ocrx_word' id='word_1_321' title='bbox 1051 4740 1361 4801; x_wconf 86' lang='lat' dir='ltr'>sententia</span> <span class='ocrx_word' id='word_1_322' title='bbox 1380 4738 1650 4801; x_wconf 86' lang='lat' dir='ltr'>feratur:</span> <span class='ocrx_word' id='word_1_323' title='bbox 1685 4739 1831 4819; x_wconf 87' lang='lat' dir='ltr'>quia</span> <span class='ocrx_word' id='word_1_324' title='bbox 1854 4740 2023 4802; x_wconf 89' lang='lat' dir='ltr'>hulla</span> <span class='ocrx_word' id='word_1_325' title='bbox 2052 4743 2256 4804; x_wconf 90' lang='lat' dir='ltr'>solum</span> <span class='ocrx_word' id='word_1_326' title='bbox 2285 4743 2375 4804; x_wconf 91' lang='lat' dir='ltr'>in-</span> 
     </span>
     <span class='ocr_line' id='line_1_48' title="bbox 841 4831 2372 4911; baseline -0.001 -13"><span class='ocrx_word' id='word_1_327' title='bbox 841 4832 1143 4911; x_wconf 80' lang='lat' dir='ltr'>telligitur</span> <span class='ocrx_word' id='word_1_328' title='bbox 1172 4831 1249 4892; x_wconf 92' lang='lat' dir='ltr'>de</span> <span class='ocrx_word' id='word_1_329' title='bbox 1306 4831 1596 4892; x_wconf 88' lang='lat' dir='ltr'>censibus</span> <span class='ocrx_word' id='word_1_330' title='bbox 1652 4850 1727 4892; x_wconf 88' lang='lat' dir='ltr'>ex</span> <span class='ocrx_word' id='word_1_331' title='bbox 1783 4837 2106 4895; x_wconf 86' lang='lat' dir='ltr'>contractu</span> <span class='ocrx_word' id='word_1_332' title='bbox 2139 4838 2203 4897; x_wconf 91' lang='lat' dir='ltr'>et</span> <span class='ocrx_word' id='word_1_333' title='bbox 2229 4855 2372 4896; x_wconf 91' lang='lat' dir='ltr'>con·</span> 
     </span>
     <span class='ocr_line' id='line_1_49' title="bbox 843 4924 2373 5004; baseline 0.002 -17"><span class='ocrx_word' id='word_1_334' title='bbox 843 4926 1138 4988; x_wconf 89' lang='lat' dir='ltr'>ventione</span> <span class='ocrx_word' id='word_1_335' title='bbox 1160 4924 1436 5004; x_wconf 88' lang='lat' dir='ltr'>partium</span> <span class='ocrx_word' id='word_1_336' title='bbox 1472 4924 1783 5001; x_wconf 88' lang='lat' dir='ltr'>creandis,</span> <span class='ocrx_word' id='word_1_337' title='bbox 1813 4944 1938 4987; x_wconf 90' lang='lat' dir='ltr'>non</span> <span class='ocrx_word' id='word_1_338' title='bbox 1967 4946 2114 4988; x_wconf 89' lang='lat' dir='ltr'>vero</span> <span class='ocrx_word' id='word_1_339' title='bbox 2147 4928 2225 4989; x_wconf 92' lang='lat' dir='ltr'>de</span> <span class='ocrx_word' id='word_1_340' title='bbox 2255 4929 2373 4990; x_wconf 91' lang='lat' dir='ltr'>illis</span> 
     </span>
     <span class='ocr_line' id='line_1_50' title="bbox 843 5017 2376 5100; baseline 0.003 -20"><span class='ocrx_word' id='word_1_341' title='bbox 843 5019 1049 5100; x_wconf 85' lang='lat' dir='ltr'>quiex</span> <span class='ocrx_word' id='word_1_342' title='bbox 1082 5020 1254 5097; x_wconf 86' lang='lat' dir='ltr'>justa</span> <span class='ocrx_word' id='word_1_343' title='bbox 1299 5017 1610 5078; x_wconf 88' lang='lat' dir='ltr'>sententia</span> <span class='ocrx_word' id='word_1_344' title='bbox 1666 5019 2155 5098; x_wconf 87' lang='lat' dir='ltr'>constituuntur,</span> <span class='ocrx_word' id='word_1_345' title='bbox 2215 5022 2376 5084; x_wconf 90' lang='lat' dir='ltr'>sicut</span> 
     </span>
     <span class='ocr_line' id='line_1_51' title="bbox 844 5110 2375 5189; baseline 0.003 -16"><span class='ocrx_word' id='word_1_346' title='bbox 844 5130 961 5173; x_wconf 88' lang='lat' dir='ltr'>nec</span> <span class='ocrx_word' id='word_1_347' title='bbox 990 5111 1068 5173; x_wconf 89' lang='lat' dir='ltr'>de</span> <span class='ocrx_word' id='word_1_348' title='bbox 1095 5111 1214 5171; x_wconf 87' lang='lat' dir='ltr'>illis</span> <span class='ocrx_word' id='word_1_349' title='bbox 1242 5110 1351 5189; x_wconf 86' lang='lat' dir='ltr'>qui</span> <span class='ocrx_word' id='word_1_350' title='bbox 1387 5113 1680 5171; x_wconf 88' lang='lat' dir='ltr'>creantur</span> <span class='ocrx_word' id='word_1_351' title='bbox 1724 5115 2096 5174; x_wconf 83' lang='lat' dir='ltr'>testamento</span> <span class='ocrx_word' id='word_1_352' title='bbox 2126 5116 2225 5176; x_wconf 92' lang='lat' dir='ltr'>vel</span> <span class='ocrx_word' id='word_1_353' title='bbox 2268 5115 2375 5177; x_wconf 88' lang='lat' dir='ltr'>do·</span> 
     </span>
     <span class='ocr_line' id='line_1_52' title="bbox 848 5203 2378 5288; baseline 0.002 -21"><span class='ocrx_word' id='word_1_354' title='bbox 848 5205 1098 5268; x_wconf 88' lang='lat' dir='ltr'>natione</span> <span class='ocrx_word' id='word_1_355' title='bbox 1127 5203 1422 5284; x_wconf 85' lang='lat' dir='ltr'>gratuita.</span> <span class='ocrx_word' id='word_1_356' title='bbox 1464 5205 1667 5275; x_wconf 88' lang='lat' dir='ltr'>Quare</span> <span class='ocrx_word' id='word_1_357' title='bbox 1725 5204 1886 5267; x_wconf 86' lang='lat' dir='ltr'>sicut</span> <span class='ocrx_word' id='word_1_358' title='bbox 1925 5211 2137 5285; x_wconf 89' lang='lat' dir='ltr'>posset</span> <span class='ocrx_word' id='word_1_359' title='bbox 2181 5208 2378 5288; x_wconf 86' lang='lat' dir='ltr'>judex</span> 
     </span>
     <span class='ocr_line' id='line_1_53' title="bbox 848 5295 2378 5378; baseline 0.004 -19"><span class='ocrx_word' id='word_1_360' title='bbox 848 5298 1163 5378; x_wconf 86' lang='lat' dir='ltr'>applicare</span> <span class='ocrx_word' id='word_1_361' title='bbox 1192 5295 1485 5358; x_wconf 89' lang='lat' dir='ltr'>creditori</span> <span class='ocrx_word' id='word_1_362' title='bbox 1519 5299 1973 5360; x_wconf 85' lang='lat' dir='ltr'>usumfructum</span> <span class='ocrx_word' id='word_1_363' title='bbox 2002 5301 2066 5361; x_wconf 92' lang='lat' dir='ltr'>in</span> <span class='ocrx_word' id='word_1_364' title='bbox 2114 5321 2181 5362; x_wconf 88' lang='lat' dir='ltr'>re</span> <span class='ocrx_word' id='word_1_365' title='bbox 2239 5323 2378 5365; x_wconf 90' lang='lat' dir='ltr'>cre-</span> 
     </span>
     <span class='ocr_line' id='line_1_54' title="bbox 850 5389 2378 5474; baseline 0.006 -22"><span class='ocrx_word' id='word_1_366' title='bbox 850 5390 1069 5453; x_wconf 85' lang='lat' dir='ltr'>ditoris</span> <span class='ocrx_word' id='word_1_367' title='bbox 1099 5389 1400 5469; x_wconf 88' lang='lat' dir='ltr'>quamdiu</span> <span class='ocrx_word' id='word_1_368' title='bbox 1431 5389 1711 5451; x_wconf 89' lang='lat' dir='ltr'>debitum</span> <span class='ocrx_word' id='word_1_369' title='bbox 1751 5390 1807 5451; x_wconf 92' lang='lat' dir='ltr'>ei</span> <span class='ocrx_word' id='word_1_370' title='bbox 1837 5410 1962 5453; x_wconf 93' lang='lat' dir='ltr'>non</span> <span class='ocrx_word' id='word_1_371' title='bbox 1992 5395 2275 5474; x_wconf 86' lang='lat' dir='ltr'>solvitur,</span> <span class='ocrx_word' id='word_1_372' title='bbox 2309 5402 2378 5461; x_wconf 87' lang='lat' dir='ltr'>ut</span> 
     </span>
    </p>
   </div>
   <div class='ocr_carea' id='block_1_5' title="bbox 850 5482 2378 5564">
    <p class='ocr_par' dir='ltr' id='par_1_10' title="bbox 850 5482 2378 5564">
     <span class='ocr_line' id='line_1_55' title="bbox 850 5482 2378 5564; baseline 0.006 -17"><span class='ocrx_word' id='word_1_373' title='bbox 850 5485 1063 5564; x_wconf 86' lang='lat' dir='ltr'>posset</span> <span class='ocrx_word' id='word_1_374' title='bbox 1089 5500 1166 5545; x_wconf 84' lang='lat' dir='ltr'>ex</span> <span class='ocrx_word' id='word_1_375' title='bbox 1191 5482 1495 5546; x_wconf 79' lang='lat' dir='ltr'>fructibus</span> <span class='ocrx_word' id='word_1_376' title='bbox 1522 5501 1931 5563; x_wconf 83' lang='lat' dir='ltr'>compensare</span> <span class='ocrx_word' id='word_1_377' title='bbox 1973 5486 2090 5552; x_wconf 82' lang='lat' dir='ltr'>sibi</span> <span class='ocrx_word' id='word_1_378' title='bbox 2130 5488 2378 5556; x_wconf 79' lang='lat' dir='ltr'>luorum</span> 
     </span>
    </p>
   </div>
   <div class='ocr_carea' id='block_1_6' title="bbox 516 3759 758 3811">
    <p class='ocr_par' dir='ltr' id='par_1_11' title="bbox 516 3759 758 3811">
     <span class='ocr_line' id='line_1_56' title="bbox 516 3759 758 3811; baseline -0.005 -10"><span class='ocrx_word' id='word_1_379' title='bbox 516 3759 599 3811; x_wconf 80' lang='grc' dir='ltr'>Αη,</span> <span class='ocrx_word' id='word_1_380' title='bbox 623 3762 758 3801; x_wconf 63' lang='lat' dir='ltr'>§insite</span> 
     </span>
    </p>
   </div>
   <div class='ocr_carea' id='block_1_7' title="bbox 2039 294 2917 368">
    <p class='ocr_par' dir='ltr' id='par_1_12' title="bbox 2039 294 2917 368">
     <span class='ocr_line' id='line_1_57' title="bbox 2039 294 2917 368; baseline 0.006 -5"><span class='ocrx_word' id='word_1_381' title='bbox 2039 297 2144 363; x_wconf 79' lang='lat' dir='ltr'>DE</span> <span class='ocrx_word' id='word_1_382' title='bbox 2184 294 2538 366; x_wconf 77' lang='lat' dir='ltr'><strong>JUS&#39;I&#39;I&#39;I&#39;IA</strong></span> <span class='ocrx_word' id='word_1_383' title='bbox 2581 301 2682 366; x_wconf 81' lang='lat' dir='ltr'>ET</span> <span class='ocrx_word' id='word_1_384' title='bbox 2716 302 2917 368; x_wconf 71' lang='lat' dir='ltr'>Jmm</span> 
     </span>
    </p>
   </div>
   <div class='ocr_carea' id='block_1_8' title="bbox 2456 480 3987 1301">
    <p class='ocr_par' dir='ltr' id='par_1_13' title="bbox 2456 480 3987 1301">
     <span class='ocr_line' id='line_1_58' title="bbox 2460 480 3982 564; baseline 0.005 -23"><span class='ocrx_word' id='word_1_385' title='bbox 2460 498 2712 542; x_wconf 88' lang='lat' dir='ltr'>cessans</span> <span class='ocrx_word' id='word_1_386' title='bbox 2742 480 2843 542; x_wconf 89' lang='lat' dir='ltr'>vel</span> <span class='ocrx_word' id='word_1_387' title='bbox 2893 480 3195 543; x_wconf 89' lang='lat' dir='ltr'>damnum</span> <span class='ocrx_word' id='word_1_388' title='bbox 3232 500 3565 563; x_wconf 84' lang='lat' dir='ltr'>emergens</span> <span class='ocrx_word' id='word_1_389' title='bbox 3596 503 3611 558; x_wconf 81' lang='lat'>3</span> <span class='ocrx_word' id='word_1_390' title='bbox 3645 485 3735 547; x_wconf 85' lang='lat' dir='ltr'>sic</span> <span class='ocrx_word' id='word_1_391' title='bbox 3789 490 3982 564; x_wconf 79' lang='lat' dir='ltr'>posset</span> 
     </span>
     <span class='ocr_line' id='line_1_59' title="bbox 2460 574 3984 653; baseline 0.004 -19"><span class='ocrx_word' id='word_1_392' title='bbox 2460 592 2736 634; x_wconf 87' lang='lat' dir='ltr'>annuam</span> <span class='ocrx_word' id='word_1_393' title='bbox 2763 574 3133 653; x_wconf 79' lang='lat' dir='ltr'>pensionem</span> <span class='ocrx_word' id='word_1_394' title='bbox 3180 576 3614 653; x_wconf 86' lang='lat' dir='ltr'>pecuniariam</span> <span class='ocrx_word' id='word_1_395' title='bbox 3656 577 3713 638; x_wconf 91' lang='lat' dir='ltr'>ei</span> <span class='ocrx_word' id='word_1_396' title='bbox 3760 580 3984 640; x_wconf 82' lang='lat' dir='ltr'>solven-</span> 
     </span>
     <span class='ocr_line' id='line_1_60' title="bbox 2459 666 3983 747; baseline 0.007 -23"><span class='ocrx_word' id='word_1_397' title='bbox 2459 666 2606 725; x_wconf 89' lang='lat' dir='ltr'>dam</span> <span class='ocrx_word' id='word_1_398' title='bbox 2631 666 2976 745; x_wconf 89' lang='lat' dir='ltr'>assignare.</span> <span class='ocrx_word' id='word_1_399' title='bbox 3012 668 3217 740; x_wconf 85' lang='lat' dir='ltr'>Quare</span> <span class='ocrx_word' id='word_1_400' title='bbox 3251 669 3477 730; x_wconf 87' lang='lat' dir='ltr'>merito</span> <span class='ocrx_word' id='word_1_401' title='bbox 3506 671 3744 732; x_wconf 87' lang='lat' dir='ltr'>Molina</span> <span class='ocrx_word' id='word_1_402' title='bbox 3795 672 3983 747; x_wconf 81' lang='lat' dir='ltr'>rejicit</span> 
     </span>
     <span class='ocr_line' id='line_1_61' title="bbox 2460 757 3983 825; baseline 0.005 -7"><span class='ocrx_word' id='word_1_403' title='bbox 2460 757 2894 819; x_wconf 86' lang='lat' dir='ltr'>limitationem</span> <span class='ocrx_word' id='word_1_404' title='bbox 2924 762 2974 819; x_wconf 94' lang='lat' dir='ltr'>N</span> <span class='ocrx_word' id='word_1_405' title='bbox 2980 761 3188 821; x_wconf 89' lang='lat' dir='ltr'>avarri</span> <span class='ocrx_word' id='word_1_406' title='bbox 3215 761 3482 823; x_wconf 89' lang='lat' dir='ltr'>dicentis</span> <span class='ocrx_word' id='word_1_407' title='bbox 3509 763 3575 823; x_wconf 88' lang='lat' dir='ltr'>id</span> <span class='ocrx_word' id='word_1_408' title='bbox 3601 782 3727 825; x_wconf 90' lang='lat' dir='ltr'>non</span> <span class='ocrx_word' id='word_1_409' title='bbox 3765 764 3983 825; x_wconf 85' lang='lat' dir='ltr'>habere</span> 
     </span>
     <span class='ocr_line' id='line_1_62' title="bbox 2462 851 3984 935; baseline 0.004 -24"><span class='ocrx_word' id='word_1_410' title='bbox 2462 851 2669 911; x_wconf 91' lang='lat' dir='ltr'>locum</span> <span class='ocrx_word' id='word_1_411' title='bbox 2698 851 2761 910; x_wconf 94' lang='lat' dir='ltr'>in</span> <span class='ocrx_word' id='word_1_412' title='bbox 2792 852 3003 914; x_wconf 81' lang='lat' dir='ltr'>debito</span> <span class='ocrx_word' id='word_1_413' title='bbox 3035 871 3108 912; x_wconf 88' lang='lat' dir='ltr'>ex</span> <span class='ocrx_word' id='word_1_414' title='bbox 3140 854 3326 915; x_wconf 89' lang='lat' dir='ltr'>rebus</span> <span class='ocrx_word' id='word_1_415' title='bbox 3353 855 3416 914; x_wconf 87' lang='lat' dir='ltr'>in</span> <span class='ocrx_word' id='word_1_416' title='bbox 3447 855 3752 935; x_wconf 90' lang='lat' dir='ltr'>pondere,</span> <span class='ocrx_word' id='word_1_417' title='bbox 3789 875 3984 917; x_wconf 88' lang='lat' dir='ltr'>nume—</span> 
     </span>
     <span class='ocr_line' id='line_1_63' title="bbox 2461 946 3984 1020; baseline 0.003 -16"><span class='ocrx_word' id='word_1_418' title='bbox 2461 962 2555 1020; x_wconf 90' lang='lat' dir='ltr'>r0,</span> <span class='ocrx_word' id='word_1_419' title='bbox 2601 947 2710 1005; x_wconf 90' lang='lat' dir='ltr'>aut</span> <span class='ocrx_word' id='word_1_420' title='bbox 2748 962 3045 1005; x_wconf 87' lang='lat' dir='ltr'>mensura</span> <span class='ocrx_word' id='word_1_421' title='bbox 3075 946 3596 1009; x_wconf 86' lang='lat' dir='ltr'>consistentibus:</span> <span class='ocrx_word' id='word_1_422' title='bbox 3638 947 3800 1009; x_wconf 86' lang='lat' dir='ltr'>ratio</span> <span class='ocrx_word' id='word_1_423' title='bbox 3836 950 3984 1009; x_wconf 86' lang='lat' dir='ltr'>enim</span> 
     </span>
     <span class='ocr_line' id='line_1_64' title="bbox 2463 1037 3985 1119; baseline 0.002 -21"><span class='ocrx_word' id='word_1_424' title='bbox 2463 1037 2685 1098; x_wconf 89' lang='lat' dir='ltr'>eadem</span> <span class='ocrx_word' id='word_1_425' title='bbox 2713 1041 2809 1099; x_wconf 91' lang='lat' dir='ltr'>est</span> <span class='ocrx_word' id='word_1_426' title='bbox 2846 1038 2909 1097; x_wconf 90' lang='lat' dir='ltr'>in</span> <span class='ocrx_word' id='word_1_427' title='bbox 2959 1040 3235 1119; x_wconf 85' lang='lat' dir='ltr'>utrisque</span> <span class='ocrx_word' id='word_1_428' title='bbox 3267 1040 3513 1102; x_wconf 83' lang='lat' dir='ltr'>debitis.</span> <span class='ocrx_word' id='word_1_429' title='bbox 3547 1042 3763 1103; x_wconf 83' lang='lat' dir='ltr'>Monet</span> <span class='ocrx_word' id='word_1_430' title='bbox 3790 1046 3985 1102; x_wconf 83' lang='lat' dir='ltr'>tamen</span> 
     </span>
     <span class='ocr_line' id='line_1_65' title="bbox 2456 1129 3987 1210; baseline 0.004 -20"><span class='ocrx_word' id='word_1_431' title='bbox 2456 1129 2757 1210; x_wconf 88' lang='lat' dir='ltr'>judicem,</span> <span class='ocrx_word' id='word_1_432' title='bbox 2804 1135 2873 1193; x_wconf 88' lang='lat' dir='ltr'>ut</span> <span class='ocrx_word' id='word_1_433' title='bbox 2902 1135 3076 1192; x_wconf 89' lang='lat' dir='ltr'>curet</span> <span class='ocrx_word' id='word_1_434' title='bbox 3121 1151 3199 1192; x_wconf 88' lang='lat' dir='ltr'>ne</span> <span class='ocrx_word' id='word_1_435' title='bbox 3253 1134 3569 1196; x_wconf 87' lang='lat' dir='ltr'>simulatio</span> <span class='ocrx_word' id='word_1_436' title='bbox 3624 1134 3987 1196; x_wconf 77' lang='lat' dir='ltr'>interveniat</span> 
     </span>
     <span class='ocr_line' id='line_1_66' title="bbox 2462 1222 3986 1301; baseline 0.003 -17"><span class='ocrx_word' id='word_1_437' title='bbox 2462 1222 2989 1301; x_wconf 89' lang='lat' dir='ltr'>contrahentium,</span> <span class='ocrx_word' id='word_1_438' title='bbox 3041 1225 3383 1286; x_wconf 87' lang='lat' dir='ltr'>volentium</span> <span class='ocrx_word' id='word_1_439' title='bbox 3440 1226 3558 1287; x_wconf 88' lang='lat' dir='ltr'>hac</span> <span class='ocrx_word' id='word_1_440' title='bbox 3601 1227 3707 1288; x_wconf 86' lang='lat' dir='ltr'>via</span> <span class='ocrx_word' id='word_1_441' title='bbox 3771 1228 3986 1289; x_wconf 79' lang='lat' dir='ltr'>consti-</span> 
     </span>
    </p>
   </div>
   <div class='ocr_carea' id='block_1_9' title="bbox 2460 1317 3981 1489">
    <p class='ocr_par' dir='ltr' id='par_1_14' title="bbox 2460 1317 3981 1489">
     <span class='ocr_line' id='line_1_67' title="bbox 2462 1317 3981 1383; baseline 0.003 -5"><span class='ocrx_word' id='word_1_442' title='bbox 2462 1320 2639 1378; x_wconf 89' lang='lat' dir='ltr'>tuere</span> <span class='ocrx_word' id='word_1_443' title='bbox 2669 1334 2926 1377; x_wconf 88' lang='lat' dir='ltr'>censum</span> <span class='ocrx_word' id='word_1_444' title='bbox 2963 1317 3096 1378; x_wconf 88' lang='lat' dir='ltr'>sine</span> <span class='ocrx_word' id='word_1_445' title='bbox 3154 1318 3618 1381; x_wconf 88' lang='lat' dir='ltr'>conditionibus</span> <span class='ocrx_word' id='word_1_446' title='bbox 3675 1340 3715 1380; x_wconf 88' lang='lat' dir='ltr'>a</span> <span class='ocrx_word' id='word_1_447' title='bbox 3768 1320 3876 1382; x_wconf 90' lang='lat' dir='ltr'>Pio</span> <span class='ocrx_word' id='word_1_448' title='bbox 3917 1323 3981 1383; x_wconf 88' lang='lat' dir='ltr'>V.</span> 
     </span>
     <span class='ocr_line' id='line_1_68' title="bbox 2460 1409 2800 1489; baseline 0.003 -19"><span class='ocrx_word' id='word_1_449' title='bbox 2460 1409 2800 1489; x_wconf 89' lang='lat' dir='ltr'>requisitis.</span> 
     </span>
    </p>
   </div>
   <div class='ocr_carea' id='block_1_10' title="bbox 2543 1502 4114 1585">
    <p class='ocr_par' dir='ltr' id='par_1_15' title="bbox 2543 1502 4114 1585">
     <span class='ocr_line' id='line_1_69' title="bbox 2543 1502 4114 1585; baseline 0.003 -23"><span class='ocrx_word' id='word_1_450' title='bbox 2543 1502 2876 1564; x_wconf 85' lang='lat' dir='ltr'>Dubitatur</span> <span class='ocrx_word' id='word_1_451' title='bbox 2915 1504 3154 1583; x_wconf 90' lang='lat' dir='ltr'>quinto,</span> <span class='ocrx_word' id='word_1_452' title='bbox 3207 1509 3441 1582; x_wconf 91' lang='lat' dir='ltr'>utrum,</span> <span class='ocrx_word' id='word_1_453' title='bbox 3492 1505 3752 1585; x_wconf 88' lang='lat' dir='ltr'>quando</span> <span class='ocrx_word' id='word_1_454' title='bbox 3780 1524 3988 1567; x_wconf 79' lang='lat' dir='ltr'>census</span> <span class='ocrx_word' id='word_1_455' title='bbox 4085 1516 4114 1574; x_wconf 68' lang='lat'>8</span> 
     </span>
    </p>
   </div>
   <div class='ocr_carea' id='block_1_11' title="bbox 2455 1594 4115 1681">
    <p class='ocr_par' dir='ltr' id='par_1_16' title="bbox 2455 1594 4115 1681">
     <span class='ocr_line' id='line_1_70' title="bbox 2455 1594 4115 1681; baseline 0.002 -26"><span class='ocrx_word' id='word_1_456' title='bbox 2455 1594 2588 1676; x_wconf 84' lang='lat' dir='ltr'>jam</span> <span class='ocrx_word' id='word_1_457' title='bbox 2618 1600 2804 1656; x_wconf 88' lang='lat' dir='ltr'>antea</span> <span class='ocrx_word' id='word_1_458' title='bbox 2833 1597 3208 1658; x_wconf 88' lang='lat' dir='ltr'>constitutus</span> <span class='ocrx_word' id='word_1_459' title='bbox 3235 1598 3550 1675; x_wconf 85' lang='lat' dir='ltr'>venditur,</span> <span class='ocrx_word' id='word_1_460' title='bbox 3599 1598 3836 1661; x_wconf 84' lang='lat' dir='ltr'>debeat</span> <span class='ocrx_word' id='word_1_461' title='bbox 3861 1620 3988 1680; x_wconf 87' lang='lat' dir='ltr'>pre-</span> <span class='ocrx_word' id='word_1_462' title='bbox 4033 1641 4115 1681; x_wconf 49' lang='grc' dir='ltr'>Α,</span> 
     </span>
    </p>
   </div>
   <div class='ocr_carea' id='block_1_12' title="bbox 2460 1688 4115 1861">
    <p class='ocr_par' dir='ltr' id='par_1_17' title="bbox 2460 1688 4115 1861">
     <span class='ocr_line' id='line_1_71' title="bbox 2460 1688 4115 1771; baseline 0.003 -23"><span class='ocrx_word' id='word_1_463' title='bbox 2460 1688 2619 1749; x_wconf 90' lang='lat' dir='ltr'>tium</span> <span class='ocrx_word' id='word_1_464' title='bbox 2646 1689 3033 1749; x_wconf 86' lang='lat' dir='ltr'>intervenire</span> <span class='ocrx_word' id='word_1_465' title='bbox 3072 1690 3150 1750; x_wconf 90' lang='lat' dir='ltr'>de</span> <span class='ocrx_word' id='word_1_466' title='bbox 3181 1691 3474 1768; x_wconf 85' lang='lat' dir='ltr'>praesenti</span> <span class='ocrx_word' id='word_1_467' title='bbox 3502 1691 3566 1751; x_wconf 93' lang='lat' dir='ltr'>in</span> <span class='ocrx_word' id='word_1_468' title='bbox 3596 1694 3869 1771; x_wconf 88' lang='lat' dir='ltr'>pecunia</span> <span class='ocrx_word' id='word_1_469' title='bbox 3896 1712 3989 1753; x_wconf 91' lang='lat' dir='ltr'>nu·</span> <span class='ocrx_word' id='word_1_470' title='bbox 4041 1695 4115 1735; x_wconf 68' lang='lat'>&#39;⁵³</span> 
     </span>
     <span class='ocr_line' id='line_1_72' title="bbox 2463 1783 4114 1861; baseline 0.002 -19.131"><span class='ocrx_word' id='word_1_471' title='bbox 2463 1784 2725 1843; x_wconf 87' lang='lat' dir='ltr'>merata.</span> <span class='ocrx_word' id='word_1_472' title='bbox 2750 1784 2995 1861; x_wconf 85' lang='lat' dir='ltr'>Negant</span> <span class='ocrx_word' id='word_1_473' title='bbox 3017 1783 3388 1861; x_wconf 86' lang='lat' dir='ltr'>Felicianus,</span> <span class='ocrx_word' id='word_1_474' title='bbox 3413 1786 3733 1861; x_wconf 86' lang='lat' dir='ltr'>Azevedo,</span> <span class='ocrx_word' id='word_1_475' title='bbox 3760 1786 3984 1847; x_wconf 87' lang='lat' dir='ltr'>etLud.</span> <span class='ocrx_word' id='word_1_476' title='bbox 4041 1808 4114 1840; x_wconf 57' lang='lat' dir='ltr'>mar</span> 
     </span>
    </p>
   </div>
   <div class='ocr_carea' id='block_1_13' title="bbox 2462 1876 3996 5377">
    <p class='ocr_par' dir='ltr' id='par_1_18' title="bbox 2462 1876 3995 2883">
     <span class='ocr_line' id='line_1_73' title="bbox 2462 1876 3985 1955; baseline 0.003 -20"><span class='ocrx_word' id='word_1_477' title='bbox 2462 1876 2616 1954; x_wconf 92' lang='lat' dir='ltr'>Lop.</span> <span class='ocrx_word' id='word_1_478' title='bbox 2649 1892 2805 1954; x_wconf 89' lang='lat' dir='ltr'>quos</span> <span class='ocrx_word' id='word_1_479' title='bbox 2829 1878 3030 1951; x_wconf 84' lang='lat' dir='ltr'>affert,</span> <span class='ocrx_word' id='word_1_480' title='bbox 3063 1880 3125 1937; x_wconf 91' lang='lat' dir='ltr'>et</span> <span class='ocrx_word' id='word_1_481' title='bbox 3155 1876 3438 1955; x_wconf 86' lang='lat' dir='ltr'>sequitur</span> <span class='ocrx_word' id='word_1_482' title='bbox 3462 1878 3640 1939; x_wconf 83' lang='lat' dir='ltr'>Salas</span> <span class='ocrx_word' id='word_1_483' title='bbox 3668 1878 3828 1938; x_wconf 83' lang='lat' dir='ltr'>dub.</span> <span class='ocrx_word' id='word_1_484' title='bbox 3863 1894 3985 1941; x_wconf 83' lang='lat' dir='ltr'>vm.</span> 
     </span>
     <span class='ocr_line' id='line_1_74' title="bbox 2462 1967 3986 2048; baseline 0.002 -20"><span class='ocrx_word' id='word_1_485' title='bbox 2462 1967 2527 2028; x_wconf 92' lang='lat' dir='ltr'>in</span> <span class='ocrx_word' id='word_1_486' title='bbox 2569 1969 2713 2029; x_wconf 87' lang='lat' dir='ltr'>fine.</span> <span class='ocrx_word' id='word_1_487' title='bbox 2776 1969 2925 2028; x_wconf 83' lang='lat' dir='ltr'>Haec</span> <span class='ocrx_word' id='word_1_488' title='bbox 2969 1972 3183 2029; x_wconf 87' lang='lat' dir='ltr'>tamen</span> <span class='ocrx_word' id='word_1_489' title='bbox 3230 1968 3516 2030; x_wconf 88' lang='lat' dir='ltr'>doctrina</span> <span class='ocrx_word' id='word_1_490' title='bbox 3562 1971 3842 2032; x_wconf 85' lang='lat' dir='ltr'>difficilis</span> <span class='ocrx_word' id='word_1_491' title='bbox 3886 1976 3986 2048; x_wconf 84' lang='lat' dir='ltr'>est,</span> 
     </span>
     <span class='ocr_line' id='line_1_75' title="bbox 2464 2060 3986 2143; baseline 0.003 -22"><span class='ocrx_word' id='word_1_492' title='bbox 2464 2064 2723 2141; x_wconf 90' lang='lat' dir='ltr'>propter</span> <span class='ocrx_word' id='word_1_493' title='bbox 2749 2062 2944 2122; x_wconf 88' lang='lat' dir='ltr'>verba</span> <span class='ocrx_word' id='word_1_494' title='bbox 2971 2060 3032 2121; x_wconf 92' lang='lat' dir='ltr'>in</span> <span class='ocrx_word' id='word_1_495' title='bbox 3070 2063 3193 2122; x_wconf 87' lang='lat' dir='ltr'>fine</span> <span class='ocrx_word' id='word_1_496' title='bbox 3224 2061 3508 2143; x_wconf 87' lang='lat' dir='ltr'>ejusdem</span> <span class='ocrx_word' id='word_1_497' title='bbox 3538 2063 3728 2125; x_wconf 65' lang='lat' dir='ltr'>bullae</span> <span class='ocrx_word' id='word_1_498' title='bbox 3765 2065 3986 2141; x_wconf 79' lang='lat' dir='ltr'>addita,</span> 
     </span>
     <span class='ocr_line' id='line_1_76' title="bbox 2466 2153 3990 2233; baseline 0.002 -20"><span class='ocrx_word' id='word_1_499' title='bbox 2466 2153 2693 2233; x_wconf 90' lang='lat' dir='ltr'>quibus</span> <span class='ocrx_word' id='word_1_500' title='bbox 2738 2153 3106 2232; x_wconf 84' lang='lat' dir='ltr'>praedictam</span> <span class='ocrx_word' id='word_1_501' title='bbox 3162 2155 3671 2217; x_wconf 88' lang='lat' dir='ltr'>constitutionem</span> <span class='ocrx_word' id='word_1_502' title='bbox 3720 2158 3990 2219; x_wconf 72' lang='lat' dir='ltr'>Pontifex</span> 
     </span>
     <span class='ocr_line' id='line_1_77' title="bbox 2464 2246 3991 2323; baseline 0.003 -16"><span class='ocrx_word' id='word_1_503' title='bbox 2464 2247 2600 2307; x_wconf 89' lang='lat' dir='ltr'>vult</span> <span class='ocrx_word' id='word_1_504' title='bbox 2621 2247 2685 2306; x_wconf 90' lang='lat' dir='ltr'>in</span> <span class='ocrx_word' id='word_1_505' title='bbox 2715 2246 3004 2307; x_wconf 89' lang='lat' dir='ltr'>omnihus</span> <span class='ocrx_word' id='word_1_506' title='bbox 3033 2247 3294 2323; x_wconf 88' lang='lat' dir='ltr'>servari,</span> <span class='ocrx_word' id='word_1_507' title='bbox 3329 2268 3454 2309; x_wconf 91' lang='lat' dir='ltr'>non</span> <span class='ocrx_word' id='word_1_508' title='bbox 3484 2250 3687 2310; x_wconf 90' lang='lat' dir='ltr'>solum</span> <span class='ocrx_word' id='word_1_509' title='bbox 3719 2250 3786 2310; x_wconf 93' lang='lat' dir='ltr'>in</span> <span class='ocrx_word' id='word_1_510' title='bbox 3818 2270 3991 2311; x_wconf 82' lang='lat' dir='ltr'>censu</span> 
     </span>
     <span class='ocr_line' id='line_1_78' title="bbox 2466 2338 3994 2422; baseline 0.003 -23"><span class='ocrx_word' id='word_1_511' title='bbox 2466 2356 2627 2400; x_wconf 88' lang='lat' dir='ltr'>novo</span> <span class='ocrx_word' id='word_1_512' title='bbox 2659 2338 2954 2416; x_wconf 89' lang='lat' dir='ltr'>creando,</span> <span class='ocrx_word' id='word_1_513' title='bbox 2987 2339 3096 2399; x_wconf 91' lang='lat' dir='ltr'>sed</span> <span class='ocrx_word' id='word_1_514' title='bbox 3130 2339 3320 2401; x_wconf 89' lang='lat' dir='ltr'>etiam</span> <span class='ocrx_word' id='word_1_515' title='bbox 3341 2343 3586 2420; x_wconf 90' lang='lat' dir='ltr'>quoties</span> <span class='ocrx_word' id='word_1_516' title='bbox 3613 2360 3845 2403; x_wconf 88' lang='lat' dir='ltr'>census</span> <span class='ocrx_word' id='word_1_517' title='bbox 3873 2350 3994 2422; x_wconf 82' lang='lat' dir='ltr'>post</span> 
     </span>
     <span class='ocr_line' id='line_1_79' title="bbox 2467 2431 3991 2511; baseline 0.003 -19"><span class='ocrx_word' id='word_1_518' title='bbox 2467 2432 2631 2492; x_wconf 89' lang='lat' dir='ltr'>hanc</span> <span class='ocrx_word' id='word_1_519' title='bbox 2656 2431 2891 2492; x_wconf 89' lang='lat' dir='ltr'>bullam</span> <span class='ocrx_word' id='word_1_520' title='bbox 2922 2432 3307 2511; x_wconf 88' lang='lat' dir='ltr'>publicatam</span> <span class='ocrx_word' id='word_1_521' title='bbox 3354 2439 3602 2495; x_wconf 88' lang='lat' dir='ltr'>creatus</span> <span class='ocrx_word' id='word_1_522' title='bbox 3631 2435 3991 2496; x_wconf 81' lang='lat' dir='ltr'>alienandus</span> 
     </span>
     <span class='ocr_line' id='line_1_80' title="bbox 2467 2525 3990 2609; baseline 0.003 -24"><span class='ocrx_word' id='word_1_523' title='bbox 2467 2525 2547 2587; x_wconf 88' lang='lat' dir='ltr'>sit</span> <span class='ocrx_word' id='word_1_524' title='bbox 2579 2546 2592 2585; x_wconf 73' lang='grc' dir='ltr'>ε</span> <span class='ocrx_word' id='word_1_525' title='bbox 2647 2543 2722 2585; x_wconf 88' lang='lat' dir='ltr'>ex</span> <span class='ocrx_word' id='word_1_526' title='bbox 2751 2525 2977 2605; x_wconf 87' lang='lat' dir='ltr'>quibus</span> <span class='ocrx_word' id='word_1_527' title='bbox 3005 2525 3216 2586; x_wconf 89' lang='lat' dir='ltr'>verbis</span> <span class='ocrx_word' id='word_1_528' title='bbox 3244 2526 3497 2587; x_wconf 88' lang='lat' dir='ltr'>videtur</span> <span class='ocrx_word' id='word_1_529' title='bbox 3523 2526 3735 2606; x_wconf 86' lang='lat' dir='ltr'>colligi</span> <span class='ocrx_word' id='word_1_530' title='bbox 3767 2534 3990 2609; x_wconf 81' lang='lat' dir='ltr'>aperte,</span> 
     </span>
     <span class='ocr_line' id='line_1_81' title="bbox 2468 2618 3995 2698; baseline 0.003 -20"><span class='ocrx_word' id='word_1_531' title='bbox 2468 2619 2636 2698; x_wconf 89' lang='lat' dir='ltr'>quod</span> <span class='ocrx_word' id='word_1_532' title='bbox 2667 2619 2856 2679; x_wconf 89' lang='lat' dir='ltr'>etiam</span> <span class='ocrx_word' id='word_1_533' title='bbox 2887 2618 2949 2678; x_wconf 92' lang='lat' dir='ltr'>in</span> <span class='ocrx_word' id='word_1_534' title='bbox 2978 2618 3340 2680; x_wconf 81' lang='lat' dir='ltr'>venditione</span> <span class='ocrx_word' id='word_1_535' title='bbox 3380 2620 3657 2680; x_wconf 87' lang='lat' dir='ltr'>secunda</span> <span class='ocrx_word' id='word_1_536' title='bbox 3685 2621 3839 2682; x_wconf 84' lang='lat' dir='ltr'>talis</span> <span class='ocrx_word' id='word_1_537' title='bbox 3866 2641 3995 2682; x_wconf 87' lang='lat' dir='ltr'>cen·</span> 
     </span>
     <span class='ocr_line' id='line_1_82' title="bbox 2467 2712 3989 2793; baseline 0.002 -20"><span class='ocrx_word' id='word_1_538' title='bbox 2467 2731 2572 2773; x_wconf 88' lang='lat' dir='ltr'>sus</span> <span class='ocrx_word' id='word_1_539' title='bbox 2613 2712 2972 2791; x_wconf 86' lang='lat' dir='ltr'>requiratur</span> <span class='ocrx_word' id='word_1_540' title='bbox 3017 2712 3283 2791; x_wconf 84' lang='lat' dir='ltr'>pecunia</span> <span class='ocrx_word' id='word_1_541' title='bbox 3325 2718 3655 2775; x_wconf 85' lang='lat' dir='ltr'>numerata</span> <span class='ocrx_word' id='word_1_542' title='bbox 3700 2731 3989 2793; x_wconf 69' lang='lat' dir='ltr'>praesenS,</span> 
     </span>
     <span class='ocr_line' id='line_1_83' title="bbox 2467 2804 3697 2883; baseline 0.004 -20"><span class='ocrx_word' id='word_1_543' title='bbox 2467 2804 2628 2864; x_wconf 89' lang='lat' dir='ltr'>sicut</span> <span class='ocrx_word' id='word_1_544' title='bbox 2654 2804 2712 2864; x_wconf 84' lang='lat' dir='ltr'>in</span> <span class='ocrx_word' id='word_1_545' title='bbox 2746 2804 2951 2883; x_wconf 88' lang='lat' dir='ltr'>prima</span> <span class='ocrx_word' id='word_1_546' title='bbox 2979 2823 3202 2866; x_wconf 89' lang='lat' dir='ltr'>census</span> <span class='ocrx_word' id='word_1_547' title='bbox 3232 2807 3697 2869; x_wconf 89' lang='lat' dir='ltr'>constitutione.</span> 
     </span>
    </p>

    <p class='ocr_par' dir='ltr' id='par_1_19' title="bbox 2465 2896 3996 5377">
     <span class='ocr_line' id='line_1_84' title="bbox 2546 2896 3991 2974; baseline 0.002 -15"><span class='ocrx_word' id='word_1_548' title='bbox 2546 2896 2882 2959; x_wconf 87' lang='lat' dir='ltr'>Dubitatur</span> <span class='ocrx_word' id='word_1_549' title='bbox 2900 2903 3097 2974; x_wconf 87' lang='lat' dir='ltr'>sexto,</span> <span class='ocrx_word' id='word_1_550' title='bbox 3132 2903 3343 2959; x_wconf 87' lang='lat' dir='ltr'>utrum</span> <span class='ocrx_word' id='word_1_551' title='bbox 3372 2898 3435 2959; x_wconf 92' lang='lat' dir='ltr'>in</span> <span class='ocrx_word' id='word_1_552' title='bbox 3458 2901 3846 2962; x_wconf 77' lang='lat' dir='ltr'>extinctione</span> <span class='ocrx_word' id='word_1_553' title='bbox 3867 2919 3991 2961; x_wconf 85' lang='lat' dir='ltr'>cen·</span> 
     </span>
     <span class='ocr_line' id='line_1_85' title="bbox 2467 2988 3991 3072; baseline 0.002 -22"><span class='ocrx_word' id='word_1_554' title='bbox 2467 3009 2571 3050; x_wconf 91' lang='lat' dir='ltr'>sus</span> <span class='ocrx_word' id='word_1_555' title='bbox 2598 2988 2912 3050; x_wconf 90' lang='lat' dir='ltr'>servanda</span> <span class='ocrx_word' id='word_1_556' title='bbox 2956 2990 3036 3051; x_wconf 89' lang='lat' dir='ltr'>sit</span> <span class='ocrx_word' id='word_1_557' title='bbox 3081 2990 3218 3051; x_wconf 85' lang='lat' dir='ltr'>haec</span> <span class='ocrx_word' id='word_1_558' title='bbox 3262 2992 3560 3067; x_wconf 89' lang='lat' dir='ltr'>conditi0,</span> <span class='ocrx_word' id='word_1_559' title='bbox 3613 2997 3812 3072; x_wconf 80' lang='lat' dir='ltr'>atque</span> <span class='ocrx_word' id='word_1_560' title='bbox 3851 2994 3991 3055; x_wconf 82' lang='lat' dir='ltr'>adeo</span> 
     </span>
     <span class='ocr_line' id='line_1_86' title="bbox 2467 3082 3994 3165; baseline 0.004 -23"><span class='ocrx_word' id='word_1_561' title='bbox 2467 3100 2592 3143; x_wconf 92' lang='lat' dir='ltr'>non</span> <span class='ocrx_word' id='word_1_562' title='bbox 2621 3082 2813 3161; x_wconf 83' lang='lat' dir='ltr'>possit</span> <span class='ocrx_word' id='word_1_563' title='bbox 2844 3100 3067 3143; x_wconf 89' lang='lat' dir='ltr'>census</span> <span class='ocrx_word' id='word_1_564' title='bbox 3095 3083 3396 3162; x_wconf 81' lang='lat' dir='ltr'>extingui,</span> <span class='ocrx_word' id='word_1_565' title='bbox 3442 3086 3561 3145; x_wconf 89' lang='lat' dir='ltr'>nisi</span> <span class='ocrx_word' id='word_1_566' title='bbox 3588 3087 3866 3165; x_wconf 85' lang='lat' dir='ltr'>pecunia</span> <span class='ocrx_word' id='word_1_567' title='bbox 3892 3106 3994 3147; x_wconf 87' lang='lat' dir='ltr'>nu·</span> 
     </span>
     <span class='ocr_line' id='line_1_87' title="bbox 2466 3176 3987 3256; baseline 0.003 -21"><span class='ocrx_word' id='word_1_568' title='bbox 2466 3178 2707 3237; x_wconf 88' lang='lat' dir='ltr'>merata</span> <span class='ocrx_word' id='word_1_569' title='bbox 2736 3176 3073 3254; x_wconf 72' lang='lat' dir='ltr'>praesenti?</span> <span class='ocrx_word' id='word_1_570' title='bbox 3113 3178 3360 3256; x_wconf 88' lang='lat' dir='ltr'>Negant</span> <span class='ocrx_word' id='word_1_571' title='bbox 3395 3180 3457 3240; x_wconf 87' lang='lat' dir='ltr'>et</span> <span class='ocrx_word' id='word_1_572' title='bbox 3484 3179 3735 3256; x_wconf 88' lang='lat' dir='ltr'>merito,</span> <span class='ocrx_word' id='word_1_573' title='bbox 3775 3183 3987 3242; x_wconf 80' lang='lat' dir='ltr'>Navar.</span> 
     </span>
     <span class='ocr_line' id='line_1_88' title="bbox 2468 3268 3990 3353; baseline 0.005 -23"><span class='ocrx_word' id='word_1_574' title='bbox 2468 3268 2575 3330; x_wconf 89' lang='lat' dir='ltr'>ubi</span> <span class='ocrx_word' id='word_1_575' title='bbox 2605 3286 2740 3347; x_wconf 87' lang='lat' dir='ltr'>sup.</span> <span class='ocrx_word' id='word_1_576' title='bbox 2777 3288 2838 3330; x_wconf 90' lang='lat' dir='ltr'>n.</span> <span class='ocrx_word' id='word_1_577' title='bbox 2874 3271 3013 3331; x_wconf 87' lang='grc'><strong>123.</strong></span> <span class='ocrx_word' id='word_1_578' title='bbox 3053 3274 3113 3332; x_wconf 89' lang='lat' dir='ltr'>et</span> <span class='ocrx_word' id='word_1_579' title='bbox 3144 3274 3277 3333; x_wconf 89' lang='grc'><strong>124.</strong></span> <span class='ocrx_word' id='word_1_580' title='bbox 3310 3271 3545 3334; x_wconf 91' lang='lat' dir='ltr'>Molina</span> <span class='ocrx_word' id='word_1_581' title='bbox 3572 3274 3635 3334; x_wconf 90' lang='lat' dir='ltr'>d.</span> <span class='ocrx_word' id='word_1_582' title='bbox 3665 3273 3833 3353; x_wconf 86' lang='lat' dir='ltr'>disp.</span> <span class='ocrx_word' id='word_1_583' title='bbox 3866 3277 3990 3338; x_wconf 80' lang='grc'><strong>394.</strong></span> 
     </span>
     <span class='ocr_line' id='line_1_89' title="bbox 2467 3362 3988 3444; baseline 0.004 -22"><span class='ocrx_word' id='word_1_584' title='bbox 2467 3362 2616 3422; x_wconf 90' lang='lat' dir='ltr'>dub.</span> <span class='ocrx_word' id='word_1_585' title='bbox 2651 3378 2711 3424; x_wconf 86' lang='lat' dir='ltr'>v.</span> <span class='ocrx_word' id='word_1_586' title='bbox 2748 3362 2984 3423; x_wconf 86' lang='lat' dir='ltr'>Rebell.</span> <span class='ocrx_word' id='word_1_587' title='bbox 3018 3362 3127 3424; x_wconf 90' lang='lat' dir='ltr'>lib.</span> <span class='ocrx_word' id='word_1_588' title='bbox 3163 3365 3236 3425; x_wconf 87' lang='lat' dir='ltr'>X.</span> <span class='ocrx_word' id='word_1_589' title='bbox 3272 3383 3334 3444; x_wconf 86' lang='lat' dir='ltr'>q.</span> <span class='ocrx_word' id='word_1_590' title='bbox 3365 3381 3451 3426; x_wconf 88' lang='lat' dir='ltr'>v1.</span> <span class='ocrx_word' id='word_1_591' title='bbox 3487 3385 3594 3428; x_wconf 91' lang='lat' dir='ltr'>nu.</span> <span class='ocrx_word' id='word_1_592' title='bbox 3627 3369 3730 3428; x_wconf 87' lang='lat'>22.</span> <span class='ocrx_word' id='word_1_593' title='bbox 3773 3373 3838 3430; x_wconf 88' lang='lat' dir='ltr'>et</span> <span class='ocrx_word' id='word_1_594' title='bbox 3864 3368 3988 3439; x_wconf 88' lang='lat' dir='ltr'>alii;</span> 
     </span>
     <span class='ocr_line' id='line_1_90' title="bbox 2468 3456 3995 3541; baseline 0.005 -28"><span class='ocrx_word' id='word_1_595' title='bbox 2468 3472 2625 3534; x_wconf 90' lang='lat' dir='ltr'>quos</span> <span class='ocrx_word' id='word_1_596' title='bbox 2654 3456 2836 3516; x_wconf 79' lang='lat' dir='ltr'>affert</span> <span class='ocrx_word' id='word_1_597' title='bbox 2864 3458 2926 3517; x_wconf 89' lang='lat' dir='ltr'>et</span> <span class='ocrx_word' id='word_1_598' title='bbox 2971 3456 3255 3537; x_wconf 87' lang='lat' dir='ltr'>sequitur</span> <span class='ocrx_word' id='word_1_599' title='bbox 3283 3458 3462 3520; x_wconf 87' lang='lat' dir='ltr'>Salas</span> <span class='ocrx_word' id='word_1_600' title='bbox 3509 3460 3661 3521; x_wconf 89' lang='lat' dir='ltr'>dub.</span> <span class='ocrx_word' id='word_1_601' title='bbox 3692 3477 3828 3522; x_wconf 79' lang='lat' dir='ltr'>x1x.</span> <span class='ocrx_word' id='word_1_602' title='bbox 3863 3461 3995 3541; x_wconf 84' lang='lat' dir='ltr'>quia</span> 
     </span>
     <span class='ocr_line' id='line_1_91' title="bbox 2467 3547 3994 3628; baseline 0.003 -21"><span class='ocrx_word' id='word_1_603' title='bbox 2467 3548 2645 3608; x_wconf 88' lang='lat' dir='ltr'>Bulla</span> <span class='ocrx_word' id='word_1_604' title='bbox 2694 3547 2898 3608; x_wconf 91' lang='lat' dir='ltr'>solum</span> <span class='ocrx_word' id='word_1_605' title='bbox 2943 3548 3223 3628; x_wconf 89' lang='lat' dir='ltr'>loquitur</span> <span class='ocrx_word' id='word_1_606' title='bbox 3277 3550 3356 3610; x_wconf 92' lang='lat' dir='ltr'>de</span> <span class='ocrx_word' id='word_1_607' title='bbox 3414 3552 3866 3616; x_wconf 80' lang='lat' dir='ltr'>constitutione</span> <span class='ocrx_word' id='word_1_608' title='bbox 3908 3553 3994 3613; x_wconf 83' lang='lat' dir='ltr'>vel</span> 
     </span>
     <span class='ocr_line' id='line_1_92' title="bbox 2470 3639 3992 3722; baseline 0.004 -22"><span class='ocrx_word' id='word_1_609' title='bbox 2470 3639 2852 3718; x_wconf 84' lang='lat' dir='ltr'>venditione,</span> <span class='ocrx_word' id='word_1_610' title='bbox 2903 3644 3014 3702; x_wconf 87' lang='lat' dir='ltr'>aut</span> <span class='ocrx_word' id='word_1_611' title='bbox 3061 3640 3437 3704; x_wconf 86' lang='lat' dir='ltr'>alienatione</span> <span class='ocrx_word' id='word_1_612' title='bbox 3467 3663 3715 3722; x_wconf 76' lang='lat' dir='ltr'>censuS,</span> <span class='ocrx_word' id='word_1_613' title='bbox 3776 3665 3898 3708; x_wconf 90' lang='lat' dir='ltr'>non</span> <span class='ocrx_word' id='word_1_614' title='bbox 3925 3646 3992 3706; x_wconf 84' lang='lat' dir='ltr'>de</span> 
     </span>
     <span class='ocr_line' id='line_1_93' title="bbox 2470 3733 3993 3813; baseline 0.004 -21"><span class='ocrx_word' id='word_1_615' title='bbox 2470 3733 2880 3806; x_wconf 85' lang='lat' dir='ltr'>extinctioue;</span> <span class='ocrx_word' id='word_1_616' title='bbox 2941 3751 3134 3813; x_wconf 89' lang='lat' dir='ltr'>quare</span> <span class='ocrx_word' id='word_1_617' title='bbox 3182 3754 3305 3796; x_wconf 91' lang='lat' dir='ltr'>nou</span> <span class='ocrx_word' id='word_1_618' title='bbox 3349 3739 3445 3798; x_wconf 88' lang='lat' dir='ltr'>est</span> <span class='ocrx_word' id='word_1_619' title='bbox 3485 3738 3568 3798; x_wconf 89' lang='lat' dir='ltr'>ad</span> <span class='ocrx_word' id='word_1_620' title='bbox 3622 3757 3766 3799; x_wconf 87' lang='lat' dir='ltr'>eam</span> <span class='ocrx_word' id='word_1_621' title='bbox 3796 3745 3993 3801; x_wconf 80' lang='lat' dir='ltr'>exten·</span> 
     </span>
     <span class='ocr_line' id='line_1_94' title="bbox 2470 3825 3994 3904; baseline 0.005 -19"><span class='ocrx_word' id='word_1_622' title='bbox 2470 3825 2722 3903; x_wconf 87' lang='lat' dir='ltr'>denda,</span> <span class='ocrx_word' id='word_1_623' title='bbox 2782 3828 3131 3904; x_wconf 65' lang='lat' dir='ltr'>praesertim</span> <span class='ocrx_word' id='word_1_624' title='bbox 3179 3847 3322 3889; x_wconf 88' lang='lat' dir='ltr'>cum</span> <span class='ocrx_word' id='word_1_625' title='bbox 3376 3829 3640 3892; x_wconf 88' lang='lat' dir='ltr'>intentio</span> <span class='ocrx_word' id='word_1_626' title='bbox 3687 3831 3994 3894; x_wconf 70' lang='lat' dir='ltr'>pontificis</span> 
     </span>
     <span class='ocr_line' id='line_1_95' title="bbox 2468 3917 3994 3998; baseline 0.005 -20"><span class='ocrx_word' id='word_1_627' title='bbox 2468 3917 2660 3979; x_wconf 84' lang='lat' dir='ltr'>fuerit</span> <span class='ocrx_word' id='word_1_628' title='bbox 2687 3918 2971 3979; x_wconf 90' lang='lat' dir='ltr'>minuere</span> <span class='ocrx_word' id='word_1_629' title='bbox 3002 3939 3246 3998; x_wconf 76' lang='lat' dir='ltr'>censuS,</span> <span class='ocrx_word' id='word_1_630' title='bbox 3281 3940 3399 3983; x_wconf 86' lang='lat' dir='ltr'>nec</span> <span class='ocrx_word' id='word_1_631' title='bbox 3430 3923 3491 3983; x_wconf 91' lang='lat' dir='ltr'>in</span> <span class='ocrx_word' id='word_1_632' title='bbox 3520 3924 3901 3986; x_wconf 82' lang='lat' dir='ltr'>extinctione</span> <span class='ocrx_word' id='word_1_633' title='bbox 3927 3926 3994 3986; x_wconf 78' lang='lat' dir='ltr'>sit</span> 
     </span>
     <span class='ocr_line' id='line_1_96' title="bbox 2469 4010 3994 4096; baseline 0.005 -25"><span class='ocrx_word' id='word_1_634' title='bbox 2469 4010 2818 4090; x_wconf 91' lang='lat' dir='ltr'>periculum</span> <span class='ocrx_word' id='word_1_635' title='bbox 2849 4031 3055 4074; x_wconf 76' lang='lat' dir='ltr'>usurae</span> <span class='ocrx_word' id='word_1_636' title='bbox 3085 4014 3182 4074; x_wconf 89' lang='lat' dir='ltr'>vel</span> <span class='ocrx_word' id='word_1_637' title='bbox 3211 4015 3565 4094; x_wconf 81' lang='lat' dir='ltr'>injustitiae;</span> <span class='ocrx_word' id='word_1_638' title='bbox 3610 4018 3783 4096; x_wconf 90' lang='lat' dir='ltr'>quod</span> <span class='ocrx_word' id='word_1_639' title='bbox 3805 4016 3994 4078; x_wconf 86' lang='lat' dir='ltr'>timeri</span> 
     </span>
     <span class='ocr_line' id='line_1_97' title="bbox 2468 4102 3992 4189; baseline 0.003 -25"><span class='ocrx_word' id='word_1_640' title='bbox 2468 4107 2675 4182; x_wconf 88' lang='lat' dir='ltr'>potest</span> <span class='ocrx_word' id='word_1_641' title='bbox 2702 4102 2764 4163; x_wconf 89' lang='lat' dir='ltr'>in</span> <span class='ocrx_word' id='word_1_642' title='bbox 2796 4103 2930 4184; x_wconf 89' lang='lat' dir='ltr'>ejus</span> <span class='ocrx_word' id='word_1_643' title='bbox 2995 4106 3343 4168; x_wconf 77' lang='lat' dir='ltr'>creatione.</span> <span class='ocrx_word' id='word_1_644' title='bbox 3404 4110 3610 4180; x_wconf 87' lang='lat' dir='ltr'>Quare</span> <span class='ocrx_word' id='word_1_645' title='bbox 3654 4110 3886 4189; x_wconf 79' lang='lat' dir='ltr'>poterit</span> <span class='ocrx_word' id='word_1_646' title='bbox 3928 4129 3992 4170; x_wconf 79' lang='lat' dir='ltr'>ex</span> 
     </span>
     <span class='ocr_line' id='line_1_98' title="bbox 2469 4196 3995 4279; baseline 0.004 -22"><span class='ocrx_word' id='word_1_647' title='bbox 2469 4196 2884 4258; x_wconf 88' lang='lat' dir='ltr'>conventione</span> <span class='ocrx_word' id='word_1_648' title='bbox 2927 4198 3201 4276; x_wconf 88' lang='lat' dir='ltr'>partium</span> <span class='ocrx_word' id='word_1_649' title='bbox 3249 4200 3529 4279; x_wconf 80' lang='lat' dir='ltr'>extingui</span> <span class='ocrx_word' id='word_1_650' title='bbox 3579 4201 3740 4262; x_wconf 85' lang='lat' dir='ltr'>datis</span> <span class='ocrx_word' id='word_1_651' title='bbox 3785 4201 3995 4263; x_wconf 85' lang='lat' dir='ltr'>merci-</span> 
     </span>
     <span class='ocr_line' id='line_1_99' title="bbox 2468 4288 3994 4372; baseline 0.003 -23"><span class='ocrx_word' id='word_1_652' title='bbox 2468 4288 2609 4365; x_wconf 89' lang='lat' dir='ltr'>bus,</span> <span class='ocrx_word' id='word_1_653' title='bbox 2661 4288 2759 4348; x_wconf 88' lang='lat' dir='ltr'>vel</span> <span class='ocrx_word' id='word_1_654' title='bbox 2789 4289 2977 4349; x_wconf 89' lang='lat' dir='ltr'>rebus</span> <span class='ocrx_word' id='word_1_655' title='bbox 3007 4290 3143 4350; x_wconf 88' lang='lat' dir='ltr'>aliis</span> <span class='ocrx_word' id='word_1_656' title='bbox 3174 4293 3433 4372; x_wconf 75' lang='lat' dir='ltr'>aequalis</span> <span class='ocrx_word' id='word_1_657' title='bbox 3460 4294 3714 4356; x_wconf 78' lang='lat' dir='ltr'>valoriS.</span> <span class='ocrx_word' id='word_1_658' title='bbox 3776 4295 3994 4357; x_wconf 82' lang='lat' dir='ltr'>Poterit</span> 
     </span>
     <span class='ocr_line' id='line_1_100' title="bbox 2471 4380 3993 4463; baseline 0.004 -21"><span class='ocrx_word' id='word_1_659' title='bbox 2471 4382 2659 4443; x_wconf 88' lang='lat' dir='ltr'>etiam</span> <span class='ocrx_word' id='word_1_660' title='bbox 2700 4380 2946 4443; x_wconf 86' lang='lat' dir='ltr'>debitor</span> <span class='ocrx_word' id='word_1_661' title='bbox 2987 4382 3182 4444; x_wconf 88' lang='lat' dir='ltr'>invito</span> <span class='ocrx_word' id='word_1_662' title='bbox 3214 4384 3548 4463; x_wconf 86' lang='lat' dir='ltr'>creditore,</span> <span class='ocrx_word' id='word_1_663' title='bbox 3600 4406 3856 4448; x_wconf 84' lang='lat' dir='ltr'>censum</span> <span class='ocrx_word' id='word_1_664' title='bbox 3898 4408 3993 4448; x_wconf 80' lang='lat' dir='ltr'>ex-</span> 
     </span>
     <span class='ocr_line' id='line_1_101' title="bbox 2470 4474 3995 4558; baseline 0.005 -23"><span class='ocrx_word' id='word_1_665' title='bbox 2470 4474 2759 4553; x_wconf 87' lang='lat' dir='ltr'>tinguere</span> <span class='ocrx_word' id='word_1_666' title='bbox 2814 4476 3325 4553; x_wconf 86' lang='lat' dir='ltr'>compensatione</span> <span class='ocrx_word' id='word_1_667' title='bbox 3380 4480 3644 4558; x_wconf 81' lang='lat' dir='ltr'>aequalis</span> <span class='ocrx_word' id='word_1_668' title='bbox 3698 4481 3888 4542; x_wconf 85' lang='lat' dir='ltr'>debiti</span> <span class='ocrx_word' id='word_1_669' title='bbox 3935 4481 3995 4541; x_wconf 89' lang='lat' dir='ltr'>li-</span> 
     </span>
     <span class='ocr_line' id='line_1_102' title="bbox 2474 4563 3990 4645; baseline 0.005 -21"><span class='ocrx_word' id='word_1_670' title='bbox 2474 4563 2671 4645; x_wconf 90' lang='lat' dir='ltr'>quidi,</span> <span class='ocrx_word' id='word_1_671' title='bbox 2725 4566 2894 4644; x_wconf 89' lang='lat' dir='ltr'>quod</span> <span class='ocrx_word' id='word_1_672' title='bbox 2925 4567 2981 4626; x_wconf 93' lang='lat' dir='ltr'>ei</span> <span class='ocrx_word' id='word_1_673' title='bbox 3024 4568 3315 4631; x_wconf 87' lang='lat' dir='ltr'>dominus</span> <span class='ocrx_word' id='word_1_674' title='bbox 3362 4588 3589 4633; x_wconf 86' lang='lat' dir='ltr'>census</span> <span class='ocrx_word' id='word_1_675' title='bbox 3637 4573 3842 4636; x_wconf 80' lang='lat' dir='ltr'>debet.</span> <span class='ocrx_word' id='word_1_676' title='bbox 3903 4573 3990 4635; x_wconf 83' lang='lat' dir='ltr'>Ad</span> 
     </span>
     <span class='ocr_line' id='line_1_103' title="bbox 2472 4657 3996 4747; baseline 0.005 -28"><span class='ocrx_word' id='word_1_677' title='bbox 2472 4657 2593 4719; x_wconf 89' lang='lat' dir='ltr'>hoc</span> <span class='ocrx_word' id='word_1_678' title='bbox 2620 4661 2833 4718; x_wconf 81' lang='lat' dir='ltr'>tamen</span> <span class='ocrx_word' id='word_1_679' title='bbox 2861 4660 3201 4739; x_wconf 88' lang='lat' dir='ltr'>requiritur</span> <span class='ocrx_word' id='word_1_680' title='bbox 3223 4665 3607 4742; x_wconf 85' lang='lat' dir='ltr'>protestatio,</span> <span class='ocrx_word' id='word_1_681' title='bbox 3643 4686 3770 4747; x_wconf 89' lang='lat' dir='ltr'>qua</span> <span class='ocrx_word' id='word_1_682' title='bbox 3794 4685 3996 4728; x_wconf 85' lang='lat' dir='ltr'>coram</span> 
     </span>
     <span class='ocr_line' id='line_1_104' title="bbox 2465 4749 3993 4832; baseline 0.006 -21"><span class='ocrx_word' id='word_1_683' title='bbox 2465 4749 2680 4831; x_wconf 87' lang='lat' dir='ltr'>judice</span> <span class='ocrx_word' id='word_1_684' title='bbox 2706 4751 2807 4811; x_wconf 89' lang='lat' dir='ltr'>vel</span> <span class='ocrx_word' id='word_1_685' title='bbox 2836 4752 3100 4815; x_wconf 85' lang='lat' dir='ltr'>testibus</span> <span class='ocrx_word' id='word_1_686' title='bbox 3128 4754 3319 4832; x_wconf 89' lang='lat' dir='ltr'>dicat,</span> <span class='ocrx_word' id='word_1_687' title='bbox 3373 4775 3439 4817; x_wconf 84' lang='lat' dir='ltr'>se</span> <span class='ocrx_word' id='word_1_688' title='bbox 3466 4758 3629 4820; x_wconf 89' lang='lat' dir='ltr'>velle</span> <span class='ocrx_word' id='word_1_689' title='bbox 3659 4760 3870 4822; x_wconf 83' lang='lat' dir='ltr'>debito</span> <span class='ocrx_word' id='word_1_690' title='bbox 3899 4760 3993 4820; x_wconf 76' lang='lat' dir='ltr'>illo</span> 
     </span>
     <span class='ocr_line' id='line_1_105' title="bbox 2472 4843 3996 4931; baseline 0.006 -27"><span class='ocrx_word' id='word_1_691' title='bbox 2472 4851 2732 4904; x_wconf 86' lang='lat' dir='ltr'>censum</span> <span class='ocrx_word' id='word_1_692' title='bbox 2759 4843 3143 4924; x_wconf 87' lang='lat' dir='ltr'>extinguere,</span> <span class='ocrx_word' id='word_1_693' title='bbox 3177 4866 3292 4909; x_wconf 87' lang='lat' dir='ltr'>nec</span> <span class='ocrx_word' id='word_1_694' title='bbox 3319 4850 3480 4910; x_wconf 88' lang='lat' dir='ltr'>velle</span> <span class='ocrx_word' id='word_1_695' title='bbox 3510 4869 3577 4911; x_wconf 86' lang='lat' dir='ltr'>se</span> <span class='ocrx_word' id='word_1_696' title='bbox 3605 4856 3821 4931; x_wconf 83' lang='lat' dir='ltr'>postea</span> <span class='ocrx_word' id='word_1_697' title='bbox 3846 4853 3996 4915; x_wconf 83' lang='lat' dir='ltr'>obli·</span> 
     </span>
     <span class='ocr_line' id='line_1_106' title="bbox 2472 4936 3991 5024; baseline 0.007 -29"><span class='ocrx_word' id='word_1_698' title='bbox 2472 4936 2611 5014; x_wconf 89' lang='lat' dir='ltr'>gari</span> <span class='ocrx_word' id='word_1_699' title='bbox 2639 4936 2719 4996; x_wconf 90' lang='lat' dir='ltr'>ad</span> <span class='ocrx_word' id='word_1_700' title='bbox 2748 4937 3080 5016; x_wconf 88' lang='lat' dir='ltr'>pensiones</span> <span class='ocrx_word' id='word_1_701' title='bbox 3108 4941 3462 5004; x_wconf 75' lang='lat' dir='ltr'>solvendaS.</span> <span class='ocrx_word' id='word_1_702' title='bbox 3522 4944 3703 5006; x_wconf 85' lang='lat' dir='ltr'>Addo</span> <span class='ocrx_word' id='word_1_703' title='bbox 3751 4964 3888 5024; x_wconf 89' lang='lat' dir='ltr'>ego,</span> <span class='ocrx_word' id='word_1_704' title='bbox 3935 4947 3991 5006; x_wconf 89' lang='lat' dir='ltr'>in</span> 
     </span>
     <span class='ocr_line' id='line_1_107' title="bbox 2473 5028 3990 5114; baseline 0.008 -26"><span class='ocrx_word' id='word_1_705' title='bbox 2473 5028 2609 5089; x_wconf 90' lang='lat' dir='ltr'>foro</span> <span class='ocrx_word' id='word_1_706' title='bbox 2667 5030 3064 5092; x_wconf 70' lang='lat' dir='ltr'>conscientias</span> <span class='ocrx_word' id='word_1_707' title='bbox 3121 5050 3247 5093; x_wconf 92' lang='lat' dir='ltr'>non</span> <span class='ocrx_word' id='word_1_708' title='bbox 3302 5035 3506 5096; x_wconf 89' lang='lat' dir='ltr'>videri</span> <span class='ocrx_word' id='word_1_709' title='bbox 3560 5039 3990 5114; x_wconf 80' lang='lat' dir='ltr'>necessarium,</span> 
     </span>
     <span class='ocr_line' id='line_1_108' title="bbox 2475 5121 3990 5209; baseline 0.009 -29"><span class='ocrx_word' id='word_1_710' title='bbox 2475 5121 2645 5201; x_wconf 90' lang='lat' dir='ltr'>quod</span> <span class='ocrx_word' id='word_1_711' title='bbox 2674 5139 2747 5182; x_wconf 88' lang='lat' dir='ltr'>ea</span> <span class='ocrx_word' id='word_1_712' title='bbox 2776 5126 3142 5202; x_wconf 88' lang='lat' dir='ltr'>protestatio</span> <span class='ocrx_word' id='word_1_713' title='bbox 3172 5143 3385 5188; x_wconf 87' lang='lat' dir='ltr'>coram</span> <span class='ocrx_word' id='word_1_714' title='bbox 3413 5131 3678 5192; x_wconf 87' lang='lat' dir='ltr'>testibus</span> <span class='ocrx_word' id='word_1_715' title='bbox 3703 5133 3840 5209; x_wconf 84' lang='lat' dir='ltr'>flat,</span> <span class='ocrx_word' id='word_1_716' title='bbox 3890 5131 3990 5192; x_wconf 76' lang='lat' dir='ltr'>sed</span> 
     </span>
     <span class='ocr_line' id='line_1_109' title="bbox 2472 5215 3991 5298; baseline 0.008 -24"><span class='ocrx_word' id='word_1_717' title='bbox 2472 5215 2761 5275; x_wconf 89' lang='lat' dir='ltr'>sufficere</span> <span class='ocrx_word' id='word_1_718' title='bbox 2791 5216 2958 5295; x_wconf 91' lang='lat' dir='ltr'>quod</span> <span class='ocrx_word' id='word_1_719' title='bbox 2988 5216 3099 5280; x_wconf 82' lang='lat' dir='ltr'>fiat</span> <span class='ocrx_word' id='word_1_720' title='bbox 3124 5217 3242 5297; x_wconf 90' lang='lat' dir='ltr'>ipsi</span> <span class='ocrx_word' id='word_1_721' title='bbox 3273 5219 3530 5284; x_wconf 90' lang='lat' dir='ltr'>domino</span> <span class='ocrx_word' id='word_1_722' title='bbox 3560 5242 3800 5298; x_wconf 87' lang='lat' dir='ltr'>census,</span> <span class='ocrx_word' id='word_1_723' title='bbox 3837 5229 3907 5286; x_wconf 86' lang='lat' dir='ltr'>ut</span> <span class='ocrx_word' id='word_1_724' title='bbox 3934 5225 3991 5285; x_wconf 82' lang='lat' dir='ltr'>in</span> 
     </span>
     <span class='ocr_line' id='line_1_110' title="bbox 2477 5309 3430 5377; baseline 0.008 -9"><span class='ocrx_word' id='word_1_725' title='bbox 2477 5326 2551 5369; x_wconf 94' lang='lat' dir='ltr'>eo</span> <span class='ocrx_word' id='word_1_726' title='bbox 2581 5309 2714 5369; x_wconf 88' lang='lat' dir='ltr'>foro</span> <span class='ocrx_word' id='word_1_727' title='bbox 2745 5310 3052 5372; x_wconf 88' lang='lat' dir='ltr'>extinctus</span> <span class='ocrx_word' id='word_1_728' title='bbox 3080 5317 3430 5377; x_wconf 87' lang='lat' dir='ltr'>censeatur.</span> 
     </span>
    </p>
   </div>
   <div class='ocr_carea' id='block_1_14' title="bbox 4023 1865 4115 1911">
    <p class='ocr_par' dir='ltr' id='par_1_20' title="bbox 4023 1865 4115 1911">
     <span class='ocr_line' id='line_1_111' title="bbox 4023 1865 4115 1911; baseline 0 0"><span class='ocrx_word' id='word_1_729' title='bbox 4023 1865 4115 1911; x_wconf 71' lang='lat'>¹⁸1¹</span> 
     </span>
    </p>
   </div>
   <div class='ocr_carea' id='block_1_15' title="bbox 4027 2908 4115 3183">
    <p class='ocr_par' dir='ltr' id='par_1_21' title="bbox 4027 2908 4115 3183">
     <span class='ocr_line' id='line_1_112' title="bbox 4027 2908 4115 3183; textangle 90"><span class='ocrx_word' id='word_1_730' title='bbox 4027 3034 4115 3183; x_wconf 54' lang='grc' dir='ltr'>αξξ</span> <span class='ocrx_word' id='word_1_731' title='bbox 4092 2908 4115 2964; x_wconf 59' lang='lat'>..2</span> 
     </span>
    </p>
   </div>
   <div class='ocr_carea' id='block_1_16' title="bbox 2557 5401 4114 5488">
    <p class='ocr_par' dir='ltr' id='par_1_22' title="bbox 2557 5401 4114 5488">
     <span class='ocr_line' id='line_1_113' title="bbox 2557 5401 4114 5488; baseline 0.005 -25"><span class='ocrx_word' id='word_1_732' title='bbox 2557 5401 2890 5464; x_wconf 89' lang='lat' dir='ltr'>Dubitatur</span> <span class='ocrx_word' id='word_1_733' title='bbox 2935 5404 3222 5484; x_wconf 82' lang='lat' dir='ltr'>septimO,</span> <span class='ocrx_word' id='word_1_734' title='bbox 3283 5426 3365 5469; x_wconf 90' lang='lat' dir='ltr'>au</span> <span class='ocrx_word' id='word_1_735' title='bbox 3395 5413 3601 5473; x_wconf 87' lang='lat' dir='ltr'>stante</span> <span class='ocrx_word' id='word_1_736' title='bbox 3631 5409 3812 5488; x_wconf 87' lang='lat' dir='ltr'>hulla,</span> <span class='ocrx_word' id='word_1_737' title='bbox 3866 5411 3991 5472; x_wconf 77' lang='lat' dir='ltr'>lici·</span> <span class='ocrx_word' id='word_1_738' title='bbox 4097 5435 4114 5482; x_wconf 55' lang='lat' dir='ltr'>t</span> 
     </span>
    </p>
   </div>
   <div class='ocr_carea' id='block_1_17' title="bbox 2476 5497 3991 5584">
    <p class='ocr_par' dir='ltr' id='par_1_23' title="bbox 2476 5497 3991 5584">
     <span class='ocr_line' id='line_1_114' title="bbox 2476 5497 3991 5584; baseline 0.006 -25"><span class='ocrx_word' id='word_1_739' title='bbox 2476 5497 2613 5559; x_wconf 85' lang='lat' dir='ltr'>tum</span> <span class='ocrx_word' id='word_1_740' title='bbox 2641 5497 2722 5561; x_wconf 77' lang='lat' dir='ltr'>sit</span> <span class='ocrx_word' id='word_1_741' title='bbox 2748 5514 2957 5561; x_wconf 86' lang='lat' dir='ltr'>emere</span> <span class='ocrx_word' id='word_1_742' title='bbox 2985 5515 3243 5564; x_wconf 83' lang='lat' dir='ltr'>censum</span> <span class='ocrx_word' id='word_1_743' title='bbox 3270 5502 3541 5582; x_wconf 81' lang='lat' dir='ltr'>pecunia</span> <span class='ocrx_word' id='word_1_744' title='bbox 3568 5504 3844 5584; x_wconf 67' lang='lat' dir='ltr'>praesenti</span> <span class='ocrx_word' id='word_1_745' title='bbox 3873 5523 3991 5568; x_wconf 83' lang='lat' dir='ltr'>uu·</span> 
     </span>
    </p>
   </div>
  </div>
 </body>
</html>
