4263 6376
694 2463 772 2520 3AE

598 2586 717 2639 onia,
745 2587 781 2629 si
812 2586 893 2629 do-

598 2646 773 2684 neturex
784 2647 894 2682 metu

636 2707 719 2736 non
736 2694 850 2735 inv·-

620 2747 760 2790 niendi
788 2746 866 2787 alin

596 2799 686 2842 viee
709 2806 891 2842 mutuum

637 2853 850 2897 ‘'a'luonfico.

703 4202 780 4259 :355

938 321 1056 381 180

936 492 1281 574 acceptatio
1324 495 1387 554 et
1428 493 1635 571 potest
1686 487 1831 567 poni
1880 485 2158 548 formalis
2213 483 2464 564 quando

2093 310 2196 369 DE
2238 308 2591 369 JUSTITIA
2636 309 2736 369 ET
2778 310 2977 370 JURE

2566 486 2635 543 ut
2661 483 2930 562 pretium
2977 483 3198 560 mutui,
3233 483 3328 544 vel
3379 487 3678 563 tanquam
3706 483 3951 545 debitum
3971 504 4024 545 ex

935 587 1258 665 cognoscit
1285 585 1634 658 veritatem,
1667 583 1717 642 si
1738 581 1985 642 animus
2005 579 2246 639 idemin
2277 577 2464 637 dante
2556 576 2820 652 justitia.
2872 580 2934 635 et
2963 576 3118 635 mihi
3166 576 3354 637 etiam
3391 576 3525 637 haec
3572 576 3866 637 sententia
3893 578 3944 637 in
3966 578 4026 637 ri·

934 683 1326 762 perseveret,
1378 683 1441 737 et
1467 676 1669 755 posita
1698 675 1814 735 fuit
1844 672 2121 734 virtualis
2146 719 2160 747 ,
2213 670 2463 750 quando

934 771 1198 850 accepit,
1228 771 1375 849 quia
1402 769 1550 829 licet
1579 767 1890 845 putaverit
1928 784 2051 826 non
2082 764 2214 824 dari
2246 762 2461 840 gratis,

934 865 1132 926 voluit
1174 869 1385 924 tamen
1431 862 1551 921 sibi
1596 859 1880 937 accipere
1926 855 2312 918 omnimodo
2344 870 2467 931 quo

933 961 1202 1037 poterat.
1254 954 1522 1015 Aliunde
1554 971 1702 1012 vero
1743 970 1867 1011 non
1897 953 2102 1028 potest
2146 966 2279 1006 esse
2313 944 2467 1023 inju-

935 1049 1102 1111 stitia
1130 1046 1456 1108 retinendo
1487 1045 1760 1104 alienum
1790 1043 2042 1101 domino
2088 1059 2211 1100 non
2242 1038 2464 1108 invit03

934 1160 1061 1205 non
1091 1146 1185 1202 est
1209 1145 1422 1200 autem
1473 1138 1703 1198 invitus
1733 1135 2023 1196 dominus
2052 1134 2115 1193 in
2145 1133 2266 1192 hoc
2294 1149 2464 1206 casu,

933 1253 1078 1296 cum
1106 1237 1327 1312 sponte
1357 1235 1417 1292 et
1445 1229 1639 1308 gratis
1670 1227 1941 1299 dederit;
1977 1244 2127 1304 ergo
2156 1224 2302 1285 licet
2330 1242 2468 1282 mu-

932 1332 1119 1388 tuans
1146 1329 1401 1404 propter
1429 1321 1873 1383 conscientiam
1902 1318 2284 1397 peccaverit;
2345 1333 2470 1375 non

933 1424 1147 1481 tamen
1193 1417 1311 1478 fuit
1354 1414 1635 1493 acceptio
1665 1412 1870 1490 reipsa
1899 1409 2169 1488 injusta,
2230 1408 2390 1467 sicut
2418 1405 2471 1466 si

934 1530 1070 1572 rem
1097 1527 1298 1585 suam,
1331 1525 1520 1587 quam
1549 1505 1817 1565 alienam
1860 1502 2125 1581 putabas
2150 1547 2165 1577 ‚
2218 1499 2471 1559 furandi

936 1603 1277 1664 intentione
1305 1599 1659 1660 abstuleris,
1692 1599 1815 1656 Nec
1845 1596 2051 1655 obstat
2080 1593 2143 1652 in
2173 1593 2335 1651 dicto
2372 1610 2467 1652 ca.

939 1694 1269 1770 Consuluit,
1301 1690 1688 1770 responderi,
1725 1688 1891 1767 quod
1923 1686 2116 1746 debet
2145 1684 2471 1744 restituere

934 1789 1009 1864 is,
1045 1788 1148 1867 qui
1179 1785 1437 1846 mentali
1468 1801 1653 1843 usura
1676 1828 1691 1858 ,
1736 1781 1888 1840 alias
1919 1799 2043 1839 non
2071 1784 2471 1838 mutuaturus

934 1879 1282 1953 mutuavit,
1343 1895 1487 1938 nam
1517 1876 1601 1934 ibi
1636 1872 2040 1951 praesumptio
2074 1875 2242 1945 erat,
2303 1867 2472 1948 quod

937 1990 1062 2031 non
1085 1974 1246 2030 esset
1271 1968 1614 2027 liberaliter
1643 1965 1860 2024 datum
1889 2009 1903 2037 ,
1959 1968 2021 2023 ct
2062 1960 2362 2040 quamdiu
2395 1959 2471 2019 de

937 2061 1249 2123 contraria
1280 2059 1594 2119 voluntate
1625 2055 1830 2116 dantis
1861 2073 1982 2115 non
2002 2057 2266 2128 constat,
2298 2050 2472 2112 resti-

935 2154 1239 2215 tuendum
1305 2158 1400 2211 est
1456 2155 1711 2228 propter
1765 2148 2000 2208 malum
2057 2145 2249 2205 fidem
2305 2145 2472 2204 acci-

936 2247 1196 2326 pientiS,
1259 2243 1459 2323 qualis
1502 2249 1652 2304 tunc
1697 2240 1936 2316 fuerat,
2002 2244 2288 2315 utsupra
2315 2236 2475 2298 dixi·-

938 2357 1099 2399 mus.

1020 2430 1351 2490 Dubitatur
1379 2427 1621 2506 quint0,
1662 2424 1813 2503 quid
1843 2420 2473 2501 dicendum,quando

941 2521 1353 2584 mutuatarius
1384 2520 1493 2579 dat
1520 2516 1752 2596 aliquid
1786 2516 1948 2577 ultra
1977 2515 2475 2590 sortem,timens

942 2615 1217 2695 alioquin
1265 2632 1390 2672 non
1447 2616 1853 2687 accepturum
1905 2609 2131 2668 iterum
2187 2610 2476 2666 mutuum

943 2707 1194 2788 quando
1223 2703 1552 2782 indigebit,
1585 2702 1686 2761 vel
1725 2719 1802 2760 ne
1832 2699 2123 2760 videatur
2150 2699 2248 2759 vel
2290 2716 2477 2758 voce·

938 2807 1040 2863 tur
1068 2801 1368 2877 ingratuS,
1401 2795 1642 2857 etiamsi
1672 2794 1911 2853 nullum
1927 2797 2177 2871 pactum
2216 2808 2477 2870 praeces-

944 2894 1112 2965 scrit;
1170 2891 1404 2952 Molina
1450 2888 1610 2966 disp.
1659 2889 1798 2947 303.
1856 2886 2022 2945 circa
2062 2886 2276 2960 finem,
2327 2882 2478 2943 dicit

943 2987 1115 3046 illam
1170 3001 1305 3044 esse
1354 2998 1609 3040 usuram
1663 2978 2032 3053 mentalem,
2094 2981 2157 3037 et
2193 2974 2478 3056 quamvis

946 3096 1069 3139 non
1098 3078 1266 3136 dicat
1293 3093 1427 3133 esse
1477 3071 1925 3150 obligationem
1972 3069 2364 3144 restituendi,
2413 3066 2478 3126 id

944 3175 1156 3232 tamen
1186 3186 1259 3228 ex
1290 3165 1423 3246 ejus
1453 3164 1774 3244 principiis
1821 3162 2072 3223 videtur
2100 3161 2300 3241 sequi,
2334 3177 2476 3221 cum

946 3265 1106 3342 disp.
1139 3264 1278 3323 306.
1309 3261 1365 3338 ξ.
1398 3268 1481 3319 est
1524 3268 1715 3319 tamen
1762 3256 1979 3337 opini0,
2015 3255 2184 3316 dicat
2211 3273 2477 3333 genera-

945 3358 1087 3417 liter
1124 3352 1476 3414 usurarium
1519 3350 1858 3410 mentalem
1887 3348 2150 3426 obligari
2196 3348 2276 3407 ad
2305 3346 2479 3408 resti-

945 3448 1270 3511 tuendum.
1333 3448 1452 3505 Pro
1503 3443 1725 3502 eadem
1776 3442 2087 3503 sententia
2118 3442 2293 3501 Salas
2324 3439 2473 3500 dub.

947 3558 1033 3603 vl.
1096 3558 1267 3599 num.
1332 3542 1388 3597 1.
1451 3538 1631 3596 affert
1658 3536 1936 3613 Cajetan.
1997 3536 2361 3608 Navarram,
2418 3535 2481 3591 et

947 3638 1319 3707 Navarrum,
1379 3628 1787 3702 Antoninum,
1849 3626 2104 3706 AngleS,
2165 3631 2228 3686 ct
2270 3625 2478 3703 plures

947 3728 1121 3802 alios,
1158 3724 1384 3804 quibus
1414 3721 1576 3782 adde
1607 3720 1891 3794 Dianam,
1926 3720 2034 3797 qui
2061 3719 2139 3778 de
2170 3717 2478 3778 sententia

947 3818 1279 3893 contraria,
1314 3833 1505 3895 quam
1533 3813 1816 3893 sequitur
1845 3812 2045 3888 Salas,
2076 3809 2478 3871 formidolose

946 3912 1221 3993 loquitur
1249 3909 1311 3970 d.
1344 3911 1592 3969 tractat.
1627 3904 1697 3966 de
1720 3903 2129 3980 coatrae-tiburi,
2165 3903 2350 3963 resol.
2375 3905 2474 3963 62.

950 4007 1185 4079 dicenS,
1219 4022 1299 4062 an
1330 4001 1467 4060 haec
1493 3998 1802 4059 sententia
1831 3997 2173 4077 probabilis
2190 3995 2290 4071 sit,
2310 3994 2482 4074 judi-

952 4103 1095 4159 cent
1120 4094 1237 4156 viri
1267 4092 1456 4153 docti.

1034 4193 1337 4251 Caeterum
1382 4186 1513 4263 ipse
1563 4183 1740 4244 Salas
1771 4183 1983 4258 docet,
2045 4182 2096 4241 si
2151 4180 2356 4240 nullus
2403 4179 2484 4240 sit

952 4282 1196 4342 animus
1214 4275 1684 4354 accipiendi,vel
1698 4273 2107 4353 extorquendi
2122 4278 2191 4333 ut
2202 4272 2481 4333 debitum

953 4394 1027 4435 ex
1065 4370 1327 4453 justitia,
1378 4387 1487 4428 seu
1518 4387 1592 4427 ex
1621 4368 1683 4428 vi
1711 4369 1897 4446 pacti,
1924 4385 2106 4446 posse
2136 4366 2268 4426 sine
2291 4383 2481 4425 usura

953 4467 1171 4545 accipi,
1206 4461 1491 4544 quamvis
1508 4480 1579 4520 ex
1603 4461 1900 4539 praedicto
1931 4460 2155 4520 timore
2187 4459 2386 4531 detur,
2421 4461 2485 4518 et

950 4562 1015 4621 in
1044 4559 1163 4619 hoc
1192 4573 1381 4618 sensu
1398 4553 1832 4631 intelligendos
1850 4552 2177 4630 putatillos
2195 4556 2482 4612 auctores

953 4657 1179 4731 praeter
1206 4647 1525 4721 Molinam‚
1560 4651 1628 4705 ut
1657 4646 1855 4704 solum
1886 4645 2245 4723 loquantur,
2290 4647 2482 4722 quan-

953 4746 1032 4805 do
1064 4744 1210 4803 licet
1256 4759 1379 4800 non
1426 4737 1817 4816 praecesserit
1862 4745 2138 4814 pactum,
2173 4736 2360 4797 datur
2387 4738 2483 4796 ta-

950 4856 1094 4898 men
1125 4834 1224 4895 vel
1252 4831 1557 4909 accipitur
1586 4829 1766 4908 quasi
1803 4827 2083 4889 debitum
2114 4847 2186 4887 ex
2210 4827 2475 4907 justitia.

950 4934 1029 4994 Et
1057 4926 1309 5009 quidem
1335 4921 1748 4985 Lessiusdub.
1786 4938 1845 4982 v.
1881 4927 1943 4983 et
1972 4938 2057 4982 VI.
2094 4939 2344 4999 semper
2372 4938 2484 4999 pe-

949 5025 1026 5086 tit
1053 5024 1132 5082 ad
1163 5036 1439 5089 usuram,
1458 5014 1627 5094 quod
1641 5014 1823 5074 detur
1852 5014 1948 5073 vel
1980 5014 2323 5092 accipiatur
2348 5017 2481 5073 tan-

953 5132 1144 5196 quam
1173 5111 1442 5190 pretium
1471 5107 1568 5167 vel
1611 5111 1914 5184 tanquam
1944 5106 2248 5180 debitum,
2287 5110 2349 5165 et
2378 5122 2482 5165 eo-

953 5210 1100 5270 dem
1145 5202 1335 5264 modo
1376 5201 1720 5278 loquuntur
1749 5199 1812 5259 S.
1847 5198 2068 5258 Thom.
2103 5197 2478 5276 Aragonius,

954 5298 1264 5371 Salonius,
1311 5294 1580 5365 Ramnes,
1629 5289 1937 5366 Valentia,
2001 5292 2207 5365 SotuS,
2261 5296 2324 5350 et
2352 5288 2477 5364 alii,

953 5410 1112 5474 quos
1141 5390 1322 5449 affert
1349 5384 1517 5445 idem
1546 5383 1723 5445 Salas
1752 5401 1924 5443 num.
1948 5385 2006 5443 3.
2034 5382 2332 5457 dicentes,
2360 5399 2483 5441 non

952 5479 1257 5548 committi
1285 5494 1562 5553 usuram,
1614 5476 1729 5535 nisi
1778 5474 1962 5536 detur
2005 5476 2105 5535 vel
2143 5473 2485 5552 accipiatur

2564 687 2715 746 gore
2740 689 2886 728 vera
2914 670 3124 730 videtu
3135 689 3183 729 r.

2649 761 2875 837 Primo,
2911 763 3057 841 quia
3075 781 3198 823 non
3229 767 3324 824 est
3350 763 3637 837 simonia,
3658 762 3892 841 quando
3911 762 4028 840 epis-

2566 873 2760 932 copus
2789 855 3021 942 famulo
3065 855 3437 916 beneficium
3484 857 3745 932 confert,
3787 855 3932 914 nullo
3954 873 4030 932 pa-

2567 950 2666 1008 cto
2698 948 3089 1024 praecedente
3118 949 3343 1009 timens
3371 954 3580 1010 tamen
3612 969 3689 1009 ne
3717 948 3764 1008 si
3794 967 3902 1007 non
3927 966 4030 1007 con-

2567 1040 2747 1115 ferat,
2807 1040 3076 1100 famulus
3129 1040 3318 1102 taedio
3373 1043 3635 1103 affectus
3674 1047 3736 1101 et
3762 1039 3952 1100 videns
3986 1059 4032 1099 se

2568 1150 2677 1209 spe
2733 1132 3117 1208 frustratum,
3166 1133 3245 1193 ab
3274 1133 3409 1212 ejus
3448 1133 3748 1211 obsequio
3788 1133 4030 1204 discedat,

2570 1243 2685 1284 nec
2713 1224 3003 1301 famuluS,
3036 1226 3185 1287 licet
3211 1225 3329 1285 hoc
3359 1228 3535 1301 sciat,
3569 1226 3896 1286 simoniace
3918 1224 4033 1285 acci·

2571 1317 2662 1394 pit
2686 1317 3083 1394 beneficium,
3119 1319 3264 1398 quia
3308 1338 3531 1379 revera
3560 1320 3795 1378 nullum
3824 1318 3896 1377 ibi
3930 1337 4032 1395 pre·

2570 1410 2726 1470 tium
2776 1410 3124 1471 intervenit.
3188 1411 3499 1485 SecundO,
3535 1412 3704 1492 quia,
3749 1417 3816 1472 ut
3858 1412 4036 1471 fatetur

2568 1502 2701 1580 ipse
2730 1503 2958 1563 Molina
3002 1504 3161 1582 disp.
3194 1521 3457 1566 xxxvm.
3519 1505 3715 1565 etalii
3751 1503 4037 1564 communi·

2571 1600 2687 1671 ter,
2712 1615 2964 1673 possum
2995 1615 3111 1675 ego
3143 1598 3304 1659 nolle
3346 1602 3635 1658 mutuare
3669 1598 3723 1656 ei
3755 1615 3922 1676 quem
3944 1596 4036 1656 scio
4157 1633 4158 1644 1

2571 1688 2725 1746 mihi
2772 1688 3072 1766 indigenti
3117 1694 3334 1768 postea
3364 1709 3488 1751 non
3517 1695 3946 1763 mutuaturum,
3969 1688 4038 1747 vel
4155 1689 4158 1754 1

2572 1781 2679 1859 qui
2706 1780 2843 1840 heri
2878 1782 3033 1841 mihi
3079 1801 3201 1842 non
3249 1783 3561 1844 mutuavit
3604 1790 3918 1861 postquam
3954 1797 4039 1857 ego

2571 1872 2657 1931 illi
2685 1878 3122 1934 mutuarerum
3157 1889 3172 1934 ε
3206 1892 3355 1952 ergo
3387 1875 3487 1935 ine
3531 1878 3739 1952 potest
3779 1870 4041 1932 induciad

2571 1965 2986 2025 mutuandum
3015 1966 3112 2025 vel
3157 1966 3235 2026 ad
3285 1965 3768 2044 gratificandum
3807 1964 3938 2023 mihi
3961 1980 4039 2042 pm

2571 2056 2675 2116 illo
2707 2061 2945 2134 mutuo,
2981 2076 3053 2118 eo
3106 2059 3328 2119 timore
3359 2078 3436 2118 ne
3467 2064 3688 2137 postea
3715 2076 3828 2134 ego
3855 2057 3925 2115 illi
3951 2073 4041 2114 uon

2573 2154 2852 2209 mutuem
2883 2153 2952 2210 ut
2994 2150 3282 2229 ingrato;
3340 2157 3546 2230 potest
3590 2152 3759 2210 enim
3787 2151 3977 2210 timere
3997 2146 4043 2205 id

2573 2241 2743 2319 quod
2774 2260 2889 2320 ego
2934 2243 3096 2304 licite
3140 2243 3345 2304 facere
3383 2263 3661 2323 possum,
3709 2248 3770 2304 et
3809 2243 3939 2302 licet
3958 2257 4042 2318 ego

2572 2333 2766 2393 sciam
2797 2353 2938 2394 eum
2971 2335 3077 2395 tali
3105 2336 3327 2397 timore
3357 2337 3522 2413 duci,
3557 2337 3724 2397 licite
3745 2335 3805 2394 id
3833 2333 4040 2411 accipio.

2577 2427 2752 2486 Ratio
2784 2433 2991 2488 autem
3023 2447 3057 2487 a
3088 2428 3277 2506 priori
3325 2433 3438 2505 est,
3471 2430 3619 2508 quia
3666 2426 3888 2507 aliquid
3916 2445 3975 2485 eo
3996 2425 4045 2484 ti-

2573 2536 2747 2578 more
2779 2519 2936 2595 dari‚
2970 2538 3094 2580 non
3126 2519 3274 2581 tacit
3302 2521 3470 2599 quod
3501 2521 3688 2581 detur
3718 2527 3785 2580 ut
3807 2518 4043 2598 pretium,

2576 2611 2685 2670 sed
2730 2612 2936 2689 potius
2965 2611 3104 2672 dari
3147 2614 3342 2691 gratis
3363 2613 3443 2672 ad
3463 2612 3861 2673 alliclendum
3885 2627 4047 2670 meum

2577 2704 2875 2780 animum,
2926 2710 2998 2765 ut
3039 2723 3270 2765 novum
3317 2706 3694 2766 beneficium
3741 2705 3804 2764 in
3846 2704 4048 2763 dantem

2577 2797 2917 2872 conferam,
2944 2798 3043 2856 vel
3064 2816 3140 2857 ne
3172 2816 3410 2858 cessem
3439 2799 3517 2859 ab
3546 2799 3677 2858 iisa
3699 2797 3912 2878 quibus
3926 2796 4048 2855 licite

2577 2908 2820 2950 cessare
2851 2909 3128 2967 possum.
3164 2893 3294 2951 lmo
3328 2893 3570 2971 quoties
3600 2912 3676 2951 ex
3724 2888 4048 2970 gratitudine

2578 2983 2782 3058 datur,
2817 2982 3065 3043 videtur
3094 2983 3230 3044 dari
3259 3003 3330 3043 ex
3361 2985 3503 3044 odio
3551 2989 3614 3046 et
3643 2985 3862 3045 timore
3889 2982 4050 3059 ingra-

2578 3076 2855 3136 titudinis
2889 3095 2903 3136 ε
2940 3077 3108 3155 quod
3135 3084 3347 3137 autem
3376 3078 3559 3139 detur
3586 3079 3812 3139 timore
3842 3074 4048 3154 ingrati·

2576 3170 2809 3232 tudinis
2837 3170 2900 3229 in
2930 3188 3017 3246 se,
3052 3170 3149 3230 vel
3178 3171 3402 3232 timore
3431 3177 3593 3233 notae
3641 3166 4051 3251 ingratitudinis

2579 3264 2744 3342 apud
2774 3256 3080 3339 homineS,
3112 3282 3336 3342 parum
3367 3264 3553 3325 refert
3581 3265 3662 3324 ad
3694 3263 4049 3344 propositum,

2578 3375 2720 3415 cum
2772 3356 3102 3435 utrobique
3144 3375 3268 3417 non
3323 3357 3505 3418 detur
3550 3377 3624 3417 ex
3668 3365 3841 3418 metu
3876 3355 4052 3433 injuste

2578 3449 2686 3508 sed
2710 3449 2876 3527 juste
2904 3449 3097 3524 illato,
3132 3451 3501 3528 praeseitim,
3551 3451 3600 3510 si
3643 3457 3850 3511 metus
3875 3448 3943 3508 ad
3968 3447 4053 3505 hoc

2578 3540 3076 3619 extorquendum
3121 3560 3243 3601 non
3290 3539 3593 3603 inferatur
3626 3543 3711 3602 ab
3742 3541 4051 3619 accipiente.

2580 3634 2874 3708 Quamvis
2905 3653 3053 3712 ergo
3103 3635 3205 3694 illa
3233 3635 3485 3697 donatio
3535 3655 3657 3695 non
3693 3636 3776 3696 sit
3801 3636 3880 3695 ita
3916 3649 4053 3710 spon-

2577 3732 2781 3802 tanea,
2816 3727 2976 3786 sicut
3001 3726 3053 3786 si
3102 3746 3176 3786 ex
3210 3728 3437 3789 affectu
3482 3727 3925 3790 benevolentiae
3948 3742 4055 3803 pro—

2578 3820 2849 3892 cederet;
2894 3819 3101 3879 adhuc
3121 3839 3245 3880 non
3266 3820 3636 3883 desinitesse
3658 3821 3925 3896 donatio,
3949 3834 4056 3879 cum

2580 3931 2704 3973 non
2722 3911 3071 3973 intercedat
3085 3913 3377 3990 pretium,
3396 3920 3458 3975 et
3474 3915 3729 3975 aliunde
3759 3933 3872 3975 non
3902 3911 4055 3973 irrin-

2581 4004 2788 4066 turvel
2810 4004 3158 4065 infirmatur
3169 4011 3425 4085 propter
3442 4013 3682 4068 metum
3707 4008 3789 4068 ab
3803 4005 4057 4083 accipien-

2581 4103 2640 4158 te
2695 4097 3034 4172 incussum,
3083 4115 3225 4157 cum
3257 4099 3494 4158 nullum
3523 4099 3716 4159 talem
3755 4105 3971 4160 metum
3993 4095 4057 4155 in·

2574 4188 2740 4267 juste
2768 4188 3130 4263 incusserit;
3166 4209 3288 4251 non
3320 4196 3414 4252 est
3441 4209 3589 4270 ergo
3611 4210 3729 4252 cur
3744 4186 4058 4252 restituendi

2581 4282 2876 4361 obligatio
2906 4282 3005 4343 sit.
3057 4283 3242 4343 Aliud
3272 4288 3455 4358 esset,
3500 4285 3549 4344 si
3579 4291 3790 4345 metus
3819 4285 3913 4344 ille
3938 4280 4056 4361 inju-

2581 4380 2672 4436 ste
2719 4375 3052 4436 inferretur
3093 4375 3388 4436 minando
3440 4378 3766 4439 infamiam
3814 4378 4057 4456 injustam

2584 4468 2663 4529 ob
2716 4468 3251 4547 ingratitudinem,
3311 4470 3410 4531 vel
3466 4490 3587 4531 non
3642 4477 3923 4532 mutuare
3969 4466 4056 4538 illi,

2582 4561 2833 4640 quando
2864 4566 3152 4622 mutuare
3186 4563 3562 4640 debuissem,
3595 4570 3748 4625 tunc
3776 4564 3930 4625 enim
3945 4559 4061 4621 ohli-

2580 4654 2750 4733 gatio
2789 4659 2953 4714 esset
2994 4655 3361 4715 restituendi
3393 4663 3648 4735 propter
3693 4656 4060 4717 extorsionem

2580 4745 2875 4825 injustam
2926 4750 2989 4806 et
3033 4746 3539 4821 involuntarium,
3593 4750 3742 4829 quia
3786 4750 3922 4810 licet
3967 4762 4059 4805 non

2582 4839 2798 4900 datum
2821 4843 2983 4899 esset
3013 4843 3081 4900 ut
3107 4841 3377 4918 pretium
3405 4842 3628 4919 mutui,
3686 4843 3898 4902 datum
3935 4842 4061 4899 esset

2581 4931 2991 4992 involuntarie
3006 4952 3078 4992 ex
3112 4952 3298 4993 causa
3329 4935 3554 5014 injuste
3583 4937 3790 5015 posita
3804 4931 4059 5016 quaeubli·

2581 5031 2691 5102 gat
2717 5024 2795 5084 ad
2823 5026 3299 5088 restitutionem.
