4263 6376
535 1698 614 1757 43

492 1828 539 1869 ln
558 1822 692 1867 causis

469 1879 628 1925 naonis.
646 1874 716 1916 vel

452 1929 721 1977 mutilationi·

439 1981 734 2082 ”⁰{³·{‘⁰⁸‘.‘5.'0¹'¹

466 2051 713 2149 ,pilulam-⁹

786 308 904 368 688

780 481 975 561 judici
1007 479 1429 541 condemnare
1474 476 1867 535 innocentem
1930 494 1944 534 ι
2005 475 2067 534 in
2116 473 2323 534 causis

786 595 935 637 vero
964 574 1248 635 civilibus
1267 618 1282 647 ,
1342 570 1441 630 vel
1471 569 1575 629 ubi
1604 569 1811 646 agitur
1865 567 1943 627 de
1972 586 2160 645 poena
2214 585 2325 647 pe-

784 668 1064 730 cuniaria
1084 714 1100 744 ,
1161 665 1256 725 vel
1287 663 1487 738 exilii,
1549 665 1657 722 aut
1685 661 2050 739 privationis
2081 661 2319 720 officio-

786 782 948 839 rum,
982 758 1268 821 concedit
1293 757 1501 816 licere.
1536 757 1710 815 Hanc
1740 756 1955 814 tenent
1975 755 2321 814 PetrusNa-

786 873 972 917 varra
1013 851 1082 913 de
1109 850 1356 912 restitut.
1390 867 1529 926 cap.
1564 863 1658 907 111.
1694 864 1867 907 num.
1904 849 2040 906 161.
2100 852 2163 906 et
2188 846 2315 922 alii,

788 967 945 1028 quos
975 948 1155 1007 affert
1190 948 1253 1005 et
1297 941 1583 1020 sequitur
1609 940 1731 1000 late
1760 939 2008 999 Lessius
2036 957 2226 1017 supra
2257 957 2315 999 n.

786 1046 883 1104 78.
943 1037 1225 1118 AEgidius
1256 1035 1332 1096 de
1362 1032 1663 1096 Coninch.
1716 1036 1867 1092 tom.
1904 1033 1978 1092 ΙΙ.
2027 1030 2097 1091 de
2124 1051 2320 1092 sacra-

787 1134 990 1195 mentis
1032 1131 1192 1209 disp.
1227 1144 1363 1189 xm.
1397 1125 1466 1186 dc
1492 1125 1748 1185 censuris
1779 1144 1881 1185 nu.
1921 1128 2054 1186 106.
2091 1132 2153 1185 et
2180 1127 2315 1185 110.

785 1232 848 1290 et
875 1227 1034 1304 disp.
1066 1240 1275 1284 xxx1v.
1306 1218 1376 1279 de
1405 1219 1661 1279 matrim.
1699 1237 1758 1277 n.
1786 1220 1884 1279 98.
1917 1217 2231 1277 Malderus
2258 1217 2321 1276 in

785 1316 1080 1400 praesenti
1106 1319 1289 1376 tract.
1323 1314 1425 1374 VI.
1462 1331 1600 1390 cap.
1637 1327 1679 1371 1.
1715 1310 1863 1371 dub.
1900 1312 1995 1370 13.
2033 1309 2322 1369 eamdem

784 1413 987 1476 tenuit
1011 1408 1241 1484 Imola,
1276 1411 1338 1468 et
1366 1405 1469 1466 alii
1494 1403 1737 1483 juristae
1767 1403 1831 1462 in
1859 1403 1901 1463 l.
1937 1422 1972 1462 α
2007 1401 2158 1462 Divo
2183 1402 2318 1480 Pio,

787 1508 850 1567 ff.
883 1504 953 1565 de
979 1522 1042 1564 re
1057 1499 1360 1583 judicata,
1394 1496 1707 1558 Adrianus
1736 1494 1990 1576 quodlib.
2025 1511 2093 1555 11.
2128 1513 2317 1574 punc.

784 1603 843 1660 3.
875 1603 938 1660 et
963 1593 1286 1676 quodlibet
1312 1607 1397 1651 v1.
1430 1593 1546 1650 art.
1580 1592 1640 1649 3.

869 1690 1079 1752 Prima
1131 1704 1276 1765 pars
1304 1682 1489 1761 hujus
1519 1681 1843 1741 sentcntiae
1893 1679 2196 1758 probatur
2226 1679 2323 1738 his

788 1783 1179 1865 potissimum
1210 1775 1615 1855 argumentis,

866 1877 1074 1939 Primo
1100 1921 1116 1950 ,
1157 1864 1314 1951 'quia
1359 1869 1641 1929 occidere
1684 1867 2079 1927 innocentem
2111 1869 2205 1926 est
2232 1866 2320 1925 in-

784 1973 1053 2035 trinsece
1080 1966 1339 2039 malum,
1372 1962 1925 2039 sicutcognoscere
1956 1979 2078 2020 non
2100 1978 2313 2029 suam;

783 2066 893 2128 sed
943 2078 1126 2122 nemo
1173 2058 1379 2138 potest
1426 2054 1593 2114 licite
1643 2071 2021 2131 cognoscere
2052 2098 2067 2127 ‚
2129 2070 2318 2131 quam

785 2162 956 2221 certo
985 2153 1103 2215 scit
1130 2168 1264 2211 esse
1307 2167 1430 2208 non
1464 2165 1641 2206 suam
1665 2191 1680 2220 ,
1732 2144 2134 2224 quantumvis
2180 2162 2318 2222 pro-

782 2252 966 2312 betur
992 2265 1105 2328 per
1131 2241 1444 2321 legitimos
1472 2243 1661 2300 testes
1695 2256 1828 2297 esse
1859 2256 2035 2298 suam
2057 2283 2072 2312 ,
2125 2241 2188 2297 et
2220 2236 2318 2316 ju-

783 2344 903 2404 dex
933 2335 1295 2420 pronuntiet
1339 2351 1473 2393 esse
1503 2349 1720 2403 suam;
1773 2347 1922 2408 ergo
1971 2347 2085 2389 nec
2130 2330 2317 2390 etiam

779 2434 993 2497 licebit
1046 2428 1334 2491 occidere
1395 2425 1793 2484 innocentem
1826 2468 1841 2498 ,
1918 2422 2318 2501 quantumvis

780 2528 1079 2609 probetur
1124 2539 1355 2582 nocens
1399 2536 1512 2598 per
1539 2515 1698 2576 falsa
1748 2519 1811 2575 et
1837 2514 2202 2594 apparentia
2232 2519 2317 2575 te-

779 2617 1092 2682 stimonia.
1139 2614 1340 2675 Minor
1365 2614 1459 2670 est
1484 2608 1835 2670 communis
1865 2611 1926 2666 et
1953 2606 2320 2668 conceditur

780 2714 859 2774 ab
903 2706 1258 2771 auctoribus
1298 2700 1666 2776 contrariis,
1730 2704 1801 2760 ιιι
1852 2704 2097 2760 constat
2149 2699 2317 2779 apud

777 2806 1085 2866 'rhomam
1116 2795 1395 2859 Sanchez
1424 2794 1622 2854 lib.II.
1658 2791 1729 2851 de
1750 2791 2121 2851 matrimonio
2152 2792 2311 2871 disp.

775 2913 983 2959 xxxlx.
1043 2890 1244 2970 Major
1270 2906 1416 2948 vero
1457 2886 1760 2965 probatur
1790 2902 1803 2947 :
1840 2884 1987 2964 quia
2012 2883 2176 2947 sicut
2204 2886 2317 2945 ho-

776 2991 976 3050 mines
1031 3003 1156 3045 non
1208 2985 1353 3041 sunt
1391 2978 1628 3039 domini
1675 2977 1929 3038 seminis
1971 2977 2049 3037 ad
2078 2979 2313 3039 coitum

775 3101 918 3144 cum
950 3097 1075 3139 non
1103 3094 1255 3151 sua,
1318 3073 1404 3134 ita
1452 3072 1657 3131 minus
1714 3076 1859 3132 sunt
1904 3071 2142 3131 domini
2170 3071 2313 3132 vitae

775 3176 995 3238 alienae
1027 3170 1108 3232 ad
1138 3164 1551 3229 occidendum
1580 3164 1979 3225 innocentem
2014 3181 2027 3228 ε
2062 3163 2232 3243 quod
2262 3163 2312 3224 si

775 3268 980 3341 dicaS,
1029 3253 1482 3339 rempublicam
1512 3276 1588 3317 ex
1615 3275 1807 3317 causa
1855 3275 2036 3334 posse
2078 3256 2312 3316 interfi-

774 3379 916 3422 cere
946 3359 1374 3426 innocentem;
1434 3351 1521 3411 ita
1576 3351 1745 3411 dicet
1795 3349 1952 3409 alius
2008 3367 2189 3426 posse
2237 3367 2312 3409 ex

773 3471 963 3515 causa
990 3446 1361 3528 gravissima
1377 3444 1662 3504 eamdem
1680 3441 2133 3521 rempublicam
2162 3459 2311 3502 con-

765 3547 1033 3625 jungere
1064 3539 1384 3601 subditum
1409 3555 1551 3597 cum
1582 3554 1705 3596 non
1736 3553 1870 3596 sua.

851 3633 1209 3714 Respondet
1239 3628 1522 3693 Sanchez
1560 3627 1668 3688 ubi
1698 3645 1888 3706 supra
1919 3645 1979 3686 n.
2017 3630 2111 3687 12.
2147 3626 2310 3688 sicut

769 3731 1006 3793 licitum
1036 3729 1130 3787 est
1157 3739 1536 3802 cognoscere
1566 3738 1691 3780 non
1721 3736 1899 3779 suam
1923 3764 1938 3795 ,
1973 3737 2165 3798 quam
2195 3718 2308 3778 ali-

770 3824 908 3904 quis
937 3817 1380 3882 invincibiliter
1406 3817 1587 3892 putat
1614 3830 1793 3873 suam
1826 3831 1839 3873 :
1874 3812 1960 3873 ita
1987 3811 2176 3872 licere
2208 3829 2308 3872 oc-

767 3916 975 3977 cidere
992 3911 1391 3973 innocentem
1421 3905 1863 3966 invincibiliter
1884 3903 2308 3965 existimatum

768 4011 1099 4070 nocentem
1148 4024 1160 4064 :
1215 3999 1410 4080 judex
1456 4002 1704 4074 autem,
1754 3998 1900 4058 licet
1929 4002 1998 4058 ut
2024 3997 2306 4075 privatus

767 4103 955 4163 homo
985 4098 1161 4171 sciat,
1187 4093 1361 4153 illum
1391 4109 1524 4151 esse
1554 4091 1984 4162 innocentem;
2019 4094 2088 4150 ut
2108 4089 2306 4168 judex

764 4200 976 4256 tamen
1004 4189 1121 4250 scit
1161 4204 1296 4247 esse
1326 4187 1690 4259 nocentem,
1752 4200 1826 4242 ex
1874 4200 1998 4261 qua
2045 4182 2307 4242 scientia

767 4289 973 4366 potest
998 4281 1162 4342 licite
1192 4279 1364 4338 illum
1397 4275 1705 4338 occidere.
1754 4276 1900 4334 Haec
1929 4275 2156 4335 solutio
2190 4274 2307 4333 im-

766 4380 1081 4459 pugnatur
1108 4372 1188 4433 ab
1218 4368 1616 4431 adversariis

872 4470 1077 4530 Primo
1105 4513 1125 4540 ,
1175 4464 1276 4524 ille
1330 4481 1478 4523 vere
1535 4461 1651 4521 scit
1702 4459 2125 4521 innocentiam
2178 4459 2300 4532 rei;

768 4582 918 4643 ergo
949 4580 1074 4622 non
1102 4562 1311 4638 potest
1359 4555 1594 4615 habere
1636 4553 2054 4632 ignorantiam
2105 4551 2307 4613 invin-

768 4656 1038 4720 cibilem.

848 4746 1136 4812 Secundo
1163 4792 1178 4821 ,
1215 4742 1361 4824 quia
1390 4741 1440 4801 si
1470 4758 1544 4800 ea
1573 4738 1884 4800 distinctio
1913 4738 2181 4814 valeret,
2218 4756 2305 4798 se·

768 4844 1065 4925 queretur
1106 4838 1155 4898 si
1179 4834 1375 4917 judex
1404 4833 1535 4911 ipse
1565 4833 1972 4892 subornasset
2000 4831 2189 4891 falsos
2219 4836 2305 4891 te·

764 4942 890 4999 stes
915 4985 929 5011 ,
980 4951 1094 5012 per
1121 4947 1278 5009 quos
1325 4927 1657 5006 probatum
1685 4925 1904 4984 fuisset
1930 4923 2083 4983 illud
2113 4923 2306 4984 delic-

765 5034 899 5092 tum
925 5076 940 5104 ,
994 5029 1056 5086 et
1082 5027 1301 5102 postea
1329 5018 1590 5080 mortuis
1619 5017 1881 5079 testibus
1905 5063 1920 5092 ,
1967 5035 2090 5076 non
2120 5035 2305 5096 supe-

768 5124 967 5184 resset
994 5114 1341 5179 remedium
1375 5111 1697 5190 aperiendi
1729 5109 2095 5186 veritatemi,
2155 5114 2305 5170 tunc

763 5214 1038 5294 judicem
1085 5227 1266 5287 posse
1315 5205 1736 5267 condemnare
1779 5202 1955 5262 illum
1984 5202 2305 5262 hominem

767 5305 1114 5369 secundum
1142 5301 1439 5378 allegata3
1483 5315 1630 5357 nam
1659 5297 1791 5376 ipse
1817 5314 1939 5356 non
1972 5295 2211 5357 sciehat
2236 5298 2306 5358 ut

767 5400 954 5484 judex
980 5445 995 5476 ,
1045 5395 1156 5457 scd
1185 5398 1254 5454 ιιι
1281 5392 1561 5470 privatus
1591 5389 1779 5449 homo
1828 5388 2163 5449 falsitatem
2209 5392 2303 5449 tc-

1954 298 2056 358 DE
2096 298 2452 359 JUS'l‘l'rlA
2501 298 2599 357 ΕΤ
2642 298 2842 359 JUltE

2424 473 2633 535 stium.
2686 476 3090 556 Consequens
3120 479 3330 538 autem
3361 477 3612 539 videtur
3639 478 3824 539 valde
3855 479 3971 539 ab·

2422 566 2706 628 surdum.

2502 661 2732 735 Tertio,
2767 662 2916 740 quia
2946 662 3169 723 eodem
3199 665 3389 726 modo
3438 665 3738 744 distingui
3788 671 3970 744 pote-

2423 753 2503 813 rit
2530 753 2593 812 in
2622 771 2770 813 casu
2801 755 3206 833 matrimonii,
3243 758 3419 818 illum
3447 759 3766 820 hominem
3803 760 3968 819 scire

2422 846 2772 907 nullitatem
2803 865 2929 907 non
2960 851 3028 909 ιιι
3054 849 3411 928 conjugem,
3442 851 3550 911 sed
3573 851 3694 912 alia
3717 853 3962 928 notitia,

2422 941 2482 999 et
2510 956 2624 1016 per
2653 958 3043 1019 consequens
3068 989 3084 1019 ,
3148 948 3216 1005 ut
3270 944 3606 1024 conjugem
3651 964 3836 1025 posse
3876 946 3966 1006 uti

2423 1049 2547 1091 non
2596 1050 2742 1107 sua,
2794 1051 2983 1112 quam
3028 1052 3103 1094 ex
3144 1035 3441 1115 legitimis
3487 1038 3968 1116 probationibus

2423 1128 2601 1202 putat
2629 1143 2763 1185 esse
2793 1144 2993 1188 suam.

2505 1217 2777 1295 QuartO,
2838 1219 2986 1297 quia
3037 1220 3355 1300 loquendo
3401 1223 3478 1283 de
3508 1224 3810 1285 ministris
3856 1225 3969 1305 qui

2423 1317 2817 1389 exequuntur
2845 1314 3217 1373 sententiam
3241 1313 3495 1393 judiciS,
3527 1316 3635 1396 qui
3658 1317 3864 1378 sciunt
3893 1319 3971 1378 il-

2422 1402 2552 1462 lum
2584 1403 2903 1463 hominem
2934 1422 3069 1464 esse
3119 1405 3553 1479 innocentem;
3611 1408 3710 1470 isti
3740 1410 3970 1471 dicunt

2424 1494 2590 1554 licite
2622 1496 2908 1573 operari,
2968 1497 3117 1574 quia
3160 1498 3587 1559 innocentiam
3634 1501 3804 1560 illam
3840 1521 3967 1563 non

2424 1587 2629 1648 sciunt
2656 1592 2724 1648 ιιι
2754 1593 3119 1650 executores
3151 1593 3497 1668 sententiae,
3529 1594 3640 1653 sed
3669 1600 3739 1655 ιιι
3768 1595 3970 1655 homi-

2425 1698 2534 1739 nes
2564 1679 2818 1757 privati3
2853 1682 2942 1741 sic
2972 1682 3163 1743 etiam
3191 1689 3399 1761 potest
3426 1685 3548 1745 dici
3578 1686 3656 1745 de
3687 1687 3792 1747 illo
3822 1706 3968 1747 con-

2415 1771 2568 1850 juge
2616 1772 2775 1831 scire
2824 1772 3172 1834 nullitatem
3222 1777 3604 1837 matrimonii
3640 1785 3711 1838 ut
3759 1779 3969 1839 homi-

2422 1883 2566 1924 nem
2595 1864 2947 1944 privatum,
3011 1885 3134 1927 non
3182 1872 3393 1928 tamen
3450 1874 3518 1929 ut
3563 1876 3968 1931 executorem

2420 1957 2744 2017 sententiae
2771 1956 3020 2035 judicis,
3058 1958 3160 2037 qui
3193 1961 3361 2039 cogit
3387 1962 3562 2021 illum
3591 1962 3670 2021 ad
3701 1962 3969 2024 cohabi-

2415 2049 2710 2120 tandum;
2742 2068 2890 2127 ergo
2912 2050 3142 2128 poterit
3166 2055 3232 2111 ut
3259 2053 3348 2112 sic
3365 2054 3587 2133 exequi
3617 2055 3793 2115 illam
3825 2074 3966 2116 seu-

2416 2143 2699 2218 tentiam,
2735 2142 2896 2203 sicut
2924 2142 3025 2203 ille
3057 2143 3215 2203 alius
3244 2148 3451 2223 potest
3472 2149 3698 2226 exequi
3714 2155 3966 2209 senten·

2419 2235 2570 2296 tiam
2600 2234 2822 2313 capitis
2854 2240 3072 2297 contra
3100 2236 3518 2300 innocentem.

2499 2327 2903 2406 Respondent
2930 2328 3070 2405 alii,
3105 2329 3168 2390 in
3200 2348 3347 2391 casu
3378 2333 3787 2410 matrimonii,
3825 2336 3969 2395 nul-

2416 2422 2545 2482 lum
2590 2440 2725 2481 esse
2762 2421 2867 2500 jus
2911 2421 3079 2499 quod
3131 2423 3406 2501 postulet
3450 2426 3740 2504 copulam
3787 2428 3966 2489 illam

2418 2532 2559 2574 cum
2590 2532 2715 2573 non
2744 2528 2887 2574 sua:
2910 2514 2972 2574 in
3004 2520 3215 2576 nostro
3247 2521 3458 2578 autem
3487 2535 3636 2578 casu
3666 2538 3806 2581 esse
3831 2520 3963 2601 juS,

2417 2607 2655 2669 scilicet
2681 2607 2918 2667 bonum
2949 2608 3268 2686 publicum
3288 2656 3303 2685 ,
3339 2610 3506 2689 quod
3536 2612 3820 2689 graviter
3853 2613 3971 2674 lae-

2418 2700 2692 2775 deretur,
2725 2699 2776 2759 si
2809 2699 3073 2759 liberum
3104 2705 3269 2762 esset
3288 2701 3487 2781 judici
3523 2720 3646 2763 non
3669 2703 3971 2782 judicare

2415 2792 2762 2853 secundum
2791 2793 3059 2871 allegata
3083 2839 3098 2868 ‚
3148 2798 3210 2854 ct
3237 2796 3501 2873 probata
3521 2842 3537 2872 ,
3589 2799 3677 2858 ita
3704 2798 3966 2858 Luisius

2414 2886 2758 2947 Turrianus
2813 2886 2876 2945 in
2934 2888 3226 2963 praesenti
3255 2887 3415 2968 disp.
3448 2905 3661 2950 xnvm.
3696 2891 3850 2952 dub.
3885 2907 3963 2953 11.

2416 2999 2521 3039 nu.
2553 2984 2612 3038 7.
2650 2978 2760 3038 sed
2789 2984 3005 3039 contra
3028 3025 3043 3055 ,
3077 2980 3226 3058 quia
3255 2981 3442 3041 etiam
3470 2982 3533 3041 in
3562 3000 3711 3043 casu
3741 2985 3968 3044 matri-

2412 3071 2607 3132 monii
2635 3071 2971 3132 intervenit
2998 3072 3236 3133 bonum
3267 3074 3582 3152 privatum
3612 3076 3779 3136 illius
3810 3096 3964 3138 con·

2405 3164 2596 3245 jugis,
2632 3168 2695 3225 et
2719 3164 2955 3224 bonum
2990 3164 3179 3227 etiam
3207 3166 3550 3244 publicum,
3585 3168 3755 3247 quod
3786 3170 3963 3230 simi-

2410 3259 2553 3318 liter
2579 3257 2855 3334 graviter
2886 3257 3148 3334 patitur,
3182 3259 3235 3317 si
3261 3258 3597 3339 unicuique
3643 3260 3834 3322 liceat
3861 3282 3962 3322 re-

2410 3351 2626 3410 sistere
2656 3349 2979 3409 sententiae
3002 3350 3232 3427 Judicis
3260 3351 3659 3413 ecclesiastici
3686 3400 3701 3429 ,
3749 3359 3816 3415 et
3841 3373 3963 3433 pa-

2408 3443 2534 3502 lam
2563 3459 2686 3501 non
2718 3440 2994 3516 obedire,
3020 3459 3169 3520 ergo
3201 3448 3456 3522 propter
3480 3443 3602 3505 hoc
3619 3446 3825 3507 simile
3847 3449 3962 3527 jus

2408 3533 2638 3614 poterit
2682 3533 2904 3611 exequi
2952 3534 3327 3594 seutentiam
3382 3536 3692 3613 prolatam
3730 3556 3961 3600 secun-

2410 3627 2561 3687 dum
2590 3626 2861 3704 allegata
2890 3631 2953 3686 et
2979 3627 3282 3704 probata?
3335 3630 3697 3708 Respondet
3723 3631 3960 3694 iterum

2409 3718 2578 3779 idem
2609 3722 2828 3779 auctor
2854 3718 2937 3778 ibi
2965 3764 2979 3790 ‚
3033 3719 3096 3777 in
3140 3725 3350 3782 nostro
3382 3740 3529 3782 casu
3561 3722 3785 3784 adesse
3814 3745 3965 3786 sen-

2406 3811 2666 3872 tentiam
2695 3810 3075 3871 contrariam
3102 3813 3697 3893 probabilissimam,
3731 3819 3837 3877 cui
3859 3819 3965 3898 ju·

2407 3905 2528 3965 dex
2556 3908 2761 3983 potest
2787 3904 3058 3982 practice
3087 3922 3153 3963 se
3182 3906 3596 3985 conformare,
3624 3916 3690 3969 et
3716 3910 3964 3971 habere

2399 3996 2710 4077 judicium
2745 3996 3093 4074 practicam
3114 4042 3130 4072 ,
3182 4004 3371 4077 atque
3414 4000 3533 4060 hoc
3562 4002 3756 4062 modo
3787 4003 3963 4064 licite

2406 4088 2789 4168 operabitur.
2822 4088 2945 4149 Sed
2973 4094 3212 4165 contra,
3247 4091 3395 4169 quia
3421 4092 3485 4151 in
3512 4093 3734 4171 primis
3765 4097 3963 4156 etiam

2405 4183 2469 4241 in
2497 4198 2647 4241 casu
2677 4180 2780 4240 illo
2810 4180 3197 4242 matrimonii
3243 4186 3337 4243 est
3365 4185 3679 4245 sententia
3710 4186 3966 4266 aliquo-

2405 4292 2547 4335 rum
2570 4320 2585 4351 ,
2642 4273 2750 4353 qui
2779 4273 2995 4334 dicunt
3021 4292 3204 4351 posse
3234 4275 3569 4354 conjugem
3601 4277 3777 4338 licite
3806 4280 3965 4339 obe-

2405 4368 2540 4427 dire
2560 4413 2575 4443 ,
2627 4371 2690 4426 et
2716 4383 3058 4444 agnoscere
3110 4384 3234 4427 non
3282 4386 3461 4428 suam
3482 4416 3497 4446 ,
3545 4389 3689 4449 quae.
3738 4376 3963 4432 tamen

2404 4458 2710 4539 probatur
2735 4475 2849 4518 sua
2871 4479 2883 4520 :
2908 4464 2979 4520 ut
2998 4458 3196 4519 videri
3226 4465 3431 4538 potest
3457 4464 3627 4541 apud
3640 4464 3964 4525 Thomam

2408 4551 2640 4613 Sanch.
2678 4550 2785 4610 ubi
2815 4569 3006 4629 supra
3045 4551 3106 4612 d.
3143 4552 3304 4631 disp.
3338 4569 3547 4615 xxxlx.
3609 4556 3795 4627 Quod
3837 4577 3960 4618 au-

2405 4649 2532 4706 tem
2561 4644 2665 4704 illa
2695 4644 3006 4706 sententia
3034 4662 3159 4705 non
3186 4645 3265 4706 sit
3294 4647 3636 4724 probabilis
3662 4696 3679 4726 ,
3712 4669 3828 4728 per
3851 4670 3965 4712 ac·

2406 4737 2622 4798 cidens
2651 4740 2746 4797 est
2772 4741 3032 4814 propter
3071 4738 3401 4816 pauciores
3444 4745 3736 4803 auctores
3793 4763 3964 4823 quos

2406 4830 2616 4892 habet.
2678 4829 2958 4909 Denique
3003 4830 3123 4891 hoc
3168 4849 3293 4892 non
3323 4833 3549 4910 probat
3578 4853 3715 4895 rem
3748 4836 3964 4915 ipsam

2405 4941 2539 4985 esse
2568 4922 2914 4982 secundum
2944 4941 3009 4983 se
3035 4924 3268 4985 licitam
3293 4971 3308 5001 ,
3342 4926 3454 4986 sed
3485 4927 3692 4988 solum
3723 4948 3859 4989 esse
3888 4931 3969 4991 li-

2403 5016 2590 5077 citam
2620 5034 2733 5094 per
2759 5016 3052 5076 accidens
3072 5064 3087 5093 ,
3123 5036 3196 5078 eo
3229 5019 3397 5097 quod
3427 5019 3611 5081 detur
3637 5024 3966 5085 sententia

2404 5109 2694 5188 gravium
2734 5115 3068 5171 auctorum
3119 5111 3227 5189 qui
3254 5110 3473 5173 dicunt
3497 5112 3712 5174 licere.
3770 5117 3818 5175 N
3826 5134 3965 5178 unc

2405 5205 2614 5262 autem
2644 5219 2768 5261 non
2799 5202 3160 5281 quaerimus,
3187 5222 3266 5263 an
3295 5204 3483 5266 liceat
3512 5224 3625 5284 per
3651 5207 3963 5270 accidens

2404 5298 2660 5372 propter
2686 5294 3046 5373 probabiles
3074 5296 3418 5357 sententias
3440 5344 3457 5374 ,
3507 5299 3618 5358 sed
3650 5318 3729 5359 an
3757 5300 3966 5363 liceat

2402 5386 2751 5448 secundum
2775 5406 2863 5463 se,
2899 5392 2962 5449 et
2989 5407 3066 5449 ex
3091 5388 3429 5451 intrinseca
3460 5393 3724 5455 ratione.
