4263 6376
1138 365 1616 429 DISPUTATIO
1660 368 1932 446 XXVIII,
1981 362 2262 434 SECTIO
2304 372 2436 435 VII.

899 542 946 594 *l
981 539 1248 603 volendo
1296 541 1466 622 quod
1511 545 1728 603 Petrus

1046 635 1170 693 'loc
1213 639 1422 696 autem
1466 653 1590 696 non
1637 639 1732 696 est

1143 727 1235 774 ”¹0
1288 727 1486 804 possit
1531 728 1730 789 extin-

1295 823 1505 880 '‘otrus
1523 825 1729 899 potest

1427 914 1722 987 '’abitam,

1569 1007 1621 1058 ἴα
1654 1005 1727 1063 il-

3248 376 3365 434 423

1828 543 1990 605 sicut
2019 550 2226 620 antea,
2277 565 2423 607 nam
2472 547 2780 609 creditum
2827 553 2888 610 et
2917 548 3196 610 debitum
3224 554 3369 611 sunt

1828 638 2218 712 correlativa‚
2255 658 2368 699 nec
2398 645 2599 717 potest
2632 640 2799 700 idem
2824 642 3133 703 creditum
3162 643 3366 703 redire

1827 729 1905 789 ad
1935 731 2243 792 Joannem
2287 733 2436 811 quin
2466 735 2742 794 Joannes
2784 733 3015 795 habeat
3044 735 3213 796 idem
3234 738 3362 814 JuS,

1829 822 1995 900 quod
2027 829 2212 884 antea
2241 823 2534 886 habebat.
2561 827 2821 887 Constat
2848 845 3021 905 ergo,
3054 827 3207 887 nihil
3230 829 3367 888 dari

1827 930 2009 990 posse
2038 915 2221 976 Petro
2253 935 2287 975 a
2316 918 2559 978 Joanne
2582 963 2597 993 ,
2644 918 2811 996 quod
2861 919 2941 979 sit
2969 919 3119 980 utile
3150 921 3230 980 ad
3261 939 3360 980 ex·

1825 1005 2237 1082 tinguendum
2290 1008 2562 1086 primum
2619 1011 2970 1083 cambium,
3033 1011 3082 1072 si
3155 1012 3364 1073 solum

1707 1119 1720 1146 ]
1825 1095 1991 1156 idem
2021 1099 2326 1160 creditum
2355 1100 2525 1179 prius
2553 1103 2829 1163 Joannes
2875 1102 3145 1180 habeat,
3194 1104 3363 1182 quod

1569 1607 1576 1618 .
1617 1560 1724 1616 >vd

1387 1795 1390 1808 ⁴
1449 1774 1590 1813 iere
1622 1756 1724 1815 Jo-

1333 1857 1342 1902 ἱ
1398 1848 1728 1906 transferat

1248 1963 1310 1994 ,μ
1345 1944 1476 2001 crat,
1521 1939 1581 1997 in
1614 1940 1727 1998 (10-

1161 2057 1166 2082 ι
1205 2031 1452 2107 quando
1500 2030 1728 2110 accipit

1099 2123 1232 2196 mr,
1278 2122 1503 2200 quibus
1531 2122 1727 2200 possit

971 2237 974 2246 ·
1011 2217 1200 2271 rhium
1232 2214 1453 2274 initum
1482 2216 1721 2291 Romae,

913 2345 918 2360 .
947 2329 1009 2361 11>
1045 2307 1543 2366 sactusdominus
1563 2306 1725 2389 illius

819 2403 962 2454 ,ξιιιιι
996 2398 1313 2457 cambium
1343 2402 1638 2478 acceptae,
1666 2403 1727 2459 et

703 2529 706 2544 ι
769 2491 1015 2566 ⁸:ligitur
1035 2489 1262 2551 debere
1282 2492 1315 2552 J
1322 2492 1509 2551 oanni
1529 2492 1720 2568 mille,

589 2609 612 2618 κ·
653 2603 720 2638 vx
757 2581 944 2658 priori
976 2582 1220 2644 cambio
1253 2583 1533 2644 nondum
1563 2584 1724 2644 solu-

597 2674 716 2730 ulia
758 2679 905 2733 tunc
947 2679 1209 2753 accepta
1252 2675 1332 2736 ad
1377 2676 1724 2736 secundum

528 2785 540 2828 ;
595 2771 815 2841 postea
845 2784 990 2826 vero
1021 2766 1117 2825 his
1145 2766 1312 2827 mille
1343 2767 1528 2828 solvit
1553 2767 1724 2827 millo

371 2857 632 2917 habat
662 2877 735 2917 ex
767 2857 969 2937 primo
1015 2859 1261 2919 cambio
1286 2905 1301 2936 ,
1353 2864 1416 2920 et
1443 2864 1725 2920 remanet

249 2993 254 2998 .
299 2951 434 3005 32:ss
463 2950 710 3009 illorum
740 2951 908 3010 mille
938 2951 1373 3029 posteriorum.
1409 2953 1474 3013 ln
1509 2957 1720 3012 nostro

229 3049 402 3097 ,sarm
444 3059 590 3100 casu
638 3060 763 3103 non
793 3042 1044 3103 videtur
1081 3062 1265 3123 posse
1314 3047 1531 3115 Petrus
1581 3044 1717 3104 Pla-

227 3131 411 3191 centiae
439 3134 680 3194 solvere
711 3134 985 3213 primum
1007 3136 1320 3197 cambium
1353 3156 1366 3199 ε
1402 3137 1547 3217 quia
1567 3136 1722 3198 nihil

227 3228 397 3299 potest
415 3225 498 3284 ibi
526 3227 865 3288 transferre
894 3229 956 3287 in
985 3229 1315 3305 Joannem,
1350 3229 1518 3310 quod
1548 3230 1720 3308 prius

224 3318 359 3375 esset
408 3317 469 3376 in
522 3319 799 3380 dominio
844 3320 1007 3381 Petri
1044 3341 1056 3381 ε
1091 3320 1243 3381 illud
1297 3321 1462 3381 enim
1518 3323 1721 3383 solum

221 3407 521 3470 transferre
550 3414 776 3489 potest,
811 3412 979 3492 quod
1012 3412 1145 3491 ipse
1173 3412 1257 3473 ibi
1288 3413 1530 3492 accepit
1555 3433 1594 3475 a
1619 3416 1652 3476 J
1660 3432 1720 3475 ο-

221 3516 378 3575 anne,
409 3520 551 3562 cum
581 3504 736 3563 nihil
767 3504 939 3564 aliud
969 3503 1055 3564 ibi
1098 3511 1488 3584 supponatur
1528 3506 1723 3567 habe-

219 3609 274 3650 re
301 3610 316 3657 :
343 3594 489 3654 illud
511 3600 723 3656 autem
748 3643 762 3672 ,
796 3597 967 3675 quod
997 3597 1241 3676 accepit
1268 3597 1353 3658 ibi
1387 3617 1422 3658 a
1449 3600 1483 3661 J
1490 3617 1715 3675 oanne,

220 3702 322 3743 non
349 3691 550 3763 potest
575 3688 636 3747 in
669 3707 815 3749 eum
860 3689 1240 3763 transterre;
1290 3691 1438 3770 quia
1486 3710 1610 3752 non
1651 3692 1722 3753 fit

217 3794 310 3854 pro
338 3778 543 3859 aliquo
575 3781 768 3859 priori
799 3781 1091 3842 dominus
1119 3783 1283 3843 illius
1317 3803 1330 3844 :
1363 3784 1636 3863 alioquin
1670 3784 1718 3844 si

216 3887 310 3947 pro
336 3873 525 3949 priori
553 3874 733 3951 signo
781 3873 1149 3952 intelligitur
1193 3875 1484 3936 dominus
1529 3876 1714 3952 illius,

215 3966 526 4043 antequam
555 3965 708 4025 illud
736 3965 964 4027 reddat
989 3968 1218 4028 Joanni
1241 4014 1257 4045 ,
1309 3973 1371 4030 et
1400 3969 1721 4048 extinguat

212 4054 360 4131 prius
386 4056 705 4131 debitum;
740 4077 888 4137 ergo
935 4077 1049 4138 pro
1081 4060 1184 4121 illo
1213 4061 1391 4139 signo
1430 4061 1722 4140 intelligi-

214 4150 298 4206 tur
322 4148 545 4209 debere
576 4150 702 4211 duo
748 4150 945 4211 millia
995 4170 1218 4231 nempe
1258 4153 1425 4213 mille
1454 4172 1528 4214 ex
1557 4172 1719 4215 novo

213 4241 456 4314 cambio,
491 4241 606 4302 sub
640 4242 806 4321 quod
835 4244 1133 4322 accepita
1152 4247 1186 4307 J
1194 4264 1395 4307 oanne
1416 4246 1570 4307 illud
1589 4265 1720 4308 cre-

212 4330 409 4409 ditum,
445 4337 507 4394 et
533 4335 702 4395 mille
732 4354 808 4395 ex
836 4336 1037 4414 primo
1069 4338 1335 4412 cambiO,
1369 4339 1536 4418 quod
1567 4357 1723 4400 non-

209 4424 340 4484 dum
368 4426 733 4506 intelligitur
762 4428 1106 4490 extinctum
1138 4431 1340 4492 donec
1369 4432 1594 4493 reddat
1619 4433 1651 4492 J
1662 4450 1724 4491 o-

211 4517 338 4576 anni
365 4518 428 4578 id
458 4520 625 4599 quod
656 4520 734 4580 ab
763 4521 900 4599 ipso
934 4522 1160 4602 accipit
1201 4524 1282 4584 ad
1313 4523 1597 4602 primum
1614 4524 1726 4585 de-

207 4608 388 4671 bitum
420 4612 936 4690 extinguendum.
973 4615 1037 4675 Si
1065 4620 1274 4677 autem
1303 4635 1417 4695 pro
1451 4636 1523 4678 eo
1545 4617 1725 4694 signo

207 4701 378 4764 debet
406 4703 529 4765 duo
585 4704 800 4782 millia,
825 4725 1073 4786 semper
1123 4708 1402 4770 manebit
1445 4709 1726 4788 ejusdem

204 4812 449 4857 summae
474 4797 724 4859 debitor
755 4818 769 4859 :
804 4803 1021 4877 postea
1052 4799 1218 4859 enim
1248 4820 1371 4862 non
1393 4803 1601 4863 reddit
1622 4804 1726 4865 Jo-

206 4890 338 4948 anni
363 4889 621 4969 aliquid,
657 4909 779 4970 quo
810 4891 984 4970 prius
1000 4891 1279 4954 debitum
1299 4895 1719 4973 extinguatur.

203 4982 339 5041 Peto
370 4983 559 5059 enim,
585 4983 735 5062 quid
758 4983 839 5044 sit
856 4983 1009 5044 illud
1032 4986 1199 5064 quod
1230 4986 1310 5046 ad
1341 4987 1508 5048 hunc
1537 4989 1727 5048 finem

205 5072 447 5133 reddit?
473 5076 648 5138 Certe
680 5095 716 5135 a
744 5077 777 5136 J
786 5094 988 5136 oanne
1019 5077 1221 5137 solum
1269 5079 1498 5158 accipit
1526 5079 1730 5139 credi-

202 5167 321 5224 tum
350 5165 544 5244 prim,
578 5168 628 5226 si
659 5167 898 5246 aliquid
927 5169 1158 5247 accipit
1188 5190 1201 5229 :
1236 5170 1353 5231 hoc
1372 5176 1578 5232 autem
1603 5190 1728 5231 non

201 5262 396 5333 potest
424 5259 680 5319 reddere
710 5259 790 5319 ad
813 5261 1308 5338 extinguendum
1328 5263 1493 5323 idem
1524 5263 1727 5325 credi-

198 5354 345 5426 tum,
365 5355 436 5411 ut
461 5357 628 5430 patet
660 5371 674 5413 ε
710 5353 859 5432 quia
874 5354 922 5412 si
946 5353 1199 5416 redditJ
1207 5355 1391 5416 oanni
1423 5358 1729 5418 creditum

200 5442 363 5519 prius
389 5446 669 5522 pecuniae
701 5446 1072 5519 Placentiae;
1110 5465 1258 5524 ergo
1280 5452 1492 5509 manet
1511 5451 1731 5509 Petrus

198 5535 443 5597 debitor
460 5539 736 5618 ejusdem
763 5539 1048 5619 pecuniae
1063 5540 1394 5604 Placentiae
1414 5541 1728 5603 solvendae

1831 1189 1978 1249 «lare
2007 1192 2221 1268 possit.

1905 1284 2111 1343 Tertio
2143 1288 2347 1362 potest
2376 1285 2621 1347 diverso
2646 1333 2661 1363 ,
2711 1289 2775 1348 et
2817 1288 3131 1348 eontrario
3172 1287 3361 1348 modo

1829 1374 2034 1450 urgeri
2068 1376 2187 1436 hoc
2210 1377 2414 1456 ipsum
2437 1384 2881 1456 argumentum
2919 1399 2932 1440 :
2968 1381 3237 1459 quiapro
3258 1380 3361 1442 illo

1689 1491 1718 1528 ·,
1827 1468 2005 1544 signo
2035 1487 2158 1547 quo
2189 1471 2463 1530 ,loannes
2512 1472 2807 1532 transfert
2850 1472 3001 1531 illud
3054 1473 3362 1534 creditum

1825 1559 1888 1619 in
1925 1563 2198 1635 Petrum,
2232 1563 2331 1622 vel
2363 1565 2582 1624 Petrus
2611 1564 2979 1642 intelligitur
3004 1564 3304 1625 liberatus
3326 1583 3363 1625 a

1825 1652 2026 1731 primo
2058 1653 2304 1729 debito,
2338 1654 2438 1714 vel
2481 1655 2758 1715 nondum
2806 1655 3125 1718 liberatuS.
3174 1657 3239 1717 Si
3269 1657 3363 1716 in-

1824 1745 2123 1822 telligitur
2142 1746 2275 1823 Jam
2303 1745 2600 1808 liberatus
2634 1767 2647 1807 :
2682 1766 2830 1826 ergo
2851 1766 2970 1807 non
2994 1752 3359 1818 estneccsse

1827 1837 1995 1915 quod
2025 1841 2241 1914 postea
2283 1839 2502 1898 Petrus
2540 1839 2766 1900 reddat
2809 1841 3037 1901 Joanni
3085 1840 3147 1900 id
3191 1840 3360 1920 quod

1826 1928 1905 1988 ab
1934 1928 2067 2006 ipso
2098 1929 2376 2009 accepit,
2430 1930 2511 1990 ad
2553 1930 3043 2009 extinguendum
3086 1932 3357 2010 primum

1826 2020 2141 2097 debitum,
2194 2022 2362 2100 quod
2403 2021 2537 2101 jam
2584 2023 2923 2084 extinctum
2970 2024 3354 2103 intelligitur,

1826 2117 2012 2192 atque
2042 2113 2183 2174 ideo
2215 2132 2340 2174 non
2372 2115 2599 2194 accipit
2631 2117 2849 2176 Petrus
2891 2135 2930 2176 a
2970 2119 3212 2178 Joanne
3242 2118 3356 2178 ali-

1825 2206 1976 2285 quid
2005 2205 2174 2284 quod
2204 2206 2256 2265 ei
2300 2207 2495 2285 possit
2543 2207 2809 2268 reddere
2855 2208 2936 2268 ad
2988 2209 3357 2270 solvendum

1824 2299 1994 2376 prius
2024 2298 2325 2375 debitum,
2359 2303 2427 2360 ut
2458 2299 2764 2360 dicebam.
2802 2301 2864 2361 Si
2896 2319 3044 2361 vero
3076 2301 3357 2362 nondum

1825 2390 2192 2468 intelligitur
2236 2409 2349 2469 pro
2395 2410 2469 2451 eo
2517 2391 2694 2470 signo
2741 2392 3042 2454 liberatus
3071 2395 3289 2455 Petrus
3319 2412 3357 2454 a

1824 2482 2025 2558 primo
2075 2481 2322 2557 debit03
2374 2501 2522 2560 ergo
2570 2502 2691 2544 non
2740 2486 3058 2546 transtulit
3100 2486 3164 2544 in
3209 2503 3356 2544 eum

1821 2572 2095 2634 Joannes
2126 2593 2272 2635 vere
2320 2575 2624 2636 creditum
2671 2576 2839 2655 quod
2889 2576 3163 2638 habebat
3195 2597 3209 2638 ε
3243 2576 3355 2636 im-

1820 2667 2114 2748 possibile
2170 2666 2337 2726 enim
2386 2670 2480 2727 est
2525 2668 2830 2729 creditum
2879 2668 3029 2727 illud
3076 2669 3351 2746 priusiu

1822 2763 2074 2821 Petrum
2105 2759 2457 2835 transferri,
2497 2759 2646 2838 quin
2678 2778 2749 2820 eo
2780 2760 2914 2838 ipso
2946 2763 3166 2822 Petrus
3192 2760 3353 2821 liber

1821 2853 1900 2914 sit
1952 2871 1987 2911 a
2044 2851 2254 2912 debito
2312 2851 2823 2930 correspondenti
2879 2853 2985 2914 tali
3042 2853 3279 2915 credito
3331 2871 3346 2917 :

1820 2944 2143 3007 translatio
2172 2962 2321 3022 ergo
2362 2945 2465 3004 illa
2510 2946 2654 3005 ficta
2703 2945 2954 3007 omnino
3003 2950 3097 3007 est
3125 2950 3186 3008 et
3227 2945 3349 3006 im-

1818 3037 2148 3117 possibilis,

1898 3129 2286 3209 Responderi
2314 3134 2524 3211 posset
2552 3130 2628 3191 ad
2653 3130 2786 3192 haec
2805 3130 3034 3208 omnia,
3058 3134 3346 3193 neutrum

1817 3242 1889 3283 ex
1939 3223 2035 3283 bis
2089 3224 2349 3284 cambiis
2378 3243 2513 3284 esse
2555 3223 2827 3300 siccum,
2870 3223 2981 3285 sed
3011 3231 3346 3304 utrumque

1819 3334 1954 3375 esse
2007 3315 2196 3392 reale,
2255 3335 2402 3376 nam
2443 3318 2506 3376 in
2559 3317 2834 3377 secundo
2864 3318 3171 3394 JoanneS,
3205 3318 3350 3378 licet

1819 3426 1944 3468 non
1974 3408 2081 3470 det
2130 3410 2461 3471 Placentia>
2509 3413 2689 3472 Petro
2738 3409 3070 3488 pecuniam
3115 3412 3348 3471 realem

1818 3501 1899 3562 ad
1929 3500 2244 3562 cambium
2269 3522 2284 3575 ;
2330 3502 2439 3562 dat
2465 3507 2675 3564 tamen
2707 3502 2764 3562 ei
2792 3503 3124 3581 pecuniam
3154 3503 3348 3564 virtu-

1819 3595 2002 3671 alem,
2035 3594 2359 3655 liberando
2391 3614 2534 3656 eum
2559 3595 2636 3655 ab
2660 3595 3038 3674 obligatione
3067 3594 3347 3656 solvendi

1818 3687 2151 3749 Placentiae
2183 3687 2349 3766 quod
2389 3688 2696 3765 debebat,
2749 3707 2857 3749 seu
2900 3687 3187 3748 habendo
3235 3704 3347 3765 pro

1819 3781 2019 3841 soluto
2048 3780 2154 3841 illo
2186 3780 2379 3858 priori
2410 3780 2618 3841 debito
2654 3800 2667 3842 τ
2703 3799 2826 3840 non
2873 3781 2962 3841 ita
2998 3780 3251 3860 quidem
3281 3782 3351 3841 ut

1817 3873 2014 3952 possit
2039 3875 2260 3934 Petrus
2292 3873 2619 3934 Placentiae
2655 3873 2917 3933 reddere
2946 3872 3175 3935 Joanni
3215 3890 3351 3932 ere-

1819 3964 2019 4026 ditum
2065 3965 2233 4026 idem
2282 3965 2451 4045 quod
2501 3965 2581 4025 ab
2612 3983 2684 4025 eo
2715 3965 2958 4044 accepit
2985 3965 3063 4025 ad
3111 3965 3351 4025 solven-

1819 4058 1969 4118 dum
1997 4059 2083 4119 ita
2113 4058 2384 4137 primum
2416 4059 2698 4119 debitum
2731 4078 2744 4119 ε
2780 4058 2899 4118 hoc
2930 4059 3098 4118 enim
3127 4063 3221 4119 est
3239 4057 3351 4118 im-

1817 4151 2130 4230 possibile,
2169 4156 2237 4213 ut
2263 4152 2565 4228 vidimuS,
2601 4170 2744 4211 cum
2766 4150 2900 4228 jam
2930 4151 3210 4212 debitum
3239 4170 3353 4230 per

1820 4244 1991 4303 illam
2035 4242 2470 4305 liberationem
2518 4249 2579 4305 et
2626 4245 2968 4304 cessionem
3011 4245 3352 4306 extinctum

1820 4337 1933 4409 sit;
1968 4336 2076 4396 sed
2106 4337 2193 4397 ita
2222 4342 2291 4397 ut
2318 4356 2432 4415 per
2462 4337 2810 4416 ⁴ipsammet
2836 4336 3181 4397 cessionem
3223 4355 3352 4396 cre·

1822 4428 1932 4488 diti
1979 4428 2325 4489 formaliter
2365 4428 2644 4490 debitum
2707 4428 2878 4508 prius
2932 4429 3202 4489 solutum
3247 4428 3347 4504 sit,

1822 4525 2131 4601 quatenus
2160 4521 2427 4582 habetur
2451 4540 2564 4600 pro
2594 4521 2794 4582 soluto
2828 4521 2939 4597 ibi,
2966 4540 3106 4599 quae
3136 4525 3230 4582 est
3259 4539 3354 4581 so·

1819 4614 1974 4675 lutio
2005 4613 2503 4675 virtualis.Unde
2533 4615 2805 4693 primum
2822 4613 3010 4674 etiam
3040 4614 3352 4674 cambium

1824 4706 2109 4785 arguitur
2160 4706 2348 4767 fuisse
2390 4706 2557 4766 reale
2605 4711 2667 4767 et
2692 4724 2912 4766 verum
2956 4726 2970 4766 ε
3019 4705 3166 4785 quia
3210 4706 3357 4766 licet

1828 4803 2045 4862 Petrus
2072 4818 2197 4861 non
2232 4799 2483 4860 solverit
2524 4800 2820 4879 pecunias
2861 4799 3060 4859 reales
3103 4799 3356 4859 Placen-

1823 4893 1926 4956 tiae
1954 4893 2224 4969 Joanni,
2274 4892 2642 4971 intelligitur
2693 4898 2904 4954 tamen
2951 4891 3209 4952 solvisse
3238 4891 3356 4950 vir-

1823 4986 2095 5062 tualiter,
2153 4991 2464 5064 quatenus
2517 4984 2852 5064 obligando
2885 5004 2951 5045 se
2998 4984 3080 5045 ad
3123 5002 3353 5045 novum

1827 5077 2145 5139 cambium
2164 5125 2179 5155 ,
2213 5078 2482 5139 redemit
2510 5077 2954 5156 obligationem
2987 5080 3049 5137 et
3077 5075 3356 5136 debitum

1827 5170 2010 5249 primi
2042 5170 2269 5231 cambii
2303 5190 2316 5231 :
2350 5170 2456 5231 illa
2477 5172 2707 5250 quippe
2726 5170 3023 5248 obligatio
3041 5168 3121 5230 ad
3141 5187 3357 5229 secun-

1828 5265 1979 5324 dum
2007 5263 2323 5324 cambium
2353 5270 2447 5324 est
2489 5263 2725 5342 aliquid
2754 5263 3135 5343 aequivalens
3164 5280 3356 5340 pecu-

1828 5357 1969 5432 niis,
2004 5375 2159 5435 quas
2187 5356 2274 5416 ibi
2299 5359 2512 5435 posset
2539 5356 2820 5432 solvere,
2868 5358 3055 5434 atque
3086 5353 3242 5414 adeo
3275 5371 3360 5415 33-

1829 5449 2220 5529 quivalenter
2248 5454 2309 5510 et
2327 5449 2676 5510 virtualiter
2695 5447 2951 5510 solvisse
2972 5447 3216 5508 videtur
3239 5446 3359 5528 pri-

1827 5560 2002 5602 mum
2032 5542 2370 5605 cambium.

3489 3143 3568 3204 95
