4263 6376
660 3126 781 3178 Quid,
813 3127 847 3169 si

652 3181 861 3224 restitutio

631 3236 701 3277 fiat
720 3241 887 3298 propter

640 3288 874 3331 violentiam

631 3342 787 3384 11131331
823 3343 875 3385 nd

637 3396 870 3440 ludendum.

956 293 1075 352 512

959 469 1123 528 totas
1152 482 1459 545 expensas
1489 482 1853 525 communes
1883 483 1956 525 ex
1986 483 2133 539 suo;
2197 466 2366 544 quod
2414 471 2509 527 est

961 558 1246 639 iniquum
1282 578 1295 619 :
1331 557 1579 617 nemine
1612 557 1779 617 enim
1806 557 2089 620 lucrante
2113 604 2129 636 ,
2174 558 2368 619 dividi
2398 558 2509 618 de—

960 652 1112 714 bent
1141 652 1302 712 inter
1330 669 1549 711 omnes
1609 670 1623 710 ε
1685 668 1826 710 0331
1858 669 2006 730 ergo
2051 656 2311 731 propter
2339 652 2506 712 frau-

959 745 1103 805 dem
1134 762 1320 804 nemo
1351 743 1641 805 debuerit
1663 744 1889 804 lucrari
1913 790 1928 821 ‚
1963 744 2153 806 debet
2181 764 2256 805 ex
2286 744 2388 805 illo
2415 745 2506 803 lu-

958 855 1064 898 cro
1092 835 1326 912 iniusto
1355 836 1604 898 detrahi
1632 836 1835 897 solum
1866 855 1942 897 03
1969 856 2145 916 pars,
2179 855 2368 917 quam
2399 837 2503 897 de-

956 934 1173 1008 ceptus
1204 928 1463 990 deberet
1489 928 1907 1007 contribuere,
1962 930 2211 990 nemine
2260 930 2503 990 lucran-

954 1027 1016 1083 te
1042 1069 1059 1097 ,
1118 1026 1179 1083 et
1207 1021 1308 1082 ille
1342 1022 1448 1101 qui
1477 1022 1784 1096 restituit,
1846 1022 2037 1083 debet
2064 1040 2140 1082 ex
2168 1041 2281 1084 suo
2313 1023 2503 1083 aliam

956 1114 1143 1175 etiam
1200 1119 1446 1193 partem
1500 1115 1918 1175 contribuere.
1982 1115 2293 1192 Secundo,
2356 1114 2503 1193 quia

956 1207 1319 1285 contingere
1352 1210 1557 1286 potest
1613 1207 1782 1286 quod
1838 1226 1960 1268 non
2004 1212 2207 1269 totum
2255 1208 2501 1268 lucrum

956 1300 1035 1361 sit
1061 1299 1363 1380 injustum
1386 1346 1401 1376 ‚
1464 1306 1526 1361 et
1555 1319 1667 1380 per
1697 1318 2088 1380 consequens
2137 1319 2261 1361 non
2299 1305 2500 1361 totum

954 1393 1035 1455 sit
1062 1392 1539 1470 restituendum,
1591 1392 1701 1453 sed
1730 1393 1971 1471 viginti,
2007 1412 2065 1454 v.
2099 1412 2196 1472 gr.
2231 1411 2372 1453 cum
2399 1397 2497 1453 ta-

954 1503 1098 1545 men
1126 1486 1406 1546 lucratus
1453 1485 1816 1547 fueris-alia
1846 1485 2050 1563 vigisti
2099 1485 2233 1546 5130
2263 1485 2495 1545 fraudi-

952 1577 1092 1639 bus,
1156 1580 1311 1640 Cum
1342 1597 1492 1657 ergo
1534 1596 1822 1657 expensa}
1852 1578 1974 1638 illae
2021 1578 2178 1638 solvi
2228 1579 2500 1639 debeant

954 1690 1026 1731 ex
1054 1675 1186 1732 toto
1217 1671 1422 1747 lucre,
1456 1690 1579 1732 non
1613 1676 1788 1750 potes
1813 1689 1920 1732 eas
1953 1670 2266 1731 deducere
2295 1670 2495 1731 solum

953 1783 1027 1824 ex
1059 1764 1177 1823 illis
1205 1764 1427 1842 viginti
1454 1765 1854 1826 restituendis
1879 1811 1893 1840 ,
1952 1764 2060 1824 sed
2115 1764 2313 1825 solam
2354 1782 2497 1844 par-

952 1860 1078 1917 tem
1108 1875 1183 1917 ex
1212 1857 1353 1933 illis,
1387 1863 1449 1918 et
1477 1863 1721 1936 partem
1751 1875 1826 1916 ex
1846 1858 1967 1917 alio
1987 1857 2161 1917 lucro
2184 1855 2353 1936 justo
2384 1874 2495 1935 pro

952 1955 1108 2011 rata.
1143 1949 1325 2010 Addo
1357 1949 1607 2027 deinde,
1630 1948 1881 2030 quando
1914 1968 2036 2009 non
2067 1950 2270 2010 solum
2301 1949 2495 2010 debes

951 2043 1195 2103 lucrum
1222 2043 1584 2120 restituere,
1619 2044 1730 2103 sed
1761 2043 1950 2103 etiam
2006 2042 2068 2100 id
2102 2042 2270 2121 quod
2303 2041 2493 2101 dece-

951 2138 1095 2214 ptus
1141 2136 1494 2196 lucraturus
1542 2141 1711 2212 erat,
1767 2135 1947 2215 juxta
1992 2154 2182 2213 supra
2229 2135 2491 2207 tradita;

952 2232 1102 2288 tunc
1131 2245 1436 2305 expensas
1465 2228 1632 2304 illas,
1667 2227 1764 2287 vel
1797 2232 2039 2305 partem
2071 2247 2192 2289 non
2226 2246 2360 2287 esse
2391 2227 2495 2286 de-

953 2320 1271 2381 ducendas
1302 2338 1374 2380 ex
1407 2325 1586 2399 parte
1644 2338 1832 2398 quam
1862 2320 2135 2399 perdidit
2190 2325 2252 2381 et
2307 2338 2496 2399 quam

950 2413 1228 2474 lucratus
1258 2431 1323 2473 es
1349 2460 1364 2489 ,
1419 2413 1527 2473 sed
1559 2414 1728 2473 illam
1760 2413 2073 2492 integram
2101 2413 2294 2474 debes
2326 2412 2497 2474 resti-

951 2512 1126 2568 tuere
1152 2552 1167 2582 ,
1229 2510 1291 2567 et
1319 2506 1631 2567 deducere
1661 2524 1966 2584 expensas
1996 2506 2093 2566 vel
2136 2510 2298 2566 totas
2323 2551 2338 2581 ,
2397 2505 2495 2564 vel

949 2618 1062 2680 pro
1091 2605 1229 2660 rata
1278 2618 1351 2658 ex
1386 2599 1596 2674 lucre,
1658 2599 1828 2678 quod
1874 2599 1974 2658 ille
2022 2599 2180 2659 alius
2227 2597 2500 2659 debebat

950 2693 1182 2753 habere
1212 2712 1252 2752 3
1273 2697 1334 2753 te
1369 2713 1382 2754 :
1417 2711 1493 2752 ex
1519 2692 1622 2751 illo
1656 2692 1822 2751 enim
1852 2692 1983 2770 ipse
2014 2692 2335 2752 debuisset
2360 2691 2496 2750 11135

951 2803 1257 2864 expensas
1284 2785 1526 2845 solvere
1553 2830 1568 2860 ,
1621 2788 1916 2845 manente
1945 2784 2030 2844 illi
2061 2784 2236 2845 salva
2259 2831 2275 2860 ‚
2318 2787 2381 2844 et
2408 2784 2495 2842 in-

951 2884 1131 2958 tegra
1158 2883 1291 2940 tota
1320 2896 1432 2938 sua
1461 2883 1660 2956 parte.

1033 2972 1296 3044 Quando
1355 2989 1505 3031 vero
1562 2971 1806 3031 lucrum
1864 2969 2321 3031 restituendum
2376 2974 2490 3045 est,

952 3082 1074 3125 non
1107 3063 1186 3124 ob
1216 3063 1473 3123 fraudes
1503 3063 1562 3123 in
1595 3064 1730 3142 ipso
1762 3063 1907 3124 ludo
1939 3064 2176 3140 illatas,
2210 3064 2320 3123 sed
2351 3081 2493 3143 pro-

950 3162 1092 3237 pter
1117 3156 1480 3218 violentiam
1526 3162 1637 3219 aut
1664 3157 1913 3234 dolum,
1976 3175 2098 3237 quo
2149 3157 2227 3216 ad
2274 3156 2494 3217 luden-

954 3251 1103 3311 dum
1132 3251 1432 3311 induxisti
1454 3250 1636 3330 juxta
1663 3270 1852 3330 supra
1884 3250 2082 3321 dicta;
2119 3250 2272 3309 311111
2291 3250 2493 3310 detra-

952 3343 1229 3404 hendum
1285 3348 1378 3404 est
1434 3344 1513 3403 ob
1570 3362 1872 3421 expensas
1930 3345 2123 3403 factas
2181 3362 2254 3402 ex
2292 3344 2486 3419 lucrn,

951 3437 1099 3516 quia
1128 3436 1368 3497 ratione
1400 3435 1644 3514 injuriae
1676 3436 1864 3497 debet
1891 3435 2204 3495 indemnis
2226 3440 2337 3496 ate
2368 3454 2493 3495 ser-

947 3530 1082 3590 vari
1116 3529 1196 3590 ab
1228 3530 1395 3589 omni
1427 3529 1657 3589 damno
1693 3546 1707 3592 :
1742 3547 1865 3589 non
1895 3534 2251 3588 servaretur
2280 3533 2490 3589 autem

943 3622 1278 3698 indemnis,
1314 3623 1364 3682 si
1395 3627 1725 3700 cogeretur
1753 3621 1993 3682 solvere
2025 3639 2352 3700 expensas,
2388 3621 2486 3681 vel

945 3720 1188 3795 partem
1218 3715 1487 3775 illarum.
1522 3718 1615 3777 Ita
1648 3714 1886 3777 Sanch.
1922 3733 2027 3775 nu.
2060 3718 2121 3774 4.
2156 3713 2323 3774 unde
2354 3732 2491 3773 rur-

942 3828 1049 3870 sus
1077 3808 1296 3885 infer0,
1324 3808 1512 3869 etiam
1543 3807 1796 3887 quando
1826 3806 1978 3867 nihil
2008 3806 2088 3867 ab
2109 3824 2184 3867 eo
2213 3807 2487 3867 lucratus

942 3902 1131 3979 fuisti,
1192 3902 1423 3962 debere
1460 3906 1521 3963 te
1551 3901 1817 3961 reddere
1869 3900 1925 3960 ei
1984 3918 2293 3978 expensas
2348 3900 2484 3959 illas

942 4013 1308 4056 communes
1362 4013 1517 4074 quas
1560 4012 1672 4073 pro
1702 4012 1814 4054 sua
1843 3997 2021 4072 parte
2048 3993 2236 4054 solvit
2265 4038 2280 4068 ‚
2338 3992 2486 4053 alio-

943 4088 1094 4167 quin
1125 4106 1251 4148 non
1280 4088 1582 4148 redderes
1629 4105 1772 4147 eum
1804 4086 2057 4147 omnino
2087 4085 2480 4157 indemnem;

943 4180 1111 4260 quod
1141 4174 1595 4260 consequenter
1633 4179 1821 4240 debet
1851 4178 2079 4239 Sanch.
2116 4178 2480 4238 concedere.

940 4272 1227 4352 Denique
1276 4273 1529 4351 quando
1561 4271 1866 4334 restitutio
1896 4271 2188 4332 facienda
2216 4276 2349 4347 est,
2410 4289 2484 4330 eo

942 4366 1111 4446 quod
1140 4366 1364 4427 ludens
1393 4367 1669 4427 alienare
1699 4383 1823 4425 non
1854 4369 2121 4443 poterat,
2148 4365 2350 4424 solum
2380 4363 2485 4424 (10-

940 4460 1087 4519 (1301
1114 4463 1320 4538 potest
1346 4460 1423 4520 de
1454 4459 1743 4539 expensis
1771 4458 1890 4519 illis
1918 4457 2099 4519 factis
2127 4476 2202 4517 ex
2219 4476 2292 4518 en
2316 4456 2484 4536 quod

936 4552 1070 4631 ipse
1119 4552 1396 4613 alienare
1442 4555 1719 4632 poterat;
1773 4550 1943 4630 quod
1971 4549 2023 4610 si
2045 4550 2200 4610 nihil
2230 4567 2485 4629 prorsus

937 4648 1208 4724 poterat,
1235 4649 1434 4707 totum
1466 4643 1919 4706 restituendum
1950 4648 2065 4720 est,
2086 4647 2157 4705 ut
2184 4662 2328 4704 cum
2347 4642 2484 4704 aliis

940 4738 1173 4800 fatetur
1201 4738 1369 4799 idem
1399 4737 1629 4801 Sanch.
1666 4757 1727 4799 n.
1763 4739 1823 4797 3.

2119 290 2221 348 DE
2264 289 2622 351 JUS'rlTlA
2669 290 2769 350 ET
2810 291 3010 352 JURE

3289 767 3345 845 ς.
3381 771 3443 827 4.

2644 1033 2734 1095 De
2764 1042 2980 1115 quarta
3007 1033 3356 1111 conditione,
3390 1033 3555 1115 quod
3577 1035 3635 1095 in
3662 1034 3784 1096 ludo
3803 1049 3980 1098 serm

3205 1140 3539 1222 (equalitas.

2680 1394 2828 1452 Haec
2857 1396 2951 1453 est
2981 1396 3203 1471 quarta
3233 1392 3508 1454 conditio
3557 1393 3802 1454 maxime
3825 1395 3884 1455 ad
3898 1395 4008 1473 jusu·-
4073 1411 4089 1490 1

2598 1484 2897 1564 tiam-ludi
2914 1484 3359 1560 necessaria,in
3382 1504 3508 1564 quo
3526 1491 3772 1566 uterque
3785 1487 4008 1548 531111010-
4087 1493 4088 1502 ’

2597 1577 2704 1638 bet
2729 1577 3075 1655 periculum
3096 1582 3159 1640 et
3184 1577 3420 1639 habere
3453 1597 3628 1657 spem
3650 1579 3900 1640 lucrandi.
3922 1583 4008 1641 'fria

2598 1689 2744 1731 vero
2764 1675 3024 1749 possunt
3038 1670 3431 1749 potissimum
3454 1671 3518 1731 iu
3536 1671 3652 1733 11οο
3666 1680 3856 1751 puncto
3869 1675 4005 1752 quaeri.

2601 1763 2874 1823 Primum
2903 1769 3017 1840 est,
3053 1783 3130 1824 an
3162 1765 3227 1823 in
3254 1771 3522 1844 utroque
3552 1767 3861 1845 requiratur
3878 1786 4008 1846 31133-

2594 1856 2670 1916 115
2701 1857 2946 1935 peritia,
2974 1876 3054 1917 an
3074 1876 3223 1919 vero
3251 1858 3449 1936 possit
3467 1858 3634 1936 juste
3662 1859 3924 1938 aliqnando
3941 1862 4007 1938 qni

2597 1955 2729 2010 arte
2759 1950 3004 2011 excedit
3042 1970 3079 2010 a
3115 1951 3319 2010 miuus
3346 1951 3549 2030 perito
3578 1952 3818 2013 lucrari?
3857 1957 4011 2014 Conce-

2596 2043 2754 2102 dunt
2777 2061 2995 2103 omnes
3015 2090 3031 2120 ‚
3081 2043 3333 2122 quando
3363 2062 3654 2105 excessus
3681 2064 3784 2105 non
3808 2050 3876 2105 nst
3896 2055 4010 2105 nota-

2594 2134 2736 2194 bilis
2769 2154 2782 2194 :
2818 2138 2881 2194 et
2925 2136 3147 2196 merito
3172 2182 3187 2212 ,
3242 2135 3392 2215 quia
3421 2156 3707 2197 excessus
3733 2138 3812 2196 ille
3835 2157 3920 2197 non
3939 2158 4010 2198 m-

2595 2229 2717 2289 fert
2744 2228 3092 2306 periculum
3120 2229 3464 2308 perdendi,
3522 2249 3662 2290 cum
3687 2231 3743 2290 in
3766 2233 3891 2290 omni
3915 2231 4009 2290 ludo

2596 2338 2891 2398 magnam
2923 2325 3166 2400 partem
3205 2321 3441 2383 habeat
3472 2323 3733 2384 fortuna.
3763 2324 4008 2384 Conoedunt

2596 2413 2780 2490 item,
2836 2414 3088 2492 quando
3119 2433 3244 2476 non
3274 2420 3525 2477 constat
3569 2416 3646 2476 de
3690 2415 4006 2490 01100353,ωά

2597 2510 2860 2586 uterque
2916 2507 3171 2568 alterius
3217 2508 3510 2586 peritiam
3553 2510 3811 2588 ignorat,
3849 2517 4010 2569 eontra-

2598 2603 2765 2660 ctum
2798 2618 2932 2660 esse
2970 2601 3243 2678 justum,
3277 2602 3429 2681 quia
3458 2607 3713 2682 uterque
3749 2621 3804 2662 50
3827 2602 4008 2681 periculo

2597 2693 2887 2770 exponit,
2938 2693 3083 2755 licet
3124 2695 3281 2755 alter
3309 2714 3536 2757 revera
3565 2696 3874 2757 notabiliter
3905 2713 4010 2754 exce
4087 2769 4088 2774 ἵ

2597 2785 2706 2847 dat
2739 2806 2752 2846 :
2786 2787 3037 2865 cognito
3079 2792 3291 2847 tamen
3321 2788 3492 2849 clare
3523 2808 3801 2864 excessu,
3846 2788 4010 2847 debe-za

2596 2877 2744 2938 ludo
2777 2879 3099 2956 desistere,
3106 2880 3288 2959 juxta
3317 2899 3711 2943 communem
3727 2882 4007 2942 sententiam.

2597 2976 2666 3032 ut
2695 2976 2910 3033 notant
2939 2973 3117 3034 Salas
3171 2973 3321 3035 dub.
3356 2991 3503 3036 xxv.
3550 2995 3653 3036 nu.
3684 2978 3737 3036 3.
3786 2973 4007 3035 etSanch.

2596 3064 2746 3124 dub.
2780 3081 2920 3125 xm.
2958 3084 3061 3126 nu.
3096 3070 3153 3126 2.
3215 3068 3599 3129 Concedunt
3624 3069 3823 3142 etiam,
3856 3066 4008 3126 licitum

2597 3157 2716 3219 hoc
2759 3176 2927 3235 esse,
2980 3159 3233 3239 quando
3281 3161 3599 3223 excedens
3641 3166 3928 3240 compensat
3946 3178 4010 3217 ex-

2594 3270 2837 3313 cessum
2860 3252 3068 3314 dando
3097 3253 3390 3316 meliores
3415 3256 3783 3317 conditiones
3803 3252 4003 3314 inlen‘ori.

2594 3349 2664 3405 ut
2691 3363 2790 3406 res
2823 3345 2902 3405 ad
2932 3346 3355 3425 aequalitatem
3386 3348 3735 3410 reducatur.

2673 3438 3019 3499 Difficultas
3048 3443 3143 3500 est
3170 3439 3501 3519 imprimis,
3543 3462 3620 3502 an
3651 3442 3857 3522 quando
3879 3436 4004 3513 magt

2591 3531 2828 3608 peritus
2872 3531 3136 3610 positive
3189 3550 3315 3593 non
3345 3533 3534 3612 fingit
3560 3553 3671 3595 nec
3698 3534 3905 3612 decipit,
3937 3528 4003 3588 sed

2588 3624 2984 3684 adversarius
3014 3644 3050 3684 a
3079 3644 3144 3685 se
3187 3626 3322 3705 ipso
3355 3626 3678 3706 deceptus,
3702 3626 4004 3707 (1313013510-
4031 3674 4084 3723 ad

2588 3716 2794 3778 ritiam
2824 3721 2887 3778 et
2912 3716 3348 3779 dexteritatem
3380 3739 3509 3781 non
3540 3722 3686 3781 satis
3713 3720 3863 3792 novit,
3884 3716 4002 3777 ludit.

2588 3809 2816 3871 debeat
2842 3809 3086 3870 lucrum
3110 3811 3483 3872 restituere?
3538 3817 3673 3874 Non
3700 3815 3904 3885 desunt,
3939 3807 4004 3886 qui

2584 3902 2650 3962 id
2681 3906 2931 3981 negent,
2955 3902 3207 3964 Toletus
3236 3904 3345 3965 lib.
3382 3907 3458 3966 V.
3494 3906 3758 3981 Summoe,
3782 3925 3853 3965 ca.
3875 3917 4004 3963 nvn.

2585 4014 2691 4055 nu.
2727 3998 2784 4056 6.
2849 3994 3072 4056 Decius
3103 4014 3274 4058 cons,
3314 4002 3453 4059 115.
3503 4019 3689 4079 quem
3713 3996 4008 4078 sequitui-Co-

2585 4106 2752 4149 varr.
2784 4106 2917 4166 reg.
2948 4098 3251 4168 peccatum
3278 4091 3336 4168 ἓ.
3371 4095 3433 4152 4.
3469 4112 3579 4154 nu.
3609 4098 3664 4156 6.
3698 4094 3830 4153 favet
3851 4093 4006 4150 Natat.

2584 4198 2639 4242 0.
2673 4197 2775 4245 xx.
2808 4200 2914 4242 nu.
2947 4185 3041 4243 18.
3106 4201 3296 4262 quem
3326 4186 3512 4247 affert
3538 4206 3651 4265 pro
3677 4186 3776 4246 hac
3795 4180 4012 4244 sententia

2586 4274 2763 4334 Salas
2791 4274 2941 4335 dub.
2976 4291 3122 4336 xxv.
3162 4295 3222 4336 3.
3256 4280 3317 4336 2.
3353 4276 3573 4338 dicens
3596 4325 3611 4355 ,
3655 4292 4012 4352 0313035033)-

2583 4365 2857 4426 habilem
2878 4414 2893 4443 ,
2929 4372 2992 4428 et
3020 4367 3086 4427 13
3107 4387 3251 4428 eam
3279 4371 3486 4449 magis
3517 4371 3807 4444 inclinans,
3845 4366 4012 4428 013113ἰ
4081 4354 4082 4375 ’

2580 4477 2692 4537 pro
2711 4478 2786 4520 ea
2809 4462 3098 4537 afferenS,
3134 4480 3331 4540 quare
3362 4461 3675 4526 immerito
3703 4462 3885 4526 833011.
3909 4459 3954 4518 (1.
3977 4474 4009 4514 t.

2582 4553 2741 4613 VIII.
2778 4552 2927 4613 dub.
2963 4570 3101 4617 xm.
3134 4574 3196 4616 n.
3235 4558 3290 4617 1.
3326 4555 3510 4631 dixit,
3532 4563 3881 4618 certumesse
3903 4548 4012 4629 quod

2582 4645 2633 4706 is
2661 4646 2769 4725 qui
2798 4650 3005 4707 certus
3037 4656 3173 4708 erat
3201 4649 3279 4708 de
3309 4668 3427 4709 suo
3458 4651 3714 4711 notabili
3734 4648 4015 4717 excessu&2

2583 4743 2768 4799 netur
2824 4739 3151 4801 restituere
3205 4741 3383 4800 illum
3442 4743 3732 4804 nescienti
3767 4763 3779 4802 :
3829 4756 3928 4799 non
3959 4742 4014 4792 es:

2583 4832 2751 4891 enim
2781 4831 2868 4893 ita
2898 4838 3141 4894 certum
3160 4880 3176 4909 ,
3212 4834 3384 4913 quod
3413 4837 3544 4897 DD.
3581 4836 3729 4895 adeo
3748 4848 3930 4912 graves
3949 4844 4016 4885 ne·

2581 4929 2815 5005 garunt
2839 4929 2901 4985 et
2931 4931 3186 5004 negant.

2666 5018 3032 5079 Communis
3060 5023 3274 5080 tamen
3323 5020 3652 5083 doctorum
3677 5018 3928 5082 sententia
3948 5032 4016 5092 ps-
4075 5034 4081 5079 ι

2581 5111 2676 5171 nit
2709 5129 2781 5171 eo
2813 5128 2964 5171 casu
2997 5111 3450 5190 obligationem
3481 5112 3831 5187 restituendi,
3857 5109 4012 5172 nolim
4073 5156 4078 5189 ¹,

2585 5204 2748 5282 disp.
2781 5207 2921 5264 517.
2959 5205 3206 5265 Lessius
3244 5205 3354 5267 lib.
3388 5207 3468 5270 11.
3503 5227 3635 5288 cap.
3664 5202 4010 5268 nvmduhn-

2587 5297 2880 5357 Rebellus
2899 5345 2916 5370 ,
2978 5298 3230 5358 Medina
3251 5344 3267 5374 ,
3332 5300 3556 5361 Petrus
3581 5301 3866 5371 Ledesma,
3911 5302 4016 5355 Amr

2585 5393 2870 5451 Emman.
2907 5395 2969 5451 et
2997 5390 3145 5466 alii,
3197 5410 3358 5470 quos
3387 5393 3571 5455 affert
3597 5395 3750 5455 Salas
3776 5391 3866 5451 nbi
3889 5404 4012 5465 supra

2587 5503 2756 5544 3331.
2794 5487 2848 5543 1.
2890 5489 2951 5545 et
2979 5482 3326 5543 3111013305
3358 5487 3764 5547 communiter.
3797 5484 4010 5544 promat.
