4263 6376
1194 274 1664 335 DISPUTATIO
1708 273 1927 349 XXXI,
1976 273 2252 335 SECTIO
2297 275 2371 334 11.

234 470 386 513 secus
434 450 930 528 assecurationis,
984 450 1086 512 hic
1132 469 1277 512 cum
1332 450 1732 530 proportione

233 544 603 625 tacitinjuria
646 544 1032 624 praecedens‚
1067 544 1399 624 redditque
1449 547 1735 605 coactum

233 655 487 700 securum
515 644 732 699 contra
768 638 1118 716 periculum
1162 638 1449 716 jactura),
1500 655 1625 696 non
1647 640 1736 697 ta-

233 751 355 792 men
387 730 459 790 de
488 731 682 791 lucro.
718 734 844 791 Nec
874 747 1108 791 novum
1154 734 1248 792 est
1289 730 1458 809 quod
1488 734 1737 792 contra-

232 831 347 886 ctus
373 823 585 902 aliquis
613 823 858 884 validus
887 824 1086 903 possit
1112 823 1491 899 claudicare,
1518 827 1581 883 et
1600 841 1737 883 esse

232 918 377 978 utilis
404 916 500 977 uni
532 916 740 977 soliex
782 917 1321 993 contrahentibuS,
1382 922 1450 977 ut
1496 919 1741 978 constat

233 1031 296 1071 ex
320 1014 626 1071 contractu
686 1028 831 1070 cum
886 1009 1138 1085 minori,
1201 1014 1388 1088 atque
1445 1009 1633 1069 etiam
1675 1008 1738 1068 in

229 1103 378 1179 lude,
447 1102 696 1181 quando
753 1121 914 1162 unus
971 1103 1166 1164 utitur
1219 1101 1460 1178 fraude,
1496 1105 1744 1164 tenetur

232 1197 436 1276 quippe
464 1195 789 1257 restituere
832 1195 1099 1272 lucrum,
1149 1196 1296 1256 licet
1349 1195 1505 1257 alter
1545 1194 1742 1274 possit

226 1288 420 1348 lucrari
450 1288 498 1347 si
528 1287 684 1348 forte
703 1307 826 1348 non
872 1289 1159 1348 obstante
1190 1287 1412 1348 fraude
1473 1288 1686 1348 vincat
1721 1307 1734 1347 :

231 1399 351 1459 quae
376 1379 908 1459 inaequalims'non
939 1380 1138 1441 oritur
1165 1398 1239 1439 ex
1260 1379 1395 1458 ipso
1417 1383 1740 1441 contractu

232 1472 547 1533 secundum
577 1491 663 1548 se,
697 1472 808 1533 sed
838 1491 912 1532 ex
953 1473 1182 1551 injuria
1209 1472 1464 1533 alterius
1494 1477 1744 1533 contra-

231 1566 434 1641 hentis,
469 1584 544 1624 ex
574 1565 693 1624 alio
728 1565 931 1643 capite
962 1565 1333 1626 extrinseco.
1368 1565 1547 1627 Hinc.

298 1658 487 1718 lusero
513 1658 739 1737 primO,
758 1662 977 1718 contra
1004 1657 1347 1718 secundam
1370 1659 1743 1719 sententiam

224 1770 392 1828 supra
450 1750 811 1827 adductam,
891 1756 1178 1811 coactum
1249 1769 1433 1829 posse
1508 1751 1741 1811 habere

226 1843 483 1902 animum
518 1842 803 1902 lucrandi
845 1846 908 1904 et
935 1843 1202 1904 retinere
1255 1843 1420 1905 licite
1471 1844 1738 1922 lucrum,

177 1924 184 1933 ’
224 1941 283 1996 ιιι
306 1935 527 1997 docent
556 1937 619 1997 S.
655 1935 770 1996 Th.
806 1935 1105 1996 AbulenS.
1143 1938 1441 1998 Antonin.
1479 1939 1738 2018 ilenriq.

222 2029 484 2089 Emman.
520 2033 584 2089 et
610 2028 713 2088 alii
743 2027 954 2106 plures
985 2047 1140 2107 quos
1168 2031 1350 2090 affert
1375 2033 1439 2091 et
1462 2030 1744 2110 sequitur

221 2120 430 2181 Sanch.
493 2120 645 2181 dub.
698 2136 784 2181 xl.
823 2140 883 2181 n.
944 2124 1003 2181 2.
1056 2121 1163 2199 qui
1221 2122 1414 2183 utitur
1456 2125 1741 2203 exemplo

219 2213 365 2273 illius
392 2212 495 2292 qui
524 2212 695 2273 falsis
725 2213 957 2274 chartis
986 2213 1166 2289 ludit,
1201 2215 1309 2293 qui
1354 2216 1584 2276 lucrari
1616 2235 1737 2278 non

219 2312 426 2385 potest,
457 2307 607 2368 licet
633 2306 1032 2367 adversarius
1060 2308 1255 2386 possit
1285 2308 1364 2368 ab
1393 2309 1735 2386 eolucrari,

217 2400 593 2479 inrequalitas
616 2405 830 2460 autem
857 2419 983 2460 non
1013 2401 1323 2480 provenit,
1346 2407 1414 2461 ut
1443 2402 1735 2480 diximus,

216 2512 283 2552 ex
307 2492 475 2568 ludo,
509 2493 623 2553 sed
658 2511 736 2553 ex
763 2493 986 2553 fraude
1015 2493 1115 2554 vel
1173 2492 1400 2573 injuria
1437 2496 1743 2574 peculiari

216 2586 385 2645 unius
410 2585 712 2646 ludentis.

285 2680 490 2739 lusero
532 2678 831 2754 secundo,
879 2678 1042 2739 hanc
1098 2679 1485 2741 coactionem
1558 2700 1737 2759 posse

215 2772 389 2832 etiam
415 2773 800 2835 intervenire
819 2772 880 2831 in
901 2771 1109 2837 medio
1139 2772 1293 2848 ludi,
1326 2776 1395 2833 ut
1425 2773 1474 2833 si
1504 2774 1740 2836 volenti
1794 2849 1797 2852 Ι

213 2883 446 2926 cessare
477 2884 624 2926 cum
655 2866 826 2925 lucro
875 2864 1070 2941 dicaS,
1112 2869 1173 2926 te
1223 2883 1347 2925 non
1388 2865 1739 2928 soluturum

212 2958 371 3035 quod
400 2958 645 3019 solvere
676 2957 891 3033 debes,
924 2957 976 3016 si
1009 2975 1132 3017 non
1162 2964 1598 3037 prosequatur,
1640 2960 1738 3020 vel

210 3050 437 3129 aliquid
466 3050 640 3111 aliud
668 3050 953 3126 minoriS,
987 3053 1057 3110 ιιι
1085 3069 1229 3110 cum
1261 3050 1480 3112 SilveS.
1502 3054 1731 3130 Navar,

208 3149 265 3205 et
291 3144 446 3221 aliis,
474 3144 705 3206 docent
734 3143 911 3206 Salas
941 3143 1091 3204 dub.
1129 3160 1238 3205 vn.
1272 3143 1338 3204 in
1358 3144 1465 3205 sm.
1501 3145 1734 3208 Sanch.

207 3237 349 3298 dub.
382 3255 470 3298 rx.
502 3257 567 3298 n.
599 3242 658 3299 7.
694 3242 1049 3298 nontamen
1074 3238 1352 3317 approbo
1385 3240 1738 3318 exemplum

206 3332 365 3410 quod
395 3350 474 3390 ex
504 3332 781 3391 Navarro
824 3332 1024 3408 affert,
1077 3331 1329 3409 quando
1367 3332 1603 3393 scilicet
1650 3334 1740 3393 lu-

206 3424 349 3482 dum
374 3424 798 3503 prosequitur,
825 3423 972 3502 quia
999 3423 1048 3482 si
1082 3422 1435 3486 discederet
1462 3425 1600 3486 vilis
1634 3426 1738 3486 ha-

202 3517 491 3578 beretur:
548 3517 649 3576 hic
701 3517 868 3576 enim
928 3521 1133 3577 metus
1190 3535 1313 3577 non
1378 3516 1644 3579 infertur
1703 3538 1740 3579 a

203 3610 577 3685 colludente,
611 3608 721 3669 sed
751 3628 826 3669 ex
856 3627 922 3669 re
953 3609 1109 3688 ipsa,
1160 3613 1223 3670 et
1268 3612 1588 3671 communi
1617 3613 1739 3672 exi·

200 3703 580 3767 stimatione.
598 3702 775 3765 Unde
798 3721 1001 3781 neque
1031 3703 1220 3764 etiam
1249 3704 1436 3765 credo
1453 3705 1739 3766 sufficere

200 3797 248 3855 si
296 3796 533 3857 volenti
588 3795 910 3856 discedere
959 3794 1127 3857 dicat
1167 3797 1388 3874 x·ictuS‚
1457 3798 1734 3875 adverte,

197 3909 319 3950 non
348 3890 580 3950 decere
609 3894 781 3950 tuam
821 3888 1240 3950 conditionem
1271 3894 1334 3951 et
1361 3909 1589 3952 nomen
1620 3892 1738 3953 hoc

196 3983 444 4044 facere:
487 4002 603 4062 per
648 3981 767 4043 hoc
824 3982 990 4042 enim
1044 3982 1296 4044 videtur
1333 3982 1502 4062 injici
1534 3990 1738 4047 metus

194 4077 337 4138 novi
366 4074 523 4136 mali
549 4074 629 4135 ab
659 4075 793 4153 ipso
824 4074 1154 4153 inferendi,
1196 4076 1305 4137 sed
1336 4076 1656 4143 reducitur
1674 4078 1736 4138 in

192 4169 572 4230 memoriam
601 4168 836 4228 malum
867 4168 1035 4248 quod
1083 4187 1159 4228 ex
1186 4168 1351 4231 facto
1398 4169 1532 4248 ipso
1591 4171 1742 4232 oriri

192 4267 421 4342 potest.
472 4260 660 4323 Aliud
698 4264 883 4338 esset,
925 4260 974 4321 si
1019 4261 1342 4340 inciperet,
1382 4262 1481 4323 vcl
1527 4282 1739 4342 prose-

191 4361 501 4435 queretur
521 4358 778 4434 propter
806 4353 1101 4432 convitia,
1153 4354 1383 4435 quibus
1428 4356 1586 4418 alter
1638 4376 1740 4417 ex·

187 4449 457 4528 probrat
486 4448 542 4508 ei
575 4447 923 4523 avaritiam,
948 4447 1228 4508 animum
1256 4448 1464 4526 vilem,
1487 4453 1549 4511 et
1566 4450 1740 4510 simi-

186 4543 289 4619 lia,
324 4542 391 4603 ni
424 4541 633 4615 ludet3
669 4540 803 4603 haec
833 4540 1000 4601 enim
1030 4541 1282 4619 pariunt
1308 4543 1738 4604 confusionem

184 4635 541 4718 aliquando
584 4633 998 4695 sufficientem
1060 4634 1138 4696 ad
1183 4640 1420 4697 metum
1477 4655 1738 4715 gravem

182 4731 745 4810 proportionatum
775 4727 923 4788 huic
953 4728 1253 4806 materiae,
1280 4733 1350 4790 ut
1384 4733 1602 4791 contra
1623 4730 1739 4790 ali-

179 4842 346 4903 quos
377 4823 615 4884 docent
654 4820 1070 4882 communiter
1116 4821 1221 4881 alii
1249 4840 1405 4901 quos
1457 4824 1641 4885 affert
1676 4828 1740 4886 et

178 4918 486 4997 sequitur
503 4914 673 4976 idem
703 4914 934 4976 Sanch.
970 4913 1031 4975 d.
1067 4932 1205 4993 cap.
1231 4931 1315 4976 lx.
1352 4936 1413 4977 n.
1444 4920 1504 4978 6.

261 5008 463 5085 Quod
489 5008 726 5069 dictum
756 5011 852 5068 est
877 5007 954 5067 de
985 5011 1184 5068 tracto
1223 5026 1337 5087 per
1374 5010 1736 5072 violentiam

178 5110 243 5166 et
272 5107 553 5176 metum,
574 5099 911 5162 dicendum
941 5104 1036 5161 est
1062 5118 1203 5161 cum
1226 5102 1628 5180 proportione
1657 5104 1736 5164 de

177 5217 253 5259 eo
286 5196 404 5277 qui
442 5194 586 5254 dolo
644 5198 705 5256 et
750 5192 969 5253 fraude
1009 5194 1231 5255 nociva
1289 5194 1607 5256 inducitur
1653 5195 1736 5256 ad

177 5288 573 5365 ludendum,
606 5305 750 5348 cum
781 5286 874 5347 vis
894 5291 957 5347 et
977 5286 1155 5347 dolus
1185 5288 1736 5367 aequiparenturin

177 5384 345 5464 jure.
384 5380 765 5458 Exemplum
806 5396 1140 5439 commune
1177 5383 1290 5455 est,
1337 5379 1588 5459 quando
1629 5380 1737 5441 ali-

177 5480 326 5558 quis
359 5474 555 5554 fingit
580 5492 646 5535 se
666 5472 1123 5552 ignarumludi,
1150 5471 1508 5549 utinducat,
1541 5473 1734 5534 alium

3256 276 3373 334 509

1835 470 1900 509 se
1943 450 2306 511 inferiorem
2365 452 2445 511 ad
2503 469 2717 511 secum
2761 449 3104 510 ludendum
3148 450 3371 530 aequali

1834 543 2211 620 conditione,
2238 563 2423 624 quem
2456 544 2653 605 teneri
2686 544 2764 603 ad
2794 544 3250 604 restitutionem
3279 543 3375 602 lu-

1834 635 1923 695 cri
1953 635 2194 716 docent,
2222 637 2636 697 communiter
2673 637 2982 713 doctoreS,
3033 639 3371 712 NavarruS,

1834 728 2074 789 Ludov.
2108 730 2337 807 LopeZ,
2374 734 2648 807 Aragon.
2687 730 3006 806 Silvester,
3040 730 3370 805 Ledesma,

1837 825 1900 882 et
1926 821 2029 881 alii
2049 841 2206 900 quos
2227 825 2409 883 affert
2428 828 2489 883 et
2503 824 2786 902 sequitur
2803 823 3032 885 Sanch.
3061 823 3209 884 dub.
3231 840 3369 884 xm.

1837 934 1896 975 n.
1930 920 1987 975 4.
2050 917 2206 975 Item
2236 915 2467 975 Melina
2529 917 2759 995 disput.
2794 920 2933 978 517.
2983 918 3256 979 column.
3309 922 3368 979 7.

1840 1008 1946 1086 qui
1999 1008 2271 1069 advertit
2339 1009 2788 1087 obligationem
2831 1010 2994 1071 hanc
3039 1012 3373 1091 aliquando

1840 1120 1974 1161 esse
2030 1101 2401 1162 restituendi
2458 1106 2658 1162 totum
2713 1103 2976 1181 lucrum,
3037 1104 3372 1184 aliquando

1841 1193 2038 1254 solam
2066 1200 2334 1273 partem,
2369 1200 2556 1273 prout
2598 1196 2746 1256 nulli
2788 1197 2882 1255 vel
2930 1197 3113 1258 alicui
3151 1197 3373 1278 majori

1840 1286 1939 1346 vel
1963 1286 2187 1346 minori
2216 1287 2491 1366 periculo
2520 1289 2826 1367 perdendi
2856 1309 2920 1349 se
2951 1292 3254 1370 exposuit.
3288 1294 3373 1352 De

1841 1378 1961 1439 hoc
1992 1382 2199 1439 tamen
2232 1380 2449 1441 dubito
2477 1402 2489 1441 :
2526 1382 2673 1461 quia
2704 1382 2762 1442 in
2798 1389 3060 1464 utroque
3091 1403 3236 1446 casu
3260 1386 3377 1447 fuit

1842 1471 2044 1547 dolus,
2074 1476 2137 1533 et
2165 1472 2336 1533 fraus
2365 1473 2616 1553 injusta,
2652 1475 2809 1536 dans
2841 1495 3096 1538 causam
3127 1481 3377 1539 contra-

1843 1564 1989 1641 ctui,
2025 1571 2086 1626 et
2111 1565 2359 1627 videtur
2389 1567 2664 1644 obligare
2697 1568 2774 1628 ad
2795 1571 3264 1631 resarciendum
3288 1576 3375 1633 to-

1841 1663 1976 1720 tum
2004 1658 2326 1720 damnum.
2362 1662 2455 1721 An
2486 1680 2656 1735 vern,
2692 1664 2942 1741 quando
2977 1664 3126 1724 nihil
3169 1667 3370 1744 fingit,

1842 1751 2037 1829 possit
2092 1752 2344 1828 lucrari,
2419 1753 2659 1815 etiamsi
2736 1756 2891 1818 sciat
2944 1758 3374 1820 adversarium

1841 1844 2024 1923 longe
2053 1845 2433 1923 inferiorem,
2455 1846 2733 1907 dicemus
2748 1855 2964 1927 postea
2995 1851 3159 1913 circa
3188 1871 3374 1932 quar-

1841 1940 1972 1999 tam
1999 1938 2441 2000 conditionem.

2519 2330 2576 2409 g,
2609 2335 2672 2392 3.

1881 2590 1969 2652 De
2013 2592 2188 2652 tertia
2228 2590 2571 2671 conditione,
2622 2595 2781 2676 quod
2815 2617 2930 2657 non
2969 2598 3319 2660 misceantur

2192 2698 2431 2778 fraudes
2459 2709 2660 2763 contra
2686 2703 2835 2783 leqes
2864 2703 3008 2767 ludi.

1918 2952 2127 3013 Tertia
2150 2953 2424 3014 conditio
2452 2960 2548 3016 est
2574 2956 2843 3033 ingenue
2875 2962 2938 3019 et
2978 2957 3110 3019 sine
3139 2959 3372 3022 fraudi·

1839 3042 1957 3104 bus
1984 3045 2223 3109 ludere.
2259 3048 2418 3108 Sunt
2442 3052 2653 3108 autem
2684 3048 2937 3110 fraudes
2966 3051 3232 3130 duplicis
3260 3073 3371 3132 ge-

1840 3138 1925 3199 ris
1960 3159 1972 3200 :
2008 3140 2298 3219 quaedam
2328 3139 2512 3203 licitae
2544 3147 2605 3203 ct
2635 3142 2975 3221 permissae,
3015 3164 3162 3206 nam
3218 3148 3380 3218 sicut

1840 3233 1902 3291 in
1932 3233 2094 3294 bello
2125 3232 2309 3310 doluS,
2331 3255 2406 3294 an
2422 3235 2629 3312 virtuS,
2653 3236 2783 3317 quis
2811 3236 2870 3296 in
2888 3236 3046 3299 hoste
3071 3241 3378 3321 requirat?

1841 3325 1928 3385 sic
1959 3325 2149 3388 etiam
2179 3328 2241 3386 in
2272 3328 2441 3389 ludu.
2462 3329 2615 3389 Aliae
2647 3335 2854 3391 tamen
2887 3338 3031 3393 sunt
3058 3333 3284 3396 illicitae
3316 3341 3377 3399 et

1840 3418 2107 3499 injustae.
2146 3420 2381 3498 Regula
2412 3423 2724 3499 generalis
2772 3428 2886 3500 est,
2944 3425 3196 3488 fraudes
3238 3429 3375 3490 illas

1839 3530 1948 3572 seu
1978 3513 2470 3573 cautelaslicitas
2499 3533 2655 3591 esse,
2679 3534 2818 3594 quae
2841 3517 3188 3579 secundum
3205 3521 3375 3599 leges

1840 3605 1969 3665 ludi
2001 3605 2167 3666 illius
2195 3608 2612 3667 communiter
2638 3609 3090 3687 permittuntur
3123 3630 3138 3676 ε
3170 3613 3233 3673 in
3264 3613 3376 3674 du-

1838 3698 1942 3759 bio
1974 3704 2186 3760 autem
2213 3700 2507 3760 standum
2538 3705 2632 3760 est
2652 3700 2890 3780 judicio
2909 3703 3280 3783 peritorum,
3308 3712 3379 3769 ut

1840 3811 1982 3853 cum
2038 3794 2293 3854 Covarr.
2354 3793 2518 3854 Med.
2580 3798 2641 3854 et
2687 3793 2824 3855 aliis
2878 3796 3090 3857 multis
3147 3798 3377 3861 docent

1841 3885 2072 3947 Saneh.
2105 3885 2254 3946 duh.
2289 3902 2396 3947 Χιι.
2432 3905 2492 3947 ιι.
2527 3890 2584 3947 2.
2620 3887 2796 3948 Salas
2826 3886 2976 3948 dub.
3011 3906 3122 3952 v11.
3165 3909 3271 3952 nu.
3308 3894 3369 3954 5.

1838 3979 2008 4058 quod
2037 3998 2257 4040 verum
2287 3984 2398 4056 est,
2426 3979 2668 4040 etiamsi
2698 3981 3100 4043 adversarius
3129 3983 3378 4062 ignoret

1839 4092 1945 4133 eas
1973 4073 2164 4150 leges,
2200 4071 2345 4152 quia
2365 4075 2719 4134 contractus
2747 4073 2900 4150 ludi,
2938 4075 3099 4137 sicut
3149 4081 3213 4138 et
3243 4077 3371 4156 alii,

1840 4169 2130 4226 censetur
2157 4165 2292 4225 fieri
2302 4164 2483 4244 juxta
2515 4165 2687 4244 leges
2713 4165 2835 4227 loci
2864 4166 2928 4227 in
2959 4186 3084 4247 quo
3112 4170 3370 4249 luditur,

1839 4262 1909 4320 ut
1938 4262 2158 4319 notant
2175 4257 2404 4319 Melina
2426 4258 2744 4337 disp.51·1.
2766 4260 2943 4321 Salas
2972 4261 3032 4323 d.
3071 4262 3220 4324 dub.
3259 4282 3370 4327 vn.

1839 4371 1900 4412 n.
1933 4355 1993 4428 4,
2020 4356 2082 4413 et
2108 4350 2213 4411 alii
2233 4370 2390 4431 quos
2418 4352 2723 4413 afferunt:
2762 4352 2898 4414 aliae
2929 4373 3078 4415 vero
3121 4356 3374 4418 fraudes

1838 4464 1979 4525 quae
2007 4448 2382 4507 suntcontra
2414 4445 2747 4525 praedictas
2779 4447 2912 4507 ludi
2935 4448 3373 4528 lege8,illicitae

1851 4542 1995 4599 sunt
2009 4537 2203 4618 etjohli
2208 4542 2362 4616 gant
2374 4538 2453 4597 ad
2470 4538 2926 4600 restituendum
2942 4541 3108 4620 quod
3123 4540 3195 4603 iis
3210 4542 3374 4604 frau-

1838 4632 2314 4695 dibuslucrntus
2335 4651 2422 4692 es,
2451 4633 2583 4693 Imo
2614 4636 2678 4693 et
2706 4632 2789 4693 ad
2825 4634 3278 4695 restituendum
3309 4635 3372 4696 id

1838 4725 2004 4806 quod
2023 4724 2338 4786 adversari
2350 4744 2440 4803 uS,
2461 4725 2718 4786 seclusis
2742 4726 2817 4786 iis
2839 4727 3161 4789 fraudibus
3176 4730 3375 4790 lucra-

1837 4823 2012 4882 turus
2027 4819 2266 4895 fuisset,
2288 4837 2431 4880 cum
2446 4823 2649 4880 totum
2664 4818 2726 4878 id
2741 4819 2969 4898 injuste
2986 4821 3367 4900 impedieris.

1836 4915 1903 4975 In
1927 4913 2116 4974 dubio
2137 4918 2344 4975 autem
2363 4931 2440 4973 an
2457 4912 3189 4992 lucraturusfuisset,non
3206 4918 3375 4976 tene-

3518 2975 3597 3035 33

3420 3103 3600 3147 fraudes
3636 3105 3719 3148 ali-

3443 3169 3531 3214 qum
3554 3158 3691 3212 licium,

3503 3213 3648 3265 aliqua

3493 3267 3664 3309 illicite.

1835 5008 1921 5068 ris
1951 5008 2114 5068 ultra
2127 5007 2372 5068 lucrum
2393 5012 2568 5068 tuum
2588 5006 2940 5083 restituere,
2976 5006 3124 5086 quia
3151 5006 3373 5069 melior
3477 5017 3484 5025 '

1836 5105 1932 5162 est
1957 5099 2230 5161 conditio
2259 5099 2658 5180 possidentis,
2690 5103 2759 5160 ut
2787 5102 2963 5160 notat
2979 5101 3147 5161 Less,
3184 5119 3245 5161 n.
3271 5102 3366 5161 13.

1837 5193 2123 5255 Advertit
2150 5196 2363 5254 tamen
2392 5192 2622 5253 Molina
2651 5192 2714 5252 d.
2752 5192 2913 5270 disp,
2948 5195 3086 5253 517.
3115 5193 3176 5252 in
3220 5192 3367 5272 fine,

1838 5286 1888 5346 si
1917 5287 2120 5366 major
2164 5286 2243 5347 sit
2281 5285 2711 5365 probabilitas,
2761 5285 2928 5365 quod
2973 5286 3371 5347 adversarius

1838 5380 2055 5441 suisset
2082 5379 2456 5456 lucraturuS,
2490 5378 2722 5458 aliquid
2753 5379 3206 5440 restituendum
3237 5399 3371 5441 esse

1839 5492 1954 5554 pro
1980 5472 2326 5552 majoriilla
2347 5471 2806 5550 probabilitate,
2829 5472 3087 5533 arbitrio
3104 5473 3374 5551 pruden-
