4263 6376
849 321 969 382 436

845 492 1186 573 jectionem
1229 505 1368 567 quae
1409 487 1587 546 fieret
1617 485 1898 558 tempore
1929 475 2249 556 sequenti,
2300 477 2388 533 at-

855 604 977 666 que
1005 584 1145 644 ideo
1173 582 1381 661 posset
1409 596 1549 638 eam
1580 594 1705 636 non
1734 574 1854 634 alio
1885 571 2084 651 pretio
2118 568 2383 641 solvere,

854 679 970 738 nisi
1002 675 1275 738 currenti
1303 691 1413 752 pro
1439 676 1722 749 tempore
1753 664 2059 745 sequenti.
2112 664 2240 722 Nec
2269 659 2388 718 hoc

855 771 1041 832 credo
1072 787 1206 830 esse
1227 769 1445 827 contra
1472 767 1759 824 auctores
1789 775 1978 836 supra
2006 756 2248 828 citatos,
2283 752 2391 831 qui

853 882 1001 924 vere
1031 879 1154 921 non
1185 861 1545 936 loquuntur,
1598 852 1718 912 nisi
1764 852 1841 911 de
1873 848 2139 922 cambi0,
2172 846 2234 905 in
2265 862 2388 923 quo

1969 301 2071 361 DE
2112 292 2468 360 JUs'rl'rlA
2514 292 2614 352 ET
2658 290 2858 353 JURE

2484 469 2689 530 sortiS.
2722 467 3003 546 Denique
3033 463 3383 527 detrahitur
3412 462 3600 523 etiam
3627 460 3885 539 pretium
3908 458 3983 516 in-

2486 562 2741 623 dustriae
2771 560 3117 639 campsoris
3139 605 3154 634 ,
3205 576 3314 617 seu
3344 555 3728 634 provisiones
3765 557 3874 613 aut
3897 553 3985 610 sti·

2486 655 2716 734 pendia
2757 672 2897 733 qnae
2939 650 3262 713 industriae
3310 653 3374 711 et
3418 647 3617 709 labori
3644 661 3987 722 correspon-

2488 747 2760 900 dextddit
2788 837 3103 898 Filliucins
3134 835 3239 897 ubi
3268 853 3460 914 supra
3486 852 3625 911 cap.
3662 848 3743 891 lx.
3776 849 3839 889 n.
3861 832 3985 888 454.

4091 832 4119 885 i:

2487 933 2649 993 inter
2677 932 2828 991 alias
2849 929 3238 991 conditiones
3256 927 3587 1006 requisitas
3614 924 3690 983 ad
3704 921 3990 1002 justitiam
4053 958 4118 1007 „f

2488 1024 2674 1104 hujus
2700 1026 3059 1083 contractus
3082 1068 3098 1098 ,
3146 1019 3385 1100 requiri
3426 1018 3618 1078 etiam
3652 1014 3816 1094 quod
3844 1030 3993 1072 cam·
4038 1022 4119 1101 2¹3

2486 1135 2635 1197 psor
2663 1134 2786 1176 non
2818 1120 3082 1193 cogatur
3104 1117 3180 1173 ad
3205 1116 3594 1173 contractum
3613 1105 3994 1168 assecuratio·
4059 1127 4115 1155 m

855 973 1144 1034 campsor
1180 952 1349 1030 prior
1391 949 1501 1009 dat
1542 945 1842 1027 pecunias
1871 938 2221 1020 campsario
2247 984 2262 1013 ,
2310 936 2387 996 de

855 1067 978 1128 quo
1007 1047 1131 1107 alia
1160 1049 1253 1105 est
1278 1043 1458 1118 ratio,
1493 1046 1562 1101 ut
1588 1040 1793 1100 visum
1823 1040 1936 1096 est.

1343 1463 1763 1549 SEGTlo
1843 1462 1926 1549 X.

856 1774 1052 1835 Dubia
1080 1772 1278 1853 aliqua
1305 1769 1375 1830 de
1402 1765 1868 1848 cooperantibus,
1899 1781 1997 1823 seu
2020 1759 2390 1842 participan-

1354 1875 1503 1934 tibus
1532 1874 1591 1933 in
1621 1870 1881 1932 cambiis.

939 2142 1269 2205 Dubitatur
1296 2139 1500 2217 primo
1532 2135 1611 2196 de
1642 2134 1737 2210 iis,
1772 2132 1880 2212 qui
1910 2131 2062 2191 dant
2091 2127 2394 2207 pecunias

2488 1211 2604 1285 ni3‚
2638 1209 2746 1269 sed
2777 1208 2971 1267 libere
3001 1225 3146 1266 eum
3174 1205 3399 1280 saciat,
3446 1203 3609 1263 sicut
3635 1202 3837 1261 facere
3869 1216 3995 1275 pos·

2487 1308 2582 1362 set
2610 1301 2872 1381 quilibet
2898 1300 3077 1374 aliuS,
3112 1317 3253 1378 quae
3272 1296 3469 1358 verba
3489 1295 3753 1356 obscura
3780 1294 3999 1351 suntet

2489 1394 2846 1472 scrupulum
2875 1393 3161 1470 ingerere
3181 1393 3455 1469 possent.
3492 1387 3556 1450 Si
3578 1386 3744 1446 enim
3771 1385 3852 1445 sit
3875 1402 4000 1441 sen·

2487 1504 2614 1562 suS,
2662 1486 2831 1564 quod
2860 1502 3152 1563 campsor
3188 1501 3314 1544 non
3359 1488 3625 1559 cogatur
3665 1477 3745 1537 ad
3772 1484 4000 1537 contra·

2490 1584 2659 1641 ctum
2687 1579 2864 1638 illum
2892 1577 3321 1638 includentem
3349 1579 3477 1635 tres
3497 1574 3854 1633 contractus
3870 1586 3999 1627 enn-

2489 1677 2800 1745 meratos;
2851 1669 3259 1747 impertinens
3315 1667 3379 1727 id
3436 1670 3570 1742 est,
3626 1681 3772 1724 cum
3820 1661 4001 1722 omnis

2492 1768 2855 1826 contractus
2883 1762 3077 1822 libere
3106 1760 3242 1821 fieri
3272 1759 3506 1820 debeat
3532 1758 3771 1836 absque
3796 1754 3880 1828 vi,
3910 1760 4000 1813 aut

2491 1862 2661 1918 metu
2692 1855 2920 1933 iniuste
2948 1855 3150 1928 illato,
3196 1857 3259 1913 et
3301 1869 3486 1913 nemo
3524 1866 3804 1928 unquam
3840 1850 4002 1924 cogat

2492 1966 2885 2028 campsorem
2937 1946 3017 2006 ad
3063 1946 3239 2005 illum
3283 1945 3674 2005 contractum
3702 1940 4003 2002 celebran-

2494 2043 2645 2103 dhm
2670 2062 2684 2113 ;
2734 2041 2785 2100 si
2815 2058 2965 2100 vero
3009 2039 3089 2100 sit
3118 2056 3345 2098 census
3370 2082 3386 2113 ,
3449 2035 3616 2115 quod
3646 2032 4003 2094 contrahens

615 2180 637 2236 4
651 2178 730 2236 30
2494 2136 2720 2196 debeat
2742 2135 2964 2194 offerre
2993 2132 3293 2211 pecunias
3315 2128 3622 2207 campsori
3650 2127 3734 2187 ad
3762 2126 4003 2185 societa-

692 2303 743 2342 ω
862 2257 1005 2298 suas
1037 2232 1469 2311 campsoribus
1493 2276 1509 2307 ,
1562 2233 1630 2289 ut
1659 2228 1980 2287 lucrentur
2007 2242 2119 2302 per
2149 2221 2395 2282 cambia
2493 2233 2621 2290 tem
2651 2231 2714 2288 et,
2759 2230 2978 2304 postea
3006 2224 3175 2284 dicat
3197 2270 3212 2299 ‚
3272 2224 3325 2283 Si
3360 2222 3454 2281 vis
3484 2237 3848 2281 assecurare
3875 2216 4006 2276 mihi

544 2304 786 2418 issffqass'o
863 2337 927 2393 et
953 2328 1327 2409 participent
1368 2325 1446 2383 de
1476 2324 1647 2383 lucro
1673 2366 1688 2395 ,
1749 2318 1918 2397 quod
1966 2322 2059 2377 est
2105 2332 2395 2375 exercere
2495 2324 2749 2391 sortem,
2784 2318 3103 2379 remittam
3133 2315 3371 2395 aliquid
3408 2315 3485 2374 de
3510 2315 3685 2374 lum-0
3718 2330 3834 2391 pro
3862 2328 4008 2370 asse.

533 2421 813 2518 cffissssss‘ssus
865 2422 1111 2485 cambia
1140 2438 1252 2498 per
1281 2418 1453 2477 alioS.
1490 2418 1577 2475 De
1597 2413 1822 2492 quibus
1843 2417 2082 2471 certum
2110 2414 2225 2482 est,
2260 2426 2399 2485 pec·
2497 2412 2852 2484 curatione3
2901 2410 2950 2470 si
2981 2427 3131 2469 vero
3175 2407 3333 2469 nolis
3376 2424 3746 2468 assecurare
3773 2410 4004 2475 sorum,

547 2518 598 2559 ”d
618 2519 789 2559 lucrum.
866 2535 1009 2578 care
1052 2514 1101 2574 si
1132 2512 1330 2573 sciant
1357 2509 1456 2568 vel
1501 2508 1767 2568 timeant
1795 2520 2188 2582 campsorem
2217 2500 2399 2561 datu·
2497 2505 2704 2566 adhuc
2754 2503 2918 2563 dabo
2975 2501 3089 2562 tibi
3143 2500 3474 2579 pecuniam
3526 2498 3608 2558 ad
3659 2498 4008 2558 societatem

866 2628 1007 2671 rum
1037 2625 1169 2668 esse
1200 2604 1282 2665 ad
1310 2602 1556 2663 cambia
1584 2599 1801 2659 illicita
1843 2601 1906 2657 et
1934 2594 2217 2655 usuraria
2252 2614 2264 2654 ε
2307 2612 2399 2653 se·

868 2723 977 2764 cus
1033 2698 1282 2780 quando
1340 2694 1603 2755 credunt
1671 2689 1948 2751 nonnissi
2005 2688 2085 2748 ad
2155 2686 2400 2746 cambia

867 2796 1035 2857 licita
1057 2794 1372 2853 daturum.
1400 2788 1617 2849 Solent
1636 2803 1783 2845 vero
1805 2784 2167 2862 frequenter
2186 2780 2228 2839 ii
2249 2780 2401 2839 dare

870 2885 1178 2966 campsori
1208 2901 1385 2944 suam
1406 2879 1736 2959 pecuniam
1758 2877 1876 2936 hoc
1901 2879 2107 2953 pacm,
2139 2878 2210 2934 ut
2236 2891 2401 2933 cam-

871 2999 1020 3062 psor
1050 2979 1283 3054 obliget
1323 2993 1387 3033 se
1419 2972 1498 3032 ad
1528 2971 1928 3032 securitatem
1960 2968 2181 3043 sortiS,
2230 2969 2293 3026 et
2337 2968 2405 3026 ut

873 3073 1227 3153 paciscatur
1273 3067 1350 3127 de
1394 3070 1561 3126 certo
1609 3064 1783 3123 lucro
1826 3059 2160 3140 quotannis
2188 3077 2264 3118 ex
2292 3075 2404 3117 ne-

873 3165 1214 3248 gotiatione
1243 3159 1588 3223 reddendo.
1624 3158 1710 3216 De
1742 3172 1864 3234 quo
1896 3158 1989 3215 est
2021 3152 2270 3233 Juaestio
2300 3169 2403 3230 ge-

875 3259 1102 3322 neralis
1132 3256 1449 3335 pertinens
1497 3251 1579 3311 ad
1624 3253 2014 3310 contractum
2061 3246 2399 3321 societatiS,

874 3355 937 3414 in
969 3370 1092 3433 quo
1136 3351 1213 3411 de
1256 3349 1379 3408 hoc
1409 3348 1638 3424 quncto
1669 3341 1987 3421 agendum
2028 3342 2123 3399 est
2152 3358 2226 3398 ex
2254 3356 2402 3416 pro-

875 3448 1058 3508 fess0.
1095 3447 1214 3506 Pro
1246 3458 1412 3501 nunc
1442 3438 1741 3511 dicimuS,
1792 3433 2102 3508 breviter,
2154 3431 2316 3491 sicut
2342 3430 2406 3489 in

877 3539 1012 3600 aliis
1042 3533 1465 3598 contractibus
1494 3527 1808 3591 societatis
1836 3527 2074 3585 licitum
2104 3542 2240 3583 esse
2269 3522 2405 3583 illos

876 3639 1004 3694 tres
1034 3633 1392 3690 contractus
1419 3623 1483 3682 in
1513 3622 1738 3683 eodem
1766 3617 2116 3693 includere,
2154 3634 2277 3677 non
2307 3633 2409 3676 so·-

875 3727 1008 3787 lum
1037 3719 1423 3793 successive,
1481 3716 1593 3775 sed
1640 3713 1824 3773 simul
1870 3729 2012 3770 cum
2057 3709 2280 3770 eodem
2308 3727 2409 3770 so-

879 3820 1004 3890 cio;
1058 3815 1145 3875 sic
1176 3813 1363 3874 etiam
1405 3809 1644 3869 licitum
1688 3824 1822 3865 esse
1870 3821 2012 3864 cum
2055 3819 2402 3880 campsore.

881 3915 1039 3972 Nam
1107 3904 1336 3985 singuli
1392 3901 1481 3961 illi
1537 3901 1893 3960 contractus
1948 3895 2209 3955 seorsim
2258 3893 2408 3955 liciti

880 4008 1047 4079 sunt,
1089 4002 1142 4061 si
1180 3996 1504 4078 {equalitas
1526 3995 1699 4072 justa
1740 3994 2056 4061 servetur;
2109 4006 2304 4067 quare
2334 4006 2408 4046 ex

882 4116 955 4157 eo
987 4094 1155 4173 quod
1187 4090 1368 4151 simul
1415 4089 1602 4162 fiant,
1659 4102 1785 4144 non
1831 4082 2152 4143 vitiantur.
2213 4080 2411 4140 Debet

881 4193 1092 4251 autem
1111 4203 1224 4265 pro
1246 4179 1706 4243 assecuratione
1728 4175 2008 4255 capitalis
2029 4194 2064 4234 a
2085 4190 2410 4252 campsore

883 4282 1114 4363 petita,
1148 4294 1387 4337 merces
1417 4273 1630 4333 debita
1656 4269 1836 4331 reddi
1862 4315 1877 4345 ‚
1932 4286 2069 4346 quae
2101 4285 2226 4327 non
2257 4266 2413 4326 solet

886 4373 1096 4452 magni
1126 4367 1449 4439 aestimari3
1480 4370 1614 4426 tum
1645 4364 1790 4443 quia
1811 4378 2100 4438 campsor
2127 4360 2260 4438 ipse
2286 4377 2412 4418 non

883 4469 1078 4529 fidere
1109 4464 1266 4524 solet
1305 4479 1448 4520 suas
1489 4455 1785 4536 pecunias
1809 4501 1825 4531 ,
1886 4453 2001 4514 nisi
2048 4451 2413 4529 campsariis

886 4559 1163 4633 securiS,
1212 4554 1311 4615 vel
1362 4555 1621 4629 accepta
1666 4549 1745 4608 ab
1792 4547 1941 4625 ipsis
1969 4545 2408 4623 fidejussione;

887 4671 1081 4734 quare
1106 4647 1452 4729 perieulum
1482 4658 1785 4720 magnum
1831 4657 1955 4699 non
2004 4636 2173 4697 subit
2217 4637 2280 4695 in
2310 4637 2415 4696 illa

887 4746 1070 4809 sortis
1099 4738 1563 4802 assecuratione
1597 4755 1610 4795 :
1644 4738 1800 4809 tum,
1835 4732 1981 4810 quia
2010 4731 2062 4790 si
2090 4730 2272 4802 sorte,
2305 4729 2414 4789 fal-

884 4837 1155 4901 lentibus
1195 4829 1593 4910 campsariis,
1654 4843 1944 4903 campsor
1997 4823 2187 4883 etiam
2230 4822 2418 4883 deco-

888 4949 1077 5014 quere
1103 4931 1385 5005 cogatur,
1408 4920 1708 4982 securitas
1738 4919 1843 4977 illa
1868 4934 2090 4995 parum
2118 4915 2416 4995 prodesse

885 5027 1043 5088 solet
1082 5024 1156 5082 iis
1187 5019 1291 5100 qui
1321 5014 1617 5096 pecunias
1647 5030 1790 5072 suas
1820 5008 2130 5087 campsori
2162 5008 2417 5068 commi-

885 5121 1122 5191 serunt,
1138 5118 1207 5175 ut
1228 5108 1610 5189 experientia
1629 5109 1909 5166 testatur.
1934 5105 2207 5163 Lucrum
2228 5101 2415 5161 etiam

890 5217 1131 5275 certum
1162 5204 1329 5287 quod
1350 5205 1618 5276 taxatur,
1653 5198 1840 5259 debet
1868 5215 2001 5256 esse
2022 5194 2416 5256 moderatum

891 5311 954 5367 et
979 5322 1103 5365 non
1134 5314 1489 5371 summum,
1548 5293 1657 5352 sed
1713 5290 1992 5350 medium
2037 5288 2202 5349 inter
2247 5306 2418 5348 sum-

889 5415 1063 5459 mum
1093 5398 1156 5456 et
1182 5391 1466 5451 infimum
1496 5385 1664 5465 quod
1692 5387 2016 5463 speratur,
2071 5385 2134 5441 et
2178 5399 2252 5440 ex
2298 5380 2418 5439 hoc

891 5491 1081 5553 etiam
1109 5483 1345 5564 aliquid
1373 5479 1617 5543 detrahi
1646 5479 1805 5540 solet
1823 5494 1935 5555 pro
1957 5472 2417 5538 assecuratione

2499 2596 2763 2672 cambii,
2799 2595 2947 2674 quia
2976 2594 3117 2655 nolo
3150 2610 3347 2653 unum
3375 2596 3774 2653 contractum
3802 2589 4012 2665 depen-

2506 2691 2656 2750 dere
2685 2690 2764 2750 ab
2794 2689 2913 2749 alio
2948 2707 2962 2749 :
3014 2706 3202 2765 quem
3231 2703 3486 2746 sensum
3532 2683 3835 2744 videntur
3879 2700 4012 2759 prae-

2499 2784 2660 2843 ferre
2690 2782 2797 2842 illa
2824 2780 3056 2852 verba;
3092 2779 3192 2839 hic
3222 2797 3441 2839 sensus
3472 2777 3662 2836 falsus
3691 2776 3818 2835 erit
3841 2821 3856 2848 ,
3889 2791 4014 2833 nam

2501 2874 2539 2934 ii
2572 2874 2675 2954 qui
2708 2875 2771 2933 in
2801 2875 3128 2934 contractu
3170 2870 3483 2932 societatis
3524 2868 3874 2929 admittunt
3907 2872 4014 2926 tres

2501 2968 2638 3028 illos
2669 2970 3027 3028 contractus
3055 2964 3118 3024 in
3148 2983 3273 3024 uno
3303 2963 3572 3024 inclusos
3592 3008 3607 3037 ‚
3662 2964 4015 3039 supponunt

2500 3078 2683 3139 posse
2711 3066 2838 3121 tres
2868 3058 3006 3119 illos
3035 3062 3391 3118 contractus
3421 3055 3604 3114 simul
3632 3053 3854 3113 offerri
3875 3100 3890 3128 ‚
3944 3052 4014 3111 ita

2504 3158 2572 3215 ut
2599 3152 2648 3212 si
2678 3151 2883 3213 socius
2910 3150 3065 3212 nolit
3090 3167 3307 3211 omnes
3335 3149 3473 3208 illos
3500 3147 3841 3208 admittere
3859 3193 3875 3221 ,
3907 3143 4015 3204 uul-

2502 3247 2598 3306 lus
2627 3246 2874 3306 illorum
2901 3245 3013 3304 fiat
3033 3290 3048 3319 ,
3104 3249 3174 3304 ut
3198 3260 3342 3302 cum
3370 3241 3508 3302 aliis
3535 3240 3778 3300 fatetur
3805 3245 3870 3300 et
3894 3255 4018 3317 pro-

2503 3340 2613 3400 bat
2638 3338 2886 3399 Lessius
2912 3336 3020 3396 lib.
3054 3337 3130 3396 ΙΙ.
3165 3354 3222 3396 c.
3254 3351 3399 3395 xxv.
3446 3332 3644 3393 dubit.
3678 3335 3746 3392 3.
3797 3351 3900 3391 nu.
3930 3334 4013 3390 Ξῖ.

2505 3436 2708 3510 potest
2737 3448 2885 3508 crgo
2915 3446 3207 3507 campsor
3243 3427 3323 3486 ad
3351 3425 3889 3486 assecurationem
3914 3441 4019 3483 sor-

2503 3526 2582 3585 tis
2611 3523 2748 3601 cogi
2778 3523 2840 3581 in
2871 3521 2992 3581 hoc
3021 3539 3234 3597 sensu,
3266 3520 3318 3580 si
3348 3519 3501 3580 nolit
3528 3522 3771 3578 sortem
3801 3535 4020 3577 assecu-

2504 3636 2644 3678 rare
2663 3663 2679 3693 ,
2705 3615 2877 3695 justa
2907 3614 3315 3676 retributione
3344 3630 3457 3692 pro
3485 3614 3950 3672 assecuratione
3973 3609 4019 3669 ei

2507 3711 2653 3771 data
2673 3756 2688 3785 ,
2739 3718 2807 3769 tu
2838 3707 2994 3767 nolis
3025 3706 3324 3785 pecunias
3351 3708 3491 3765 tuas
3531 3704 3591 3764 ei
3616 3704 4016 3774 committere,

2507 3822 2621 3864 nee
2648 3802 2751 3864 tali
2783 3805 2843 3861 te
2874 3800 3149 3879 periculo
3181 3816 3512 3877 exponere.

2587 3895 2915 3956 Dubitatur
2967 3892 3244 3953 secundo
3270 3938 3286 3968 ,
3346 3910 3425 3951 an
3478 3890 4020 3969 correspondentes

2508 3987 2871 4066 campsori5‚
2895 3991 2964 4047 ut
2978 3986 3130 4046 dent
3154 3985 3213 4044 ei
3240 3983 3569 4045 materiam
3597 3983 3911 4056 lucrandi,
3930 3980 4019 4041 ad·

2508 4080 2727 4142 moniti
2755 4081 2835 4140 ab
2864 4079 3021 4157 ipso,
3056 4078 3226 4156 quod
3256 4080 3492 4152 Romae,
3522 4096 3582 4137 v.
3615 4095 3678 4154 g.
3715 4076 4024 4135 immineat

2509 4172 2772 4253 penuria
2797 4171 3080 4249 pecuniae
3108 4170 3351 4246 futura,
3386 4175 3451 4230 et
3476 4168 3615 4228 ideo
3645 4168 3804 4229 utile
3831 4169 3909 4227 sit
3931 4167 4023 4225 ba·

2509 4268 2658 4328 here
2701 4264 2784 4324 ibi
2831 4282 3127 4341 magnam
3174 4262 3456 4340 pecuniae
3499 4279 3855 4336 summam,
3903 4276 4022 4338 quae

2511 4359 2645 4420 dari
2687 4358 2884 4436 possit
2913 4357 2992 4416 ad
3022 4355 3264 4416 cambia
3288 4401 3303 4430 ,
3355 4372 3621 4434 quorum
3661 4354 3931 4431 pretium
3957 4350 4024 4410 ob

2511 4451 2836 4531 penuriam
2865 4449 3147 4529 pecuniae
3176 4448 3394 4527 procul
3422 4447 3612 4508 dubio
3642 4452 3906 4520 crescet,
3935 4463 4021 4516 an,

2511 4546 2789 4623 inquam,
2824 4543 2903 4602 ad
2932 4541 3101 4601 hunc
3130 4540 3318 4601 finem
3348 4540 3589 4618 possint
3628 4539 3691 4597 in
3732 4539 3872 4597 aliis
3895 4535 4026 4596 locis

2511 4638 2708 4697 multa
2735 4635 2981 4695 cambia
3008 4634 3090 4694 ad
3121 4636 3385 4694 Romam
3426 4631 3711 4709 accipere
3755 4649 3870 4709 pro
3904 4647 4030 4708 pre·

2511 4731 2598 4791 tio
2627 4727 2853 4787 minori
2884 4731 3031 4789 tunc
3061 4731 3372 4801 currente,
3394 4742 3519 4803 quo
3548 4741 3843 4802 campsor
3859 4739 4028 4801 pecu·

2514 4823 2684 4882 niam
2712 4821 2976 4880 multam
3006 4820 3219 4880 Romae
3251 4820 3586 4896 congerat,
3637 4833 3832 4894 quam
3857 4814 4030 4874 adve-

2515 4915 2722 4975 niente
2751 4912 3012 4993 penuria
3038 4911 3233 4990 possit
3259 4911 3463 4971 carius
3485 4909 3565 4969 ad
3594 4908 3908 4969 cambium
3929 4909 4030 4967 Ro-

2513 5027 2634 5068 mae
2664 5006 2851 5067 dare?
2891 5005 3352 5083 Respondetur,
3383 5002 3551 5063 licite
3585 5002 3648 5062 id
3676 5003 3812 5062 fieri
3840 5019 4024 5079 posse,

2516 5102 2676 5161 sicut
2703 5102 2907 5178 potest
2934 5098 3041 5177 qui
3070 5097 3248 5158 timet
3273 5096 3604 5175 penuriam
3647 5095 3842 5157 tritici
3881 5095 4028 5154 futu·

2514 5212 2650 5254 ram
2668 5239 2682 5268 ,
2731 5210 2940 5251 emere
2988 5208 3153 5250 nunc
3189 5189 3464 5251 triticum
3510 5188 3712 5266 pretio
3756 5188 3864 5247 vili
3907 5206 4029 5246 cur-

2515 5292 2710 5358 rente,
2744 5284 2913 5362 quod
2941 5286 3179 5362 postea,
3210 5281 3474 5361 penuria
3502 5280 3906 5351 adveniente,
3939 5296 4028 5337 ca-

2518 5378 2647 5438 rius
2670 5376 2944 5438 vendere
2971 5375 3187 5454 possit.
3212 5377 3372 5434 Dum
3401 5377 3615 5434 tamen
3644 5373 3709 5432 id
3738 5372 4030 5434 sinefmu-

2520 5472 2703 5531 dibus
2733 5474 2795 5531 et
2821 5468 2977 5532 dolis
3008 5468 3120 5529 fiat
3141 5514 3156 5544 ,
3190 5472 3254 5529 et
3275 5467 3428 5527 dum
3457 5484 3583 5527 non
3612 5467 3724 5528 fiat
3750 5481 4029 5542 monopo-

4069 4029 4119 4123 a?
