4263 6376
830 359 950 422 728

837 539 967 599 toto
997 537 1353 597 consecute.
1389 532 1515 595 Sed
1536 532 1918 594 contrarium
1959 532 2208 593 videtur
2234 549 2369 591 om-

840 630 986 690 nino
1040 628 1379 690 tenendum
1407 646 1421 698 ;
1456 644 1579 686 non
1611 624 1778 685 enim
1805 628 2015 703 potest
2051 625 2184 686 fieri
2215 644 2254 685 a
2274 623 2372 704 ju-

838 724 975 784 dice
1007 721 1245 800 aliquid
1292 719 1623 780 intrinsece
1676 718 1934 795 malum,
1996 718 2179 798 quale
2211 721 2375 779 esset

835 815 1063 894 injuste
1093 817 1155 874 et
1182 815 1315 873 sine
1346 812 1712 891 probatione
1743 810 2015 890 aliquem
2065 812 2376 873 interfice-

836 926 926 984 re,
960 911 1214 986 propter
1241 905 1457 985 populi
1483 905 1849 966 scandalum
1883 905 2235 981 vitandum,
2263 903 2372 965 sed

839 1002 1099 1062 deberet
1121 1000 1302 1060 fateri
1333 999 1646 1060 defectum
1674 996 2064 1077 probationis
2121 1001 2185 1059 et
2239 998 2376 1058 ille-

838 1094 1238 1174 gitimitatem
1268 1111 1617 1170 processus

590 1194 704 1252 149
918 1190 1009 1249 Ex
1039 1188 1158 1249 hac
1184 1187 1401 1266 regula
1428 1186 1714 1262 infertur,
1749 1203 1874 1246 non
1903 1203 2086 1264 posse
2117 1183 2374 1263 procedi

514 1319 647 1362 Anax
665 1330 772 1382 ⁰⁰¹}
841 1287 1060 1345 contra
1080 1300 1258 1342 reum
1288 1300 1363 1340 ex
1391 1279 1781 1341 confessione
1811 1277 2017 1340 facta
2002 1297 2064 1337 in
2103 1281 2370 1351 tortura,

518 1373 720 1469 Ῑθξξτῗξξ.
720 1384 763 1415 ¹¹¹
839 1377 1091 1456 quando
1119 1375 1250 1434 sine
1279 1371 1778 1452 praecedentibus
1796 1370 2040 1432 indiciis
2060 1369 2377 1431 sufficien-

564 1479 674 1535 injus
624 1483 734 1524 um
838 1470 1004 1531 tibus
1033 1471 1230 1529 tortus
1259 1466 1395 1542 fuit,
1427 1466 1574 1527 licet
1600 1465 1771 1525 illam
1825 1469 2047 1544 postea
2074 1463 2369 1537 ratificet,

840 1568 902 1625 et
928 1562 1096 1622 idem
1125 1565 1219 1621 est
1245 1560 1294 1620 si
1323 1563 1522 1620 tortus
1553 1563 1665 1635 est,
1693 1558 1800 1637 qui
1828 1558 1953 1617 de
1929 1576 2072 1637 Jure
2095 1555 2380 1636 torqueri

820 1675 964 1717 ·non
993 1657 1261 1733 poterat,
1291 1652 1391 1713 vel
1447 1652 1498 1711 si
1526 1651 1941 1730 {quacumque
1983 1650 2106 1711 alia
2134 1650 2378 1710 ratione

821 1750 1067 1828 injuste
1086 1748 1475 1826 torqueatur.
1509 1745 1682 1805 Idem
1713 1748 1807 1806 est
1858 1744 1908 1804 si
1957 1743 2180 1804 notitia
2207 1742 2312 1803 illa
2341 1761 2377 1802 a

840 1845 998 1903 teste
1028 1859 1141 1919 per
1170 1840 1432 1918 injustas
1455 1839 1977 1917 interrogationes
2005 1840 2380 1915 extorquea-

841 1939 962 1997 tur.
996 1933 1171 1994 Idem
1201 1931 1452 2012 quando
1474 1931 1644 1991 nulla
1672 1932 2065 2009 praecedente
2094 1930 2374 2006 infamia,

842 2025 1159 2106 inquisitio
1188 2024 1475 2103 specialis
1504 2028 1724 2085 contra
1760 2042 1940 2085 reum
1987 2023 2154 2086 tacta
2194 2027 2287 2084 est
2314 2023 2378 2083 in

842 2119 1110 2193 casibm,
1147 2117 1372 2196 quibus
1392 2117 1527 2178 fieri
1557 2117 1635 2176 de
1656 2117 1800 2197 J'ure
1829 2135 1955 2178 non
1984 2116 2380 2196 potest.Quid

844 2229 992 2272 vero
1022 2209 1357 2270 dicendum
1404 2209 1865 2288 quandOJudex
1894 2209 2143 2288 decepit
2189 2227 2377 2269 reum

841 2302 1239 2364 fraudulenta
1267 2301 1678 2380 promissione
1698 2301 2134 2379 immunitatiS,
2168 2302 2248 2362 ad
2277 2321 2380 2362 ex—

843 2396 1262 2476 torquendam
1297 2395 1650 2471 veritatem,
1712 2394 1992 2456 dicemus
2048 2399 2201 2456 sect.
2265 2396 2375 2457 ult.

845 2487 1108 2561 Quando
1135 2491 1347 2549 autem
1377 2487 1642 2549 extraxit
1693 2487 1755 2547 vi
1810 2487 1909 2548 vel
1941 2488 2084 2549 dolo
2116 2507 2192 2549 ex
2241 2490 2379 2549 loco

844 2599 1046 2659 sacro,
1081 2580 1394 2661 quomodo
1424 2597 1754 2659 processus
1784 2599 1907 2641 non
1955 2581 2194 2658 valeat,
2228 2582 2383 2643 dixi-

848 2693 989 2735 mus
1016 2677 1169 2736 sect.
1202 2690 1298 2735 111.
2306 2699 2309 2702 ’

531 2849 536 2850 7
601 2769 718 2830 150
928 2767 1258 2828 Limitatur
1284 2765 1421 2825 haec
1450 2765 1668 2844 regula
1695 2764 1920 2844 primo,
1953 2768 2022 2826 ut
2063 2784 2189 2827 non
2238 2785 2385 2845 pro·

512 2899 721 2944 umnam
681 2911 798 2944 nonos
851 2861 1033 2922 cedat
1053 2858 1305 2939 quando
1334 2876 1458 2919 non
1514 2857 1716 2937 gravi,
1750 2857 1861 2918 sed
1890 2857 2016 2918 levi
2043 2863 2239 2937 metu,
2276 2863 2384 2921 aut

512 2954 782 3063 waiffiaew
848 2951 1337 3029 interrogatione
1365 2949 1598 3030 injusta
1624 2949 1861 3029 absque
1890 2953 2086 3026 metu,
2149 2952 2382 3014 sciente

848 3064 956 3108 reo
984 3042 1360 3121 interrogari
1414 3060 1481 3102 se
1536 3041 1830 3115 indebite,
1883 3042 2103 3104 notitia
2165 3044 2384 3106 habita

849 3141 980 3200 est·
966 3184 979 3199 .
1013 3135 1118 3215 qui
1154 3138 1357 3196 metus
1381 3133 1538 3195 levis
1566 3151 1679 3212 pro
1734 3134 1900 3196 nullo
1934 3138 2281 3214 reputatur,
2322 3141 2386 3201 et

850 3229 998 3310 quia
1024 3246 1168 3289 reus
1195 3227 1397 3287 sciens
1421 3226 1734 3287 defectum
1761 3226 2012 3288 videtur
2039 3228 2263 3290 cedere
2277 3230 2383 3310 ju-

850 3323 900 3383 ri
930 3340 1066 3397 suo,
1099 3321 1185 3383 ita
1213 3338 1357 3381 cum
1388 3322 1437 3380 N
1445 3337 1668 3380 avarro
1698 3322 1762 3381 et
1821 3322 2105 3381 Navarra
2147 3323 2377 3386 Sanch.

852 3415 960 3476 ubi
989 3431 1180 3492 supra
1209 3433 1272 3475 n.
1305 3416 1365 3474 6.

928 3508 1260 3570 Limitatur
1286 3505 1587 3582 secundo,
1622 3505 1875 3587 quando
1906 3505 2212 3586 injustitia
2260 3526 2383 3569 non

851 3621 918 3663 se
946 3600 1149 3662 tenuit
1176 3617 1251 3659 ex
1277 3604 1454 3678 parte
1476 3598 1708 3679 judicis
1736 3598 1836 3659 vel
1895 3600 2028 3677 ejus
2075 3600 2385 3663 ministro-

849 3712 1013 3770 rum,
1046 3693 1156 3753 sed
1184 3692 1440 3753 alterius
1467 3691 1718 3770 privati,
1746 3690 1855 3769 qui
1876 3690 2020 3751 dolo
2053 3696 2162 3753 aut
2190 3692 2387 3771 injus-

845 3792 908 3850 te
930 3785 1215 3847 notitiam
1243 3784 1538 3847 extorsit:
1566 3802 1749 3862 posse
1780 3783 1945 3844 enim
1966 3784 2259 3862 judicem,
2279 3804 2386 3849 no·

850 3879 988 3941 titia
1016 3878 1121 3938 illa
1151 3878 1261 3954 uti,
1293 3877 1392 3937 vel
1449 3876 1710 3937 infamia
1748 3895 1824 3937 ex
1878 3876 1985 3936 illa
2031 3880 2194 3953 orta,
2230 3877 2385 3938 dixi-

851 3991 992 4032 mus
1059 3970 1119 4030 in
1169 3970 1616 4049 superioribuS,
1670 3972 1733 4030 et
1784 3970 2015 4030 fatetur
2058 3989 2202 4030 cum
2252 3971 2388 4033 aliis

852 4062 1081 4126 Sanch.
1107 4081 1169 4122 n.
1215 4066 1273 4123 9.
1299 4064 1396 4122 An
1425 4064 1638 4122 autem
1657 4060 1856 4140 judex
1888 4080 2046 4121 unus
2065 4063 2267 4140 possit
2295 4063 2387 4125 uti

855 4155 1078 4217 notitia
1124 4154 1355 4233 injuste
1419 4156 1664 4214 extorta
1694 4171 1730 4212 a
1778 4152 1993 4232 judice
2026 4153 2189 4227 alio;
2224 4155 2394 4215 affir-

854 4251 1031 4308 mant
1058 4264 1181 4306 non
1211 4247 1416 4324 pauci,
1452 4264 1607 4325 quos
1635 4248 1908 4307 afferunt
1936 4250 1998 4307 et
2040 4251 2389 4326 sequuntur

858 4337 1087 4403 Sanch.
1123 4357 1185 4397 n.
1218 4343 1277 4400 9.
1320 4342 1384 4398 et
1412 4338 1698 4417 Fagund.
1735 4357 1796 4400 n.
1837 4341 1931 4400 18.
1967 4338 2079 4399 sed
2127 4338 2262 4418 J‘am
2309 4340 2389 4400 de

856 4433 977 4493 hoc
1030 4430 1298 4490 diximus
1354 4449 1541 4507 supra
1594 4434 1743 4493 sect.
1780 4447 1874 4491 111.
1923 4430 2031 4491 ubi
2086 4430 2153 4490 id
2203 4449 2389 4509 nega·

856 4526 1063 4586 vimus
1094 4522 1345 4603 quando
1377 4523 1689 4584 secundus
1710 4523 1908 4603 Judex
1937 4527 2031 4585 est
2065 4541 2391 4586 successor

857 4619 956 4679 vel
986 4616 1272 4696 superior
1303 4615 1511 4696 primi.

605 4738 714 4797 151
935 4709 1296 4771 Extendunt
1314 4709 1503 4788 aliqui
1531 4709 1695 4768 hanc
1722 4708 2027 4787 regulam,
2063 4712 2131 4769 ut
2173 4726 2390 4787 proce·

618 4862 676 4915 ld
710 4863 747 4906 ¹
859 4803 968 4863 dat
987 4803 1175 4863 etiam
1204 4800 1921 4880 quandojudexinjustis
1949 4801 2392 4879 interrogatio-

504 4861 690 4960 ιοιαιὲιῑίι
650 4918 802 4983 injunge
859 4896 1042 4956 nibus
1071 4896 1400 4974 extorquet
1428 4894 1711 4954 notitiam
1742 4892 2018 4954 criminis
2047 4911 2084 4952 a
2112 4892 2391 4972 [testibus

531 4971 776 5067 msscssffru
858 4987 1197 5048 scientibus
1227 4987 1595 5066 injustitiam
1629 4985 2154 5063 interrogationiS,
2190 4989 2251 5047 et
2278 5004 2391 5064 po·

505 5078 798 5134 depo-nonme.
856 5079 1132 5142 tentibus
1161 5097 1300 5139 eam
1318 5078 1668 5139 declinare:
1704 5078 1852 5159 quia
1885 5078 2030 5138 licet
2057 5097 2182 5138 non
2222 5078 2392 5140 testi-

857 5174 995 5249 buS,
1028 5190 1135 5232 reo
1163 5175 1375 5233 tamen
1404 5171 1630 5250 injuria
1656 5171 1828 5232 illata
1858 5175 1973 5246 est,
2010 5175 2074 5232 et
2101 5189 2227 5231 non
2287 5189 2392 5248 po·

855 5270 1112 5327 tuerunt
1137 5268 1326 5326 testes
1348 5264 1473 5345 juri
1500 5263 1705 5324 alieno
1737 5263 1982 5339 cedere,
2017 5263 2164 5324 licet
2183 5267 2395 5342 potue-

851 5359 978 5419 rint
1003 5376 1136 5434 suo,
1172 5356 1331 5418 sicut
1358 5357 1546 5418 etiam
1574 5376 1719 5417 reus
1761 5359 1967 5435 potest
1985 5354 2111 5434 juri
2150 5374 2260 5416 suo
2292 5374 2393 5416 ce-

856 5451 1028 5525 dere,
1062 5449 1147 5511 ita
1176 5468 1318 5510 cum
1350 5450 1485 5511 aliis
1527 5450 1982 5512 recentioribus
2038 5449 2269 5511 Sanch.
2320 5468 2382 5510 n.

854 5547 915 5604 7.
950 5544 1082 5603 Hoc
1109 5547 1322 5605 tamen
1376 5542 1627 5604 difficile
1680 5542 1882 5604 videri
1936 5547 2149 5622 posset
2180 5563 2195 5615 3
2254 5546 2388 5604 tum

1968 355 2072 416 DE
2113 356 2465 418 JUSTITIA
2512 357 2614 418 ΕΤ
2653 357 2854 418 JURE

2473 532 2621 610 quia
2648 534 2821 595 testis
2851 533 2953 594 ille
2980 541 3195 613 posset
3224 535 3574 616 aliquando
3591 534 3763 597 licite
3790 536 3999 598 crima

2471 625 2625 685 illud
2646 626 2846 704 judici
2874 628 3299 703 manifestare,
3335 629 3633 708 quamvis
3661 629 3744 689 ad
3776 630 3841 690 id
3894 650 4001 691 non

2475 725 2684 796 posset
2711 719 2872 797 cogi,
2906 720 3160 798 quando
3188 722 3429 783 scilicet
3475 740 3607 782 non
3662 723 4000 796 tenebatur,

2473 812 2585 872 sed
2615 816 2819 873 tamen
2853 816 3097 892 poterat
3126 813 3501 875 denuntiare
3527 815 3583 875 si
3615 815 3803 875 vellet
3826 835 4005 895 :qua-

2475 923 2544 964 re
2563 923 2705 966 cum
2736 924 2858 966 non
2892 910 3168 983 coactus,
3200 906 3313 967 sed
3369 911 3599 986 sponte
3652 908 4009 971 testificetur

2476 999 2678 1058 sciens
2698 1018 2765 1059 se
2785 998 2864 1058 ad
2895 999 2961 1059 id
2987 1018 3113 1060 non
3144 1001 3364 1076 teneri,
3398 1000 3655 1062 videtur
3684 1002 3839 1062 dare
3859 1001 4008 1082 judi-

2476 1091 2533 1152 ci
2560 1092 2846 1154 notitiam
2868 1112 2942 1153 eo
2973 1093 3185 1170 modo,
3227 1113 3351 1174 quo
3404 1094 3562 1155 dare
3592 1095 3775 1155 illam
3823 1102 4011 1174 potest

2475 1185 2608 1245 sine
2639 1186 2751 1245 Dei
2779 1185 3047 1265 injuria:
3080 1191 3217 1247 tum
3243 1188 3459 1263 etiam,
3495 1188 3650 1268 quia
3676 1189 3828 1249 licet
3874 1207 4009 1249 vere

2477 1295 2598 1337 non
2615 1276 3187 1358 possetsstestislicite
3197 1279 3607 1341 manifestare
3618 1281 4009 1343 crimem‘llad

2476 1374 2805 1450 postquam
2825 1374 3036 1431 tamen
3064 1371 3293 1450 injuste
3321 1373 3759 1435 manifestavit
3805 1379 3868 1436 et
3904 1377 4010 1435 cri—

2474 1463 2771 1524 menillud
2791 1463 4005 1547 eaoccasionepublicumfactumaegpo-

2477 1556 2623 1617 terit
2643 1555 2838 1635 J'udex
2867 1574 2942 1615 ea
2969 1556 3188 1617 notitia
3218 1576 3294 1617 ex
3324 1559 3579 1635 privata
3600 1560 3911 1638 injustitia
3934 1563 4006 1622 al-

2478 1649 2671 1710 terius
2728 1649 3132 1726 proveniente
3185 1650 3299 1726 uti,
3373 1652 3541 1713 sicut
3584 1653 3645 1712 si
3710 1653 4005 1731 culpabili-

2476 1741 2618 1802 liter
2646 1741 2724 1802 ab
2752 1741 2961 1821 aliquo
2991 1747 3169 1806 extra
3188 1741 3509 1824 judicium
3564 1745 3892 1825 publicata
3928 1767 4005 1808 es-

2480 1838 2592 1895 set.

2560 1927 2781 1989 Adhuc
2811 1933 3021 1990 tamen
3051 1928 3334 1990 doctrina
3362 1930 3473 1990 illa
3501 1931 3842 1993 retinenda
3861 1934 4003 1994 vide

2479 2020 2758 2100 turtquia
2782 2021 3027 2100 quoties
3048 2021 3271 2083 notitia
3311 2023 3595 2085 habetur
3625 2043 3707 2084 ex
3737 2026 4005 2103 injustitia

2473 2112 2704 2193 judicis
2756 2114 3069 2176 abutentis
3122 2133 3237 2175 sua
3293 2119 3615 2193 potestate
3636 2164 3655 2193 ,
3718 2117 4005 2179 deservire

2483 2224 2610 2266 non
2637 2210 2844 2286 potest
2870 2207 2946 2267 ad
2982 2224 3340 2285 processum
3364 2207 3751 2287 juridicum,
3794 2211 4005 2272 etiamsi

2483 2299 2706 2359 eadem
2735 2299 2956 2360 notitia
2983 2300 3104 2359 alia
3124 2300 3227 2361 via
3243 2300 3413 2362 licite
3443 2301 3677 2362 haberi
3708 2304 4004 2382 potuisset:

2483 2392 2678 2453 habet
2706 2392 2874 2452 enim
2894 2393 3001 2472 jus
3046 2411 3215 2469 reus,
3248 2413 3327 2454 ne
3351 2394 3559 2473 judex
3593 2396 3875 2474 juridice
3918 2417 4008 2457 seu

2485 2484 2853 2546 auctoritate
2876 2484 3161 2564 judiciali
3189 2485 3385 2547 talem
3437 2488 3747 2549 notitiam
3788 2507 4011 2569 compe·

2480 2582 2599 2654 ret,
2633 2577 2852 2639 etideo
2884 2596 3073 2656 supra
3121 2577 3417 2656 diximuS,
3452 2581 3727 2660 quando
3762 2584 4011 2643 occasio·

2486 2690 2564 2731 ne
2593 2670 3105 2732 incarcerationis
3134 2670 3385 2749 injustae
3410 2691 3563 2733 reus
3606 2674 3843 2753 aliquis
3884 2675 4009 2736 inh-

2484 2764 2679 2823 miam
2703 2764 2987 2840 incurrit,
3022 2782 3148 2824 non
3179 2782 3362 2842 posse
3384 2764 3684 2844 judicem
3716 2785 3792 2827 ex
3820 2769 3957 2829 tali
3942 2788 4014 2828 m·

2484 2856 2676 2917 famia
2703 2857 3045 2934 procedere
3077 2857 3153 2917 ad
3202 2857 3720 2938 inquisitionem.
3762 2864 3891 2924 Non
3922 2881 4011 2940 po-

2484 2953 2604 3011 test
2632 2967 2783 3028 ergo
2795 2950 2992 3028 judex
3021 2950 3106 3011 uti
3125 2951 3344 3012 notitia
3374 2951 3453 3010 ab
3485 2952 3597 3012 illo
3631 2958 3799 3015 tecte
3828 2955 4011 3016 habita

2483 3046 2784 3121 tanquam
2808 3041 3100 3120 juridica,
3154 3060 3301 3104 cum
3329 3063 3459 3106 non
3518 3045 3724 3109 fuerit
3775 3048 4011 3126 juridice

2485 3135 2721 3212 habita,
2755 3139 2818 3197 et
2848 3134 2991 3197 ideo
3025 3154 3150 3197 non
3180 3136 3372 3198 faciat
3400 3137 3605 3199 fidem
3657 3141 3727 3200 in
3776 3141 4008 3220 judicic.

2487 3229 2610 3291 Sed
2646 3247 2764 3289 nec
2806 3230 3116 3308 potestati
3159 3230 3381 3291 notitia
3412 3230 3523 3291 illa
3554 3233 3641 3293 ad
3700 3235 4013 3313 proceden-

2485 3321 2636 3381 dum
2686 3319 2976 3399 juridice,
3026 3339 3169 3381 cum
3224 3324 3613 3400 processerit
3664 3345 3749 3387 ex
3798 3329 4011 3390 actione

2484 3413 2716 3492 injusta
2741 3412 2989 3492 judicie,
3047 3417 3115 3475 ut
3152 3413 3409 3493 judicis,
3463 3436 3675 3496 super
3735 3439 3861 3500 qua
3910 3440 4009 3482 non

2483 3509 2689 3585 potest
2716 3505 2965 3565 fundari
2985 3505 3193 3585 justus
3212 3526 3576 3585 processus.
3599 3513 3709 3572 Ad
3725 3533 4011 3573 summum

2483 3603 2688 3677 potest
2706 3598 2946 3660 hortari
2975 3602 3203 3660 testem
3230 3601 3510 3677 illum,ut
3528 3605 3584 3664 si
3603 3605 3783 3667 licite
3808 3612 4007 3685 potest,

2484 3710 2609 3752 non
2639 3694 2709 3751 ut
2734 3692 2931 3766 testiS,
2964 3692 3076 3751 sed
3137 3696 3207 3753 ut
3252 3693 3672 3758 denuntiator
3711 3698 4005 3778 judiciars

2485 3784 2592 3844 det
2616 3783 2844 3845 iterum
2899 3784 3184 3846 notitiam
3240 3785 3439 3862 illam,
3470 3792 3541 3850 et
3590 3795 3755 3852 tunc
3810 3792 4009 3870 poterit

2487 3880 2550 3937 et
2575 3875 3043 3937 denuntiatione
3061 3879 3452 3955 proceder‘e
3435 3899 3502 3940 in
3536 3882 3615 3941 iis
3667 3885 3930 3959 casibus
3960 3885 4009 3944 in

2488 3968 2713 4048 quibus
2762 3987 2837 4030 ex
2893 3968 3365 4033 denuntiatione
3414 3971 3714 4052 judiciali
3786 3976 4008 4055 procedi

2486 4064 2711 4142 potest.

2566 4157 2769 4229 Petes,
2803 4152 2974 4232 quid,
3010 4153 3276 4233 sijudex
3316 4156 3449 4234 ipse
3496 4158 3768 4237 injuste,
3814 4181 3931 4224 non
3958 4166 4009 4222 ut
4114 4190 4177 4248 ¹33

2479 4247 2697 4351 judex,
2738 4245 2849 4305 sed
2880 4249 2947 4307 ut
2975 4247 3260 4326 privatus
3316 4248 3507 4311 homo
3565 4252 3813 4314 crimen
3846 4255 3998 4329 illud,

2489 4338 2666 4419 cujus
2694 4339 2986 4401 notitiam
3017 4340 3209 4400 etiam
3242 4342 3559 4446 privatam
3590 4344 3893 4421 habebat,
3918 4367 4011 4427 pa·
4042 4317 4191 4464 ,Ξῖ

2486 4431 2829 4507 blicaverit,
2865 4437 2928 4492 et
2962 4449 3034 4492 ea
3066 4433 3399 4495 occasione
3449 4435 3725 4500 infamia
3754 4448 3886 4501 orta
3922 4432 4135 4516 sit‚‘¹⁹¹²
4056 4490 4121 4519 ἦ.

2489 4524 2799 4604 poteritne
2827 4542 2903 4584 ex
2952 4524 3215 4585 infamia
3244 4526 3350 4587 illa
3377 4547 3579 4607 quam
3602 4531 3745 4610 jam
3769 4533 4007 4607 invenit,
4120 4533 4137 4541 ’

2491 4618 2835 4696 procedere
2867 4617 2948 4678 ad
2988 4618 3464 4697 inquisitionem
3501 4621 3849 4701 juridicam
3893 4644 4014 4704 spe·

2492 4709 2756 4769 cialem?
2784 4712 2969 4789 Resp.
3005 4710 3177 4771 idem
3205 4711 3552 4774 dicendum
3602 4716 3804 4779 videri
3852 4736 4010 4797 posse

2468 4801 2554 4883 25¹¹
2582 4819 2654 4861 eo
2686 4820 2858 4878 casu,
2895 4821 2970 4863 ac
2999 4802 3048 4863 si
3097 4808 3243 4864 ante
3276 4805 3611 4868 obtentum
3666 4828 3899 4872 munus
3926 4811 4011 4888 ju·

2492 4892 2670 4970 diois,
2704 4894 2939 4955 crimen
2991 4895 3147 4956 illud
3178 4897 3501 4959 occultum
3536 4900 3772 4980 injuste
3812 4922 4011 4982 propa-

2490 4986 2700 5060 lasset,
2736 4990 2799 5049 et
2824 4991 3043 5065 postea
3074 4988 3278 5049 factus
3328 4989 3529 5070 judex
3587 4993 3836 5058 invenit
3876 4998 4012 5056 infa-

2491 5078 2684 5138 miam
2714 5083 2915 5140 ortam
2960 5099 3036 5140 ex
3090 5100 3207 5141 sua
3272 5082 3509 5161 injusta
3568 5089 4007 5168 propalatione.

2493 5172 2626 5246 Quo
2656 5189 2803 5232 casu
2833 5171 3080 5233 videtur
3108 5172 3347 5234 habere
3375 5175 3591 5238 locum
3618 5179 3896 5244 doctrina
3918 5183 4013 5241 ina

2493 5267 2809 5339 Navarrae,
2864 5268 2925 5325 et
2953 5264 3223 5327 aliorum
3251 5286 3447 5346 supra
3492 5271 3791 5350 adducta,
3857 5273 4011 5354 quod

2493 5360 2561 5418 ut
2588 5357 2783 5436 judex
2842 5357 3183 5435 procedere
3227 5362 3429 5438 possit
3475 5368 3537 5425 et
3570 5368 3897 5437 teneatur;
3951 5373 4011 5427 d

2489 5449 2767 5527 privatus
2846 5453 3055 5512 autem
3131 5450 3366 5516 debeat
3428 5457 3757 5529 restituere
3825 5464 4007 5523 totum

2488 5540 2791 5603 damnum
2819 5543 3013 5623 quod.
3037 5561 3147 5606 reo
3192 5563 3270 5607 ex
3305 5565 3428 5611 sua
3454 5548 3685 5630 injusta
3734 5553 4007 5632 propala-
