4263 6376
1135 350 1606 412 DISPUTATIO
1652 349 1871 424 XXXI,
1921 347 2196 410 SECTIO
2241 347 2316 408 11.

184 532 316 592 furto
342 528 619 589 ablatam.
654 528 784 586 Hoc
823 532 1031 587 tamen
1065 526 1197 603 ipse
1230 524 1407 587 Salas
1437 524 1667 585 fatetur
1769 526 1919 586 tem.
1953 523 2103 584 Cum
2149 540 2302 602 ergo
2352 523 2413 582 in
2462 541 2610 584 casu
2646 525 2858 582 nostro
2910 516 3307 579 adversarius

1767 633 1890 676 non
1945 621 2278 678 moveatur
2328 620 2501 678 metu
2553 617 2661 675 aut
2715 612 2900 674 minis
2957 612 3036 673 ad
3090 611 3307 671 luden-

185 642 283 684 non
308 640 429 681 esse
456 620 666 680 efficax
702 639 714 678 :
753 619 902 699 quia
944 620 1134 681 etiam
1181 617 1433 697 quando
1474 635 1667 697 pecu-

182 717 265 777 nia
288 713 446 776 alteri
476 712 713 772 sublata
760 712 1010 789 fuisset,
1074 711 1266 771 nollet
1295 710 1511 770 ludere
1550 709 1665 770 ad·

180 806 445 868 vet-sarius
472 806 522 865 si
549 804 610 864 id
638 804 849 880 sciret,
883 808 945 865 et
972 807 1184 865 tamen
1213 803 1400 864 ludus
1431 807 1527 863 est
1554 820 1666 862 va-

179 901 331 976 lidus,
376 899 527 959 sicut
566 901 627 957 et
673 897 951 958 venditio
999 915 1123 976 qua
1167 895 1305 976 quis
1345 894 1513 955 hona
1540 894 1663 954 fide

181 994 303 1054 emit
325 1010 442 1052 rem
485 991 812 1066 furtivam,
866 1008 1057 1069 quam
1104 989 1367 1048 veritate
1414 986 1665 1065 cognita

180 1105 281 1147 nen
308 1088 540 1154 emeret,
575 1087 671 1144 est
699 1081 932 1159 valida,
967 1085 1029 1142 et
1058 1081 1432 1142 transfertur
1459 1079 1661 1139 domi-

181 1179 322 1238 nium
345 1175 515 1255 pretii
560 1175 624 1234 in
652 1174 852 1235 furem
882 1221 897 1251 ,
947 1173 1291 1253 obligatum
1336 1178 1547 1234 tamen
1585 1171 1662 1231 de

179 1270 463 1331 evictione.

242 1363 438 1442 Arguit
475 1361 748 1422 secundo
791 1360 960 1420 idem
998 1359 1286 1421 Ledesm.
1341 1358 1487 1439 quia
1539 1377 1663 1419 non

179 1459 419 1516 servatur
446 1454 769 1535 aequalitas
797 1453 861 1513 in
891 1453 1040 1514 ludo
1066 1500 1082 1529 ,
1122 1454 1185 1512 in
1227 1471 1351 1532 quo
1381 1453 1481 1513 iur
1506 1451 1666 1512 ludit

179 1549 324 1629 quasi
372 1547 626 1626 pecunia
681 1547 961 1622 absente,
1007 1546 1152 1607 licet
1191 1545 1362 1605 domi
1408 1545 1658 1620 habeat,

178 1641 311 1701 unde
336 1639 558 1700 solvere
586 1640 804 1719 possit.
839 1641 972 1699 Hoc
997 1643 1209 1700 tamen
1229 1638 1363 1717 ipse
1387 1637 1521 1717 jam
1554 1638 1663 1698 Sa-

178 1736 249 1795 las
272 1735 476 1794 fatetur
502 1752 629 1794 non
660 1732 930 1812 probare
954 1750 969 1804 ;
1018 1732 1167 1812 quia
1192 1733 1293 1791 fur
1320 1748 1540 1791 revera
1568 1730 1664 1789 lu-

178 1827 251 1886 dit
269 1826 508 1904 pecunia
536 1826 866 1905 praesenti,
923 1843 1113 1904 quam
1152 1824 1298 1885 facit
1324 1842 1523 1901 suam,
1556 1841 1662 1882 vo-

175 1920 282 1979 lens
307 1918 609 1979 restituere
631 1936 742 1996 pro
773 1919 938 1978 furto
970 1937 1044 1977 ex
1074 1916 1341 1998 pecunia
1371 1917 1657 1991 absente,

177 2010 375 2071 inludo
394 2014 598 2071 tamen
628 2011 887 2091 exponit
914 2028 1094 2071 suam
1138 2010 1470 2090 pecuniam
1509 2028 1665 2088 prae·

176 2109 397 2164 sentem.

237 2195 392 2257 Unde
419 2195 546 2274 ipse
578 2195 756 2256 Salas
782 2194 989 2274 arguit
1017 2195 1198 2255 tertio
1225 2242 1239 2271 ,
1292 2195 1437 2274 quia
1468 2194 1658 2271 frauS,

174 2287 425 2349 violentia
446 2335 461 2365 ,
492 2288 590 2348 vel
620 2287 852 2367 injuria
881 2288 1053 2348 illata
1084 2287 1317 2348 directe
1348 2287 1427 2347 ad
1458 2292 1665 2348 extor-

175 2381 448 2460 quendum
477 2399 852 2441 consensum
882 2381 1084 2442 irritat
1111 2385 1534 2453 contractum;
1572 2398 1664 2440 er-

172 2493 236 2553 go
262 2473 442 2535 irritat
476 2474 698 2533 ludum
742 2474 1051 2553 surreptio
1099 2473 1331 2553 injusta
1374 2474 1663 2535 ordinata

173 2567 236 2624 ad
263 2566 385 2642 hoc,
419 2571 484 2627 ut
507 2566 910 2627 adversarius
932 2565 1223 2645 prosequi
1246 2566 1395 2627 velit
1417 2566 1657 2629 ludum.

175 2658 275 2718 Sed
300 2677 488 2739 neque
530 2658 692 2720 ratio
741 2658 876 2718 haec
905 2658 1154 2719 videtur
1199 2659 1419 2719 efficax
1454 2677 1467 2718 :
1501 2663 1659 2734 tum,

173 2751 293 2830 quia
334 2751 391 2810 hi
435 2755 794 2812 contractus
822 2751 1013 2810 etiam
1042 2769 1117 2810 ex
1146 2751 1290 2811 dolo
1316 2797 1331 2827 ,
1366 2751 1462 2811 vel
1491 2755 1662 2811 metu

170 2844 364 2923 injusto
392 2845 564 2905 sactit
597 2862 722 2904 non
754 2848 906 2905 sunt
933 2843 1112 2919 irriti,
1155 2844 1265 2904 sed
1296 2843 1663 2904 rescindibi-

169 2938 261 3011 les,
290 2937 527 3016 quando
583 2954 714 2997 non
751 2941 1037 2997 versatur
1092 2954 1268 2996 error
1307 2937 1473 2997 circa
1521 2937 1663 2997 sub-

171 3031 448 3105 stantiam,
479 3034 551 3091 ut
578 3029 852 3089 diximus
881 3029 1041 3107 disp.
1074 3046 1228 3090 xxn.
1262 3028 1332 3089 de
1357 3030 1666 3091 contracti-

172 3121 328 3181 busin
353 3122 659 3200 communi,
692 3127 844 3183 sect.
876 3126 935 3183 6.
970 3126 1104 3182 et7.
1124 3127 1257 3183 tum
1284 3123 1496 3201 etiam,
1522 3123 1669 3202 quia

170 3215 325 3275 etiam
351 3216 411 3275 in
452 3217 766 3277 sententia
815 3215 1113 3292 docente,
1162 3235 1269 3276 eos
1314 3220 1670 3277 contractus

169 3326 278 3367 esse
304 3310 519 3381 irritos,
551 3327 680 3370 non
709 3308 960 3370 videtur
990 3327 1170 3387 posse
1215 3326 1290 3369 ea
1330 3310 1546 3387 regula
1590 3309 1669 3369 ad

169 3406 412 3461 nostrum
440 3420 657 3463 casum
690 3403 1027 3480 applicari,
1071 3402 1132 3462 in
1165 3419 1289 3481 quo
1323 3402 1528 3462 nullus
1556 3402 1673 3464 fuit

168 3494 338 3571 doluS,
370 3514 509 3555 cum
547 3496 655 3555 fur
694 3514 821 3556 non
871 3495 1096 3556 dixerit
1133 3494 1466 3573 pecuniam
1509 3494 1672 3556 hanc

168 3606 270 3647 nen
294 3607 420 3649 esse
448 3590 616 3650 furto
648 3588 946 3665 ablatam,
982 3588 1091 3647 sed
1123 3588 1205 3647 ad
1235 3605 1555 3648 summum
1586 3589 1669 3647 si·

167 3682 523 3759 gnificaverit
551 3699 691 3742 esse
722 3700 936 3757 suam,
987 3681 1154 3760 quod
1180 3699 1405 3740 ¹verum
1439 3684 1573 3741 erat
1603 3684 1673 3740 ut

167 3774 589 3852 supponimus:
628 3792 745 3833 nec
791 3773 978 3834 etiam
1035 3774 1386 3834 intercessit
1440 3777 1665 3850 metue,

167 3868 360 3927 nutris
385 3868 541 3927 dans
581 3883 842 3927 causam
889 3865 1276 3939 contractui;
1325 3866 1460 3926 hoec
1502 3865 1670 3925 enim

167 3962 287 4018 tunc
311 3960 506 4020 solum
536 3959 746 4034 datur,
781 3958 1034 4038 quando
1064 3959 1444 4020 contrahens
1474 3958 1553 4018 ad
1582 3959 1670 4018 vi-

167 4052 391 4112 tandum
416 4053 658 4113 malum
687 4051 806 4112 sibi
848 4070 963 4130 per
991 4055 1227 4112 metum
1279 4051 1670 4131 propositum

167 4145 441 4207 contrahit
465 4150 677 4206 motus
709 4144 788 4205 ab
817 4144 952 4223 ipso
983 4148 1154 4204 metu
1181 4191 1196 4221 ,
1245 4148 1307 4205 et
1346 4144 1511 4204 malo
1555 4143 1672 4203 im-

167 4235 412 4300 minenti.
445 4239 514 4299 In
545 4255 699 4298 casu
725 4241 937 4299 autem
968 4237 1263 4315 praesenti
1289 4240 1421 4298 tota
1444 4236 1671 4316 injuria

167 4335 415 4391 versatur
440 4331 645 4392 solum
677 4330 843 4390 eirca
871 4329 1106 4390 furtum
1139 4348 1154 4402 ς
1190 4347 1311 4408 quo
1342 4329 1536 4390 semel
1558 4347 1671 4408 po·-

167 4421 278 4499 sito,
308 4423 705 4484 adversarius
752 4440 875 4483 non
905 4423 1184 4501 cogitur,
1217 4422 1325 4482 sed
1354 4426 1578 4502 sponte
1611 4426 1674 4484 et

167 4512 328 4576 libere
370 4516 550 4578 ludit.
604 4514 782 4589 Quod
813 4519 1025 4576 autem
1069 4516 1168 4575 fur
1198 4533 1272 4575 ex
1300 4516 1529 4595 injuria
1559 4516 1673 4575 ha-

167 4605 338 4670 buerit
364 4609 700 4690 pecuniam
731 4627 920 4688 quam
949 4609 1099 4669 ludo
1139 4610 1431 4688 exponit,
1487 4609 1671 4669 nimis

168 4703 473 4764 extrinsece
502 4722 570 4764 se
601 4703 792 4764 habet
838 4703 917 4762 ad
961 4706 1352 4764 contractum
1399 4721 1672 4781 sequen-

167 4798 285 4857 iem.
317 4796 648 4877 Alioquin,
703 4796 753 4857 si
785 4814 857 4855 ex
899 4796 1062 4857 hello
1111 4795 1341 4875 injusto
1390 4797 1673 4875 captivus

168 4888 355 4967 iliquis
396 4891 795 4967 detineatur,
849 4893 913 4951 et
948 4894 1168 4970 postea
1215 4889 1294 4949 ad
1335 4889 1672 4951 recreatio-

168 4999 279 5041 10111
306 5001 443 5043 cum
476 4983 823 5044 victoribus
866 4983 955 5042 ibi
989 4983 1200 5059 ludat,
1253 5001 1377 5043 non
1407 4987 1670 5063 possunt

173 5076 252 5151 psi
294 5077 536 5137 lucrum
581 5095 654 5136 ex
703 5076 849 5136 ludo
897 5076 1190 5152 retinere,
1243 5076 1393 5155 quia
1438 5075 1668 5155 injusta

167 5175 390 5247 :aptura
418 5189 677 5231 causam
726 5174 790 5231 et
839 5171 1235 5230 occasionem
1282 5169 1457 5230 dedit
1493 5169 1665 5245 ludo,

167 5263 242 5338 lui
296 5282 417 5323 non
458 5263 698 5339 fuisset,
751 5266 1012 5343 captura
1059 5281 1181 5322 non
1224 5263 1664 5341 praecedente:

167 5355 301 5432 luod
332 5360 543 5416 tamen
573 5375 758 5417 nemo
791 5356 995 5429 dicet;
1045 5357 1191 5435 quia
1224 5356 1406 5417 nimis
1438 5356 1671 5416 extrin-

167 5464 273 5508 ÷eee
303 5454 364 5510 et
392 5454 632 5512 remote
678 5468 744 5511 se
793 5450 986 5512 habet
1032 5451 1111 5511 ad
1159 5451 1377 5512 ludum
1409 5468 1670 5531 sequen·

1766 708 1916 768 dum
1944 757 1958 782 ,
2010 707 2118 768 sed
2151 708 2462 769 desiderio
2493 707 2772 788 pecuniae
2802 725 2993 787 quam
3033 723 3308 784 praesen-

1764 804 1892 862 tem
1922 800 2136 877 videt,
2194 806 2257 863 et
2303 802 2438 862 haec
2479 801 2613 881 jam
2655 802 2821 862 facta
2851 800 2930 860 sit
2959 797 3144 874 furiS,
3178 815 3304 858 non

1766 898 2029 973 apparet
2080 894 2247 954 unde
2296 895 2481 955 ludus
2525 894 2604 954 sit
2646 894 2890 969 irritu3,
2925 892 3025 953 vel
3056 892 3155 951 fur
3191 890 3306 950 ha-

1764 986 1913 1048 bere
1968 987 2198 1048 debeat
2264 987 2711 1066 obligationem
2774 983 3143 1047 restituendi
3209 983 3306 1043 lu—

1765 1099 1965 1142 Grum-

1844 1173 2113 1234 Infertur
2142 1173 2349 1250 tertio,
2384 1172 2537 1251 quid
2565 1171 2902 1232 dicendum
2931 1169 3011 1230 sit
3041 1168 3117 1229 de
3150 1167 3302 1229 filio·
3327 1184 3347 1202 ¹

1762 1266 2029 1327 familias
2051 1312 2067 1343 ,
2102 1285 2183 1326 an
2214 1265 2317 1325 alii
2350 1264 2596 1344 possint
2624 1265 2702 1325 ab
2734 1283 2806 1325 eo
2835 1264 3082 1323 lucrum
3111 1262 3174 1321 in
3204 1261 3302 1320 lu-

1764 1359 1844 1420 do
1872 1359 2191 1420 retinere?
2219 1361 2306 1419 De
2339 1376 2462 1438 quo
2492 1358 2767 1418 videnda
2804 1360 2949 1418 sunt
2978 1374 3118 1436 quoe
3148 1353 3300 1414 dixi-

1761 1470 1901 1512 mus
1930 1470 2119 1530 supra
2146 1451 2308 1531 disp.
2341 1468 2436 1511 111.
2472 1455 2624 1512 sect.
2662 1452 2771 1512 ult.
2808 1449 2975 1511 circa
3006 1447 3174 1509 varia
3196 1446 3302 1507 ho-

1763 1562 1986 1604 norum
2017 1561 2274 1622 genera,
2310 1549 2372 1603 et
2399 1543 2789 1623 peculiorum
2811 1539 3213 1616 filiifamilias,
3241 1543 3302 1599 et

1764 1654 1903 1717 quae
1933 1635 2204 1696 diximus
2250 1635 2440 1696 etiam
2490 1635 2723 1714 disput.
2759 1652 2911 1695 xxn.
2946 1634 3025 1694 de
3054 1636 3303 1693 contra-

1761 1729 1908 1790 ctib.
1942 1733 2095 1788 sect.
2130 1745 2190 1788 x.
2227 1727 2306 1788 de
2335 1727 2738 1788 filiofamilias
2759 1773 2774 1804 ,
2810 1726 3127 1807 quomodo
3156 1742 3303 1804 pos-

1762 1821 1841 1882 sit
1864 1820 1940 1881 de
1971 1839 2279 1882 consensu
2321 1821 2419 1881 vel
2464 1821 2702 1900 absque
2750 1838 3056 1880 consensu
3107 1818 3302 1897 patris

1763 1914 2155 1991 contrahere,
2187 1913 2286 1974 vel
2316 1912 2588 1974 alienare
2614 1933 2629 1986 ;
2666 1932 2740 1973 ex
2769 1913 2842 1973 iis
2871 1912 3041 1972 enim
3070 1909 3303 1990 regulis

1761 2007 2103 2068 videndum
2135 2010 2249 2084 est,
2280 2007 2530 2085 quando
2560 2005 2768 2068 valide
2812 2007 2991 2067 ludat
3017 2006 3116 2066 vel
3148 2022 3295 2065 non.

1762 2102 1881 2160 Pro
1910 2101 2083 2181 praxi
2116 2093 2326 2161 autem
2359 2101 2617 2160 adverte
2644 2147 2659 2177 ,
2714 2099 2882 2161 aliud
2929 2118 3065 2159 esse
3096 2098 3305 2159 dicen·

1763 2193 1913 2253 dum
1936 2239 1951 2270 ,
2005 2193 2256 2273 quando
2303 2193 2465 2253 ludit
2492 2212 2567 2254 ex
2599 2193 2778 2253 bonis
2809 2191 3168 2253 adventitiis
3193 2238 3207 2267 ,
3243 2196 3307 2252 ct

1764 2286 2015 2366 quando
2076 2306 2153 2347 ex
2191 2286 2578 2365 profectitiis.
2633 2286 2901 2346 Facilius
2941 2285 3173 2366 quippe
3204 2302 3304 2344 ex-

1764 2383 2065 2440 cusantur
2093 2398 2129 2439 a
2157 2379 2550 2440 restitutione
2576 2425 2591 2456 ,
2644 2380 2750 2459 qui
2795 2379 2872 2438 ab
2900 2378 3036 2456 ipso
3064 2378 3306 2437 lucran-

1764 2477 1863 2534 tur
1889 2473 2145 2533 ludente
2176 2491 2249 2532 ex
2281 2471 2679 2545 adventitiis;
2715 2490 2985 2552 quorum
3017 2471 3163 2531 licet
3190 2488 3304 2548 pa-

1762 2570 1857 2626 ter
1888 2566 2346 2626 usumfructum
2367 2565 2637 2639 habeat;
2673 2564 2792 2625 hoc
2811 2568 3021 2625 tamen
3043 2562 3147 2643 jus
3164 2581 3306 2622 cen-

1762 2663 1934 2720 setur
1980 2662 2161 2737 pater
2205 2658 2601 2736 renuntiare,
2652 2658 2905 2738 quando
2955 2662 3134 2737 pater
3182 2675 3306 2716 non

1764 2755 1930 2829 eget,
1955 2770 2070 2811 nec
2097 2751 2264 2811 bona
2292 2756 2439 2813 sunt
2464 2752 2678 2831 magni
2709 2750 3033 2826 momenti,
3051 2756 3113 2811 et
3141 2749 3306 2810 filius

1765 2849 1940 2905 extra
1969 2843 2104 2923 ejus
2152 2843 2412 2904 domum
2454 2844 2648 2923 degit.
2685 2844 2796 2904 Vel
2828 2843 3084 2923 quando
3127 2847 3308 2923 pater

1765 2937 1983 2997 videns
2012 2941 2074 2998 et
2101 2937 2304 2997 sciens
2334 2955 2408 2996 ea
2437 2937 2603 2998 bona
2632 2957 2668 2996 a
2697 2936 2823 2997 filio
2855 2936 3302 3011 administrari,

1769 3049 1894 3091 non
1925 3028 2298 3090 contradicit
2324 3075 2339 3105 ,
2388 3033 2451 3090 et
2485 3030 2607 3091 hoc
2635 3030 2781 3091 licet
2821 3030 3013 3090 nollet
3040 3049 3115 3089 ea
3140 3030 3308 3090 bona

1768 3124 1914 3184 ludo
1964 3123 2231 3201 exponi,
2294 3122 2371 3182 de
2430 3123 2657 3202 quibus
2703 3122 2904 3182 videri
2946 3125 3150 3202 potest
3177 3123 3310 3183 Mo-

1767 3218 1896 3278 lina
1935 3218 2093 3296 disp.
2134 3220 2276 3278 519.
2329 3220 2391 3277 et
2431 3216 2609 3278 Salas
2652 3217 2799 3277 dub.
2849 3233 2933 3277 lx.
2985 3216 3088 3296 qui
3132 3235 3305 3277 num.

1767 3315 1826 3371 4.
1862 3310 2039 3371 addit
2067 3328 2212 3371 cum
2261 3308 2397 3369 aliis
2422 3356 2436 3385 ,
2495 3309 2812 3369 rarissime
2843 3308 2947 3388 qui
2979 3309 3114 3369 haec
3142 3309 3310 3368 bona

1768 3404 2049 3464 lucratur
2077 3420 2113 3461 a
2143 3402 2294 3479 filio,
2330 3402 2530 3463 teneri
2562 3402 2727 3481 patri
2758 3401 3103 3482 quidquam
3133 3402 3311 3463 resti-

1768 3499 1965 3558 tuere.

1849 3591 1936 3649 De
1967 3589 2148 3648 bonis
2177 3606 2325 3649 vero
2373 3587 2740 3667 profectitiis
2765 3634 2779 3663 ,
2831 3607 2939 3648 seu
2978 3588 3053 3649 iis
3101 3606 3241 3667 quoe
3273 3608 3308 3648 a

1771 3686 1946 3761 patre
1976 3681 2206 3762 accipit
2235 3682 2315 3743 ad
2344 3700 2522 3741 suam
2562 3681 3079 3742 sustentationem
3103 3727 3119 3758 ,
3175 3699 3311 3740 cer-

1768 3780 1902 3836 tum
1933 3779 2048 3851 est,
2083 3774 2278 3835 invito
2309 3778 2520 3853 patre,
2555 3791 2680 3833 non
2711 3791 2893 3852 posse
2925 3791 2997 3832 ea
3028 3773 3177 3834 ludo
3209 3794 3311 3833 ex-

1768 3868 1952 3948 poni,
2014 3871 2076 3928 et
2129 3867 2480 3927 lucrantem
2536 3866 2768 3927 debere
2825 3885 2901 3926 ea
2955 3866 3304 3927 restituere.

1771 3964 1920 4033 Quae
1948 3964 2162 4021 tamen
2193 3958 2478 4019 doctrina
2506 3976 2649 4018 cum
2677 3959 3110 4020 moderatione
3135 3958 3311 4020 intel-

1766 4053 2023 4133 ligenda
2078 4057 2175 4114 est
2226 4073 2238 4114 :
2287 4070 2413 4112 non
2467 4052 2634 4112 enim
2690 4052 2995 4133 procedit,
3056 4052 3308 4131 quando

1771 4165 2017 4207 summa
2049 4150 2142 4207 est
2170 4144 2418 4205 modica
2439 4192 2454 4221 ,
2489 4145 2888 4207 considerata
2917 4145 3218 4225 qualitate
3251 4151 3313 4207 et

1771 4240 2129 4301 conditione
2184 4238 2479 4300 ludentiS.
2539 4240 2778 4316 Quare,
2832 4240 3084 4318 quando
3133 4243 3314 4319 pater

1769 4332 1940 4394 misit
1964 4333 2163 4392 filium
2194 4332 2272 4391 ad
2301 4331 2530 4409 studia,
2553 4333 2647 4391 vel
2681 4332 2945 4410 curiam,
2969 4352 3151 4412 posse
3170 4352 3312 4394 eum

1772 4445 1846 4487 ex
1894 4429 2145 4487 centum
2194 4442 2334 4504 quse
2382 4443 2419 4484 a
2460 4428 2637 4503 patre
2681 4426 2927 4504 accipit,
2959 4426 3202 4503 ludere,
3252 4432 3314 4487 et

1770 4520 2036 4599 perdere
2080 4519 2398 4599 quinque,
2442 4518 2672 4579 docent
2722 4518 3138 4580 communiter
3182 4522 3308 4581 DD.

1772 4631 1930 4693 quos
1959 4615 2142 4675 affert
2168 4617 2231 4673 et
2258 4613 2539 4691 sequitur
2586 4611 2816 4674 Sanch.
2866 4611 2928 4673 d.
2974 4631 3113 4693 cap.
3148 4614 3307 4675 VIII.

1771 4707 1923 4768 dub.
1961 4723 2072 4768 vn.
2108 4725 2217 4766 nu.
2249 4707 2309 4766 3.
2346 4706 2521 4767 Salas
2548 4704 2699 4766 dub.
2735 4721 2818 4766 lx.
2855 4705 2916 4764 in
2947 4705 3055 4766 fin.
3092 4710 3153 4767 et
3181 4706 3306 4766 alii.

1771 4803 1902 4861 Imo
1934 4798 2222 4880 quamvis
2253 4803 2430 4877 pater
2458 4817 2749 4878 expresse
2769 4797 3162 4878 prohibuerit
3179 4799 3308 4859 filio

1771 4894 2013 4970 ludum,
2047 4911 2170 4952 non
2202 4891 2432 4951 debere
2481 4891 2544 4952 id
2584 4891 2844 4971 intelligi
2890 4892 2968 4952 de
3005 4892 3154 4951 ludo
3183 4910 3311 4952 mo-

1772 4987 1990 5048 derato
2013 4988 2196 5066 juxta
2224 4984 2671 5061 conditionem,
2707 4988 2956 5046 aetatem
2974 4988 3036 5045 et
3054 4987 3309 5059 statum,

1772 5099 1890 5140 nec
1921 5079 2129 5159 quoad
2160 5078 2280 5140 1100
2309 5083 2553 5158 patrem
2584 5097 2717 5138 esse
2734 5076 3193 5138 rationabiliter
3221 5077 3316 5137 in-

1771 5174 1991 5249 vitum,
2026 5172 2303 5233 affirmat
2330 5190 2474 5231 cum
2504 5171 2641 5230 aliis
2672 5171 2837 5230 idem
2885 5169 3114 5231 Sanch.
3150 5190 3212 5232 n.
3248 5175 3307 5232 5.

1772 5270 1835 5326 et
1864 5266 2041 5326 Salas
2073 5265 2222 5325 dub.
2257 5281 2330 5336 x3
2384 5264 2530 5344 quia
2561 5264 2697 5324 haec
2725 5263 2976 5324 videtur
3004 5282 3138 5323 esse
3167 5283 3312 5344 pars

1771 5358 2241 5419 sustentationis
2272 5358 2665 5435 accesserim,
2699 5375 2842 5418 cum
2892 5358 3203 5436 pertineat
3230 5358 3310 5418 ad

1770 5452 2225 5513 recreationem
2256 5450 2583 5514 honestam
2614 5454 2676 5513 et
2697 5450 3113 5514 moderatam.
3134 5450 3313 5525 Quod

3193 344 3309 404 505

3447 1268 3526 1326 20

3379 1391 3438 1434 Dc
3465 1405 3531 1444 co,
3551 1394 3619 1448 qui

3376 1445 3561 1488 lucratur
3593 1460 3617 1488 a

3367 1499 3643 1543 filiofamilias.
