4263 6376
107 2608 115 2617 ‘
117 2527 148 2564 a

1116 292 1584 354 DISPUTATIO
1630 290 1930 367 XXXVII,
1981 291 2254 352 SECTIO
2295 292 2367 353 11.
3208 299 3325 357 675

206 465 604 527 communicati
643 467 972 545 privantur
1006 467 1149 548 jure
1185 468 1324 529 illos
1366 466 1692 547 judicandi

204 565 463 637 tanquam
488 558 792 634 subditOS,
827 576 948 619 non
981 560 1147 620 enim
1174 564 1382 639 potest
1401 560 1538 638 quis
1558 578 1692 619 ma-

202 669 323 711 nere
349 669 460 710 non
492 651 776 712 subditus
798 698 813 727 ,
861 652 914 713 si
939 652 1225 730 superior
1252 652 1457 712 adhuc
1485 670 1687 730 perse·

203 747 348 809 verat
371 744 668 821 superior.
710 744 886 805 Ratio
934 745 1083 805 item
1129 744 1245 806 fuit
1274 745 1421 824 quia
1448 763 1693 805 excom·

200 835 513 896 municatus
554 836 864 915 ejusmodi
909 837 1098 899 debet
1141 838 1221 898 ab
1268 838 1558 899 omnibus
1601 837 1693 896 vi-

200 928 333 1000 tari;
381 946 527 1006 ergo
576 929 856 990 aufertur
894 929 973 989 ab
1018 948 1091 990 eo
1132 929 1520 1009 jurisdicti0‚
1567 948 1692 1009 qua

199 1026 369 1082 stante
397 1038 518 1080 non
543 1026 749 1100 potest
794 1040 917 1083 non
966 1041 1367 1101 perseverare
1410 1041 1693 1083 commu-

200 1111 393 1174 nicatio
419 1130 563 1172 cum
590 1113 878 1178 subditis.
912 1115 1192 1194 Denique
1242 1120 1499 1196 propter
1529 1115 1689 1175 hanc

197 1205 468 1267 rationem
514 1206 929 1268 excluduntur
974 1227 1012 1268 a
1058 1227 1316 1269 munere
1363 1208 1591 1270 actoris
1630 1210 1694 1268 et

195 1297 371 1371 testis;
394 1316 542 1376 ergo
571 1317 608 1360 a
635 1299 874 1360 fortiori
921 1301 1336 1363 excluduntur
1364 1320 1400 1361 a
1429 1317 1689 1362 munere

191 1389 408 1468 judiciS,
440 1391 609 1470 quod
640 1396 736 1453 est
761 1393 964 1469 magis
993 1394 1316 1471 publicum
1344 1399 1408 1456 et
1434 1393 1691 1454 honori-

194 1482 384 1555 ficum;
417 1491 478 1545 et
505 1484 646 1545 ideo
676 1483 797 1546 hoc
824 1503 1043 1546 verum
1084 1505 1219 1547 esse
1249 1487 1470 1548 stando
1500 1487 1689 1548 etiam

195 1575 245 1633 in
263 1574 390 1653 jure
416 1576 649 1655 scripto
679 1578 905 1639 docent
934 1580 1271 1657 Fagundez
1293 1598 1485 1658 supra
1499 1598 1563 1641 n.
1587 1582 1683 1640 15.

196 1668 537 1745 Praepositus
585 1688 689 1749 qu.
734 1672 812 1732 Π.
844 1669 914 1730 de
940 1672 1355 1732 excommunic.
1388 1671 1538 1733 dub.
1572 1688 1683 1733 x11.

195 1779 242 1820 n.
268 1764 354 1822 75.
386 1763 624 1840 Gaspar
650 1763 931 1824 Hurtado
962 1764 1123 1842 disp.
1168 1765 1328 1826 vill.
1362 1763 1432 1825 de
1458 1783 1688 1825 excom-

191 1854 430 1915 municat.
490 1856 771 1918 difficolt.
831 1862 889 1918 2.
939 1875 1199 1918 numero
1230 1859 1290 1918 3.
1341 1858 1687 1919 Turrianus

190 1945 279 2006 lib.
307 1947 374 2007 11.
405 1946 476 2008 de
503 1948 758 2009 censuris
788 1949 1333 2027 disput.xnl.dub.
1354 1967 1398 2012 1.
1417 1951 1690 2012 etDiana

190 2043 324 2116 part.
356 2056 412 2100 v.
445 2045 628 2103 tract.
679 2040 749 2102 de
786 2042 1200 2104 excommunic.
1252 2044 1510 2106 resolut.
1547 2047 1682 2105 108.

190 2132 321 2192 Hinc

252 2225 506 2287 Infertur
557 2226 760 2303 primo
780 2273 796 2303 ‚
855 2227 1206 2289 doctrinam
1275 2228 1690 2290 conclusionis

187 2318 498 2395 procedere
524 2338 649 2380 non
678 2320 879 2380 solum
908 2320 971 2380 in
1016 2321 1153 2382 aliis
1193 2322 1693 2382 excommunica-

187 2411 270 2486 tis„
308 2411 410 2472 sed
439 2412 630 2474 etiam
661 2413 725 2473 in
757 2412 1105 2486 haereticis;
1166 2414 1468 2493 quamdiu
1523 2414 1691 2474 enim

188 2521 291 2565 non
334 2509 478 2569 sunt
513 2504 906 2581 denuntiati,
939 2506 1165 2567 validae
1207 2509 1352 2566 sunt
1387 2505 1523 2586 ejus
1549 2525 1693 2567 sen-

186 2597 392 2673 tentiae,
442 2597 594 2677 quia
646 2604 788 2676 post
834 2598 1166 2675 concilium
1197 2599 1686 2676 Constantiense,

185 2688 323 2751 sicut
347 2708 468 2750 non
488 2691 983 2752 tenemurvitare
1007 2692 1163 2752 alios
1184 2692 1692 2753 excommunica-

185 2784 265 2842 tos
291 2800 407 2843 non
436 2783 864 2860 denuntiatos,
898 2784 997 2845 vel
1025 2784 1236 2845 clerici
1263 2801 1687 2863 percussoreS,

183 2873 256 2935 ita
279 2892 385 2936 nec
414 2875 745 2937 haereticos
773 2881 843 2938 ut
868 2894 1011 2937 cum
1039 2876 1176 2937 aliis
1217 2880 1428 2937 tuetur
1456 2874 1686 2937 Sanch.

183 2984 349 3045 supra
377 2988 436 3028 n.
470 2970 572 3030 38.
607 2971 672 3028 et
696 2968 832 3030 aliis
859 2969 925 3029 in
953 2968 1139 3041 locis;
1192 2972 1380 3047 atque
1422 2969 1509 3029 ita
1534 2969 1692 3029 limi-

183 3059 386 3121 tandus
414 3066 513 3122 est
539 3064 745 3122 textus
783 3060 846 3120 in
894 3079 1032 3139 cap.
1075 3060 1689 3139 Excommum'camus,

181 3170 224 3213 1.
249 3152 300 3232 ἓ.
333 3152 665 3230 Credenm,
697 3152 766 3214 de
791 3152 1096 3217 lzoereticis.

247 3247 510 3311 Infertur
534 3247 834 3324 secundo,
869 3247 1157 3309 eamdem
1177 3247 1528 3310 doctrinam
1549 3265 1695 3326 pro-

182 3339 382 3402 cedere
410 3345 545 3403 tam
573 3340 638 3400 in
678 3339 891 3420 judice
932 3339 1246 3401 ordinario
1290 3359 1479 3420 quam
1525 3341 1697 3401 dele-

179 3436 307 3510 gato
367 3453 382 3493 :
436 3432 764 3512 utriusque
832 3432 1000 3493 enim
1074 3433 1398 3495 sententias
1470 3433 1694 3494 validae

179 3526 381 3588 suntsi
425 3526 555 3588 sint
596 3525 883 3599 tolerati,
941 3525 1234 3586 invalidae
1274 3544 1424 3586 vero
1471 3526 1522 3586 si
1570 3544 1696 3586 non

178 3617 287 3678 sint
344 3617 616 3679 tolerati.
686 3620 774 3679 De
844 3622 1108 3696 utroque
1177 3617 1343 3678 enim
1421 3617 1700 3696 loquitur

180 3711 500 3772 concilium
545 3710 1018 3773 constantiense
1065 3711 1198 3771 sine
1245 3709 1373 3770 ulla
1400 3709 1695 3770 differen-

177 3803 272 3880 tia,
301 3807 367 3865 ut
390 3808 573 3866 notat
599 3803 881 3866 Sanchez
900 3803 987 3864 ibi
1016 3822 1189 3867 num.
1209 3805 1306 3864 39.
1335 3807 1396 3864 et
1425 3804 1700 3866 rationes

176 3915 351 3974 supra
377 3896 673 3959 adductae
704 3896 928 3959 eodem
955 3897 1145 3958 modo
1175 3895 1254 3956 de
1271 3899 1538 3975 utroque
1553 3914 1701 3976 pro-

175 3988 333 4051 bant.

245 4083 516 4146 Infertur
542 4083 763 4159 tertio,
811 4082 1100 4144 eamdem
1142 4081 1491 4143 doctrinam
1522 4100 1700 4161 aeque

176 4176 512 4253 procedere
568 4176 630 4235 in
679 4174 1118 4254 jurisdictione
1168 4174 1474 4253 spirituali
1532 4178 1596 4234 et
1637 4174 1702 4233 in

104 4289 134 4319 ιο
175 4268 537 4348 temporali3
588 4286 796 4347 quare*
830 4267 1051 4328 eadem
1096 4268 1316 4346 regula
1341 4267 1704 4328 adhibenda

104 4362 112 4373 '
176 4365 262 4421 est
306 4361 390 4422 ad
437 4360 858 4441 judicandum
904 4359 982 4421 de
1026 4359 1238 4421 valore
1295 4360 1703 4421 absolutionis

174 4453 662 4530 sacramentalis,
722 4458 786 4515 et
838 4452 1101 4513 aliorum
1155 4457 1411 4514 actuum
1450 4452 1706 4532 jurisdi-

175 4546 388 4607 ctionis
415 4545 760 4625 spiritualis
792 4565 808 4605 :
843 4564 990 4607 nam
1036 4545 1455 4607 confessarius
1502 4545 1705 4607 nomi-

174 4640 360 4701 natim
389 4638 994 4714 excommunicatuS,
1046 4642 1108 4700 et
1135 4638 1573 4714 denuntiatuS,
1606 4637 1706 4698 vel

171 4734 446 4795 notorius
492 4731 698 4793 clerici
730 4749 1081 4811 percussor,
1131 4749 1254 4792 non
1304 4730 1571 4791 absolvit
1597 4748 1708 4791 va-

168 4824 285 4887 lide
314 4825 720 4905 poenitentes.
764 4826 858 4886 lta
901 4826 1135 4885 Suarez
1164 4823 1271 4884 ubi
1317 4841 1511 4901 supra
1540 4822 1702 4901 disp.

1791 484 2021 543 rorem,
2058 472 2126 529 ut
2170 486 2313 528 cum
2358 469 2570 530 Lessio
2618 469 2724 531 lib.
2761 471 2836 530 Il.
2873 489 2927 532 c.
2961 487 3136 532 xxix.
3171 472 3319 533 dub.

1795 577 1921 621 vn.
1956 579 2128 621 num.
2162 564 2261 623 62.
2289 565 2350 622 et
2380 564 2611 624 Suarez
2642 563 2803 642 disp.
2839 565 2941 625 lv.
2977 564 3047 625 de
3073 566 3327 626 censmis

1792 657 1941 714 sect.
1976 672 2028 714 1.
2063 673 2170 714 nu.
2207 658 2302 715 16.
2347 654 2529 716 docet
2560 656 2934 734 Praepositus
2978 656 3040 717 d.
3093 676 3198 736 qu.
3244 660 3319 720 ΙΙ.

1792 745 1942 806 dub.
1974 762 2100 806 xu.
2137 766 2198 806 n.
2239 750 2336 808 79.
2374 748 2654 810 Sanchez
2690 748 2796 809 lib.
2831 750 2933 809 111.
2967 748 3036 809 de
3064 750 3321 812 matrim.

1792 837 1950 916 disp.
1983 854 2151 898 xxn.
2189 857 2360 898 num.
2387 841 2483 900 39.
2521 843 2583 900 et
2611 840 2716 899 alii
2744 859 2901 919 quos
2930 843 3112 902 affert
3141 847 3201 903 et
3229 861 3327 900 se-

1792 930 2001 1007 quitur
2030 931 2229 991 Diana
2258 932 2365 991 ubi
2411 950 2602 1009 supra
2650 934 2838 994 resol.
2874 937 3009 995 109.
3045 934 3151 1013 qui
3182 953 3323 994 cum

1792 1022 1928 1082 aliis
1965 1028 2187 1084 eontra
2230 1023 2599 1083 Ledesmam
2625 1070 2641 1100 ,
2688 1028 2751 1086 et
2775 1026 3087 1104 Angelum
3124 1031 3320 1103 notat,

1791 1115 2501 1177 excommunicationem
2550 1117 2739 1178 etiam
2785 1118 2865 1178 ab
2914 1136 2987 1178 eo
3038 1118 3229 1179 latam
3260 1120 3323 1179 in

1790 1208 2089 1285 praedicto
2139 1226 2289 1268 casu
2334 1208 2542 1270 valere
2600 1209 2980 1271 resolutione
3006 1213 3107 1272 50.
3141 1215 3204 1272 et
3234 1212 3325 1272 vi-

1790 1298 1923 1359 deri
1967 1304 2176 1378 potest
2220 1300 2556 1379 Fagundez
2600 1300 2707 1362 ubi
2759 1321 2948 1382 supra
2986 1304 3151 1365 dicto
3181 1322 3320 1383 cap.

1787 1407 2028 1453 xxviii.
2064 1412 2125 1453 n.
2163 1396 2259 1454 11.

1868 1487 2085 1546 Restat
2110 1484 2467 1562 difficultas,
2502 1504 2580 1546 an
2610 1488 2891 1566 praedicti
2925 1488 3171 1569 judices
3218 1508 3323 1549 ex-
3471 1494 3538 1551 11

1788 1577 2229 1639 communicati
2259 1577 2529 1654 tolerati,
2564 1580 2725 1640 sicut
2751 1580 2977 1657 valide,
3012 1581 3100 1642 sic
3131 1583 3320 1643 etiam
3370 1624 3433 1664 A„
3467 1621 3665 1664 mmm,

1785 1669 1951 1731 licite
1980 1673 2315 1731 exerceant
2352 1689 2537 1731 suum
2576 1690 2804 1733 munus
2827 1719 2842 1749 ,
2895 1674 3175 1752 quandiu
3215 1676 3321 1736 ab·
3370 1674 3668 1772 maim&

1787 1762 2163 1824 solutionem
2190 1780 2315 1823 non
2345 1763 2675 1825 obtinent?
2702 1767 2940 1845 Duplex
2960 1771 3056 1828 est
3074 1772 3323 1829 senten-
3446 1741 3462 1784 ³

1788 1856 1893 1918 tia,
1944 1856 2153 1915 Prima
2209 1855 2394 1916 docet
2449 1874 2710 1935 peccare
2757 1860 3123 1936 mortaliter,
3176 1862 3323 1939 quia

1787 1947 2120 2010 concilium
2151 1948 2620 2009 Constantiense
2647 1968 2760 2010 suo
2791 1950 3042 2013 decreto
3074 1971 3197 2014 non
3228 1953 3324 2013 in-

1787 2041 1989 2104 tendit
2018 2041 2079 2100 in
2108 2040 2317 2119 aliquo
2367 2041 2691 2121 indulgere
2733 2043 2853 2121 ipsi
2898 2046 3325 2107 excommuni-

1790 2140 1950 2210 cat0,
1989 2133 2099 2193 sed
2127 2132 2263 2192 aliis
2292 2132 2582 2194 fidelibus
2611 2153 2758 2195 cum
2789 2137 2923 2214 ipso
2973 2138 3324 2199 communi-

1789 2227 2112 2299 cantibus3
2148 2242 2296 2304 ergo
2326 2226 2900 2290 excommunicatus
2928 2230 3135 2292 adhuc
3156 2236 3323 2292 tene·

1789 2323 1890 2379 tur
1918 2321 2230 2397 praecepto
2263 2317 2683 2380 ecclesiastico
2731 2320 3084 2383 abstinendi
3106 2324 3187 2384 ab
3217 2323 3323 2384 ad·

1788 2410 2245 2473 ministratione
2275 2410 2438 2471 illius
2480 2413 2757 2474 muneris
2781 2459 2796 2490 ,
2851 2414 3016 2476 sicut
3041 2420 3185 2478 ante
3215 2417 3326 2477 de-

1789 2508 2030 2567 cretum
2056 2502 2222 2562 illius
2252 2503 2541 2578 concilii,
2594 2506 2762 2584 quod
2812 2506 3068 2585 quidem
3095 2527 3326 2587 praece-

1787 2601 1967 2676 ptum
1994 2595 2242 2657 videtur
2264 2614 2400 2656 esse
2426 2596 2503 2656 de
2532 2616 2601 2658 re
2629 2598 2806 2677 gravi
2832 2645 2847 2676 ,
2882 2618 3029 2660 nam
3054 2602 3322 2680 prolatio

1789 2688 2113 2752 sententiae
2143 2687 2334 2749 etiam
2362 2688 2424 2747 in
2456 2690 2643 2750 rebus
2673 2692 3122 2770 temporalibus
3151 2694 3322 2755 vide-

1788 2786 1892 2845 tur
1946 2799 2081 2842 esse
2138 2785 2315 2841 actus
2389 2782 2836 2860 gravissimus;
2899 2804 3048 2864 ergo
3106 2790 3327 2865 peccat

1789 2874 2136 2935 mortaliter
2156 2872 2350 2952 judex
2373 2874 2718 2952 judicando
2767 2881 2984 2938 contra
3030 2880 3325 2941 Ecclesiae

1790 2966 2301 3045 prohibitionem.
2337 2968 2511 3027 Hanc
2554 2972 2727 3029 tenet
2773 2970 3007 3031 Suarez
3062 2971 3124 3031 d.
3157 2971 3318 3050 disp.

1789 3077 1925 3121 xvi.
1985 3063 2138 3120 sect.
2201 3062 2256 3119 1.
2318 3060 2566 3120 Lessius
2625 3062 2890 3124 dubitat.
2953 3081 3078 3125 vu.
3141 3083 3316 3126 num.

1789 3156 1887 3215 59.
1931 3151 2234 3214 Coninch.
2295 3152 2455 3233 disp.
2514 3171 2652 3216 xlv.
2716 3174 2888 3219 num.
2944 3159 3078 3220 148.
3132 3162 3194 3220 et
3221 3157 3327 3220 alii

1789 3246 2020 3325 plui-ee.

1871 3337 2162 3400 Secunda
2192 3339 2502 3400 sententia
2531 3339 2750 3413 docet,
2788 3360 2922 3402 esse
2951 3341 3153 3403 solum
3182 3360 3330 3421 pec-

1792 3435 2002 3493 catum
2041 3430 2311 3492 veniale.
2353 3433 2529 3492 Hane
2569 3436 2786 3496 tenent
2823 3435 3080 3514 Henriq.
3126 3434 3197 3495 de
3230 3455 3329 3496 ex-

1793 3543 2076 3585 commun.
2140 3541 2279 3602 cap.
2339 3541 2466 3586 vn.
2517 3526 2903 3589 Bartholom.
2953 3547 2989 3588 a
3023 3529 3331 3590 Ledesma

1797 3618 1945 3678 dub.
1998 3632 2089 3677 ix.
2133 3614 2202 3676 de
2238 3634 2598 3679 excommun.
2648 3620 2930 3681 Sanchez
2971 3620 3080 3682 lib.
3126 3623 3231 3685 111.
3262 3621 3333 3683 de

1795 3709 2129 3770 matrimon.
2167 3708 2326 3788 disp.
2360 3727 2492 3771 xxi.
2530 3731 2591 3771 n.
2625 3714 2684 3773 6.
2718 3713 2899 3773 Avila
2926 3713 3005 3773 de
3052 3714 3331 3774 censuris

1797 3805 1873 3864 11.
1901 3805 2060 3881 part.
2095 3820 2234 3880 cap.
2270 3819 2363 3862 vi.
2407 3801 2567 3882 disp.
2608 3821 2702 3865 vi.
2737 3804 2887 3866 dub.
2922 3807 2981 3867 3.
3016 3808 3332 3868 Navarrus

1797 3913 1934 3975 cap.
1970 3911 2145 3955 xxix.
2182 3914 2242 3955 n.
2276 3898 2373 3956 28.
2409 3895 2598 3956 etalii
2627 3915 2783 3975 quos
2826 3900 3006 3960 affert
3034 3903 3097 3960 et
3124 3900 3336 3979 sequi-

1794 3993 1900 4050 tur
1926 3987 2124 4049 Diana
2155 3986 2257 4047 ubi
2307 4006 2498 4066 supra
2538 3989 2723 4049 resol.
2762 3993 2896 4051 131.
2939 3995 3001 4053 et
3042 3991 3146 4052 alii
3177 4011 3335 4072 quos

1797 4080 1913 4159 ipsi
1942 4080 2233 4155 afferunt,
2293 4080 2400 4159 qui
2456 4079 2891 4142 universaliter
2933 4083 3163 4146 docent
3209 4104 3335 4147 non

1799 4172 2175 4238 intervenire
2204 4173 2291 4233 ibi
2320 4173 2568 4251 culpam
2597 4193 2877 4252 gravem,
2911 4177 3030 4237 nisi
3051 4169 3216 4239 adsit
3244 4180 3337 4239 in-

1792 4266 2055 4348 justitia,
2091 4266 2484 4343 scandalum,
2521 4271 2938 4347 contemptuS,
2970 4270 3070 4330 vel
3092 4271 3242 4350 quid
3261 4271 3338 4331 si-

1798 4359 1967 4420 mile.
2019 4361 2097 4419 Et
2142 4358 2398 4438 quidem
2444 4362 2710 4438 utraque
2753 4362 3064 4423 sententia
3090 4362 3339 4424 videtur

1799 4451 2143 4532 probabilis
2170 4451 2485 4531 loquendo
2517 4451 2593 4511 de
2616 4452 2855 4532 judicio
2886 4454 2951 4513 in
2979 4454 3112 4515 soro
3137 4461 3340 4517 exter-

1800 4562 1903 4620 no,
1939 4547 2002 4605 et
2020 4548 2244 4604 neutra
2273 4543 2455 4603 facile
2486 4546 2976 4623 oppugnabitur.
2999 4548 3212 4608 Potest
3231 4566 3340 4608 au-

1800 4640 1928 4698 tem
1958 4636 2024 4696 in
2052 4635 2483 4697 defensionem
2530 4637 2823 4698 secundae
2873 4639 3023 4699 addi
3071 4639 3195 4699 alia
3224 4640 3340 4700 do-

1803 4729 2007 4791 ctrina
2030 4729 2422 4808 aliquorum,
2457 4729 2561 4808 qui
2594 4729 2810 4791 dicunt
2838 4733 3339 4794 excommunica-

1804 4827 1937 4884 tum
1966 4822 2325 4899 toleratum,
2368 4823 2613 4901 quoties
2644 4840 2767 4882 non
2815 4825 2996 4884 estin
3025 4844 3204 4886 mora
3234 4843 3343 4903 pe-

169 4934 299 4982 xiv.
329 4923 487 4981 sect.
525 4922 581 4980 1.
617 4923 681 4981 et
711 4917 995 4980 Sanchez
1044 4934 1186 4978 cum
1217 4916 1353 4976 aliis
1382 4915 1488 4976 ubi
1518 4933 1710 4995 supra
1803 4915 1975 4976 tendi
2008 4914 2487 4992 absolutionem,
2522 4934 2639 4975 nec
2668 4920 2872 4993 potest
2900 4935 3039 4977 eam
3061 4923 3343 4995 protunc

170 5030 227 5074 n.
259 5016 357 5074 35.

242 5106 581 5167 Limitatur
606 5108 818 5166 tamen
866 5103 1037 5182 quod
1058 5102 1295 5164 dictum
1336 5105 1433 5163 est
1476 5101 1555 5162 de
1608 5120 1711 5163 ex·

169 5197 631 5259 communicato
653 5216 779 5256 non
819 5197 1084 5258 tolerato
1110 5242 1126 5272 ‚
1158 5199 1230 5256 ut
1256 5212 1381 5255 non
1410 5193 1713 5272 procedat

170 5293 422 5369 quando
446 5295 705 5370 propter
733 5289 854 5350 loci
898 5288 1261 5349 distantiam
1298 5286 1432 5367 ejus
1461 5304 1712 5347 excom·-

168 5384 512 5446 munieatio
545 5384 962 5461 ignoraretur,
997 5386 1145 5443 tunc
1195 5381 1362 5441 enim
1409 5380 1544 5459 ejus
1574 5382 1713 5440 acta

170 5478 376 5539 valida
406 5477 601 5538 etiam
632 5478 841 5538 essent
884 5479 1143 5554 propter
1190 5490 1590 5535 communem
1620 5490 1718 5533 er-

1807 5008 2113 5084 obtinere,
2148 5014 2212 5069 et
2239 5009 2318 5068 ab
2349 5009 2485 5068 aliis
2516 5009 2806 5069 fidelibus
2836 5009 3135 5071 invitatur
3162 5016 3225 5072 et
3251 5012 3346 5071 in-

1806 5101 2078 5177 ducitur,
2123 5119 2306 5179 posse
2355 5101 2522 5162 licite
2551 5120 2693 5161 cum
2725 5102 2811 5162 eis
2854 5104 3342 5180 communicare,

1807 5198 1871 5254 et
1900 5193 1988 5253 eis
2018 5192 2207 5254 etiam
2252 5198 2646 5255 sacramenta
2688 5193 3167 5269 administrare;
3201 5213 3347 5255 nam

1808 5286 2084 5364 alioquin
2133 5285 2455 5346 videretur
2498 5285 2714 5347 inutile
2760 5287 3161 5367 privilegium
3201 5288 3349 5349 alio-

1809 5397 1952 5438 rum
1982 5378 2488 5439 communicandi
2511 5397 2655 5438 cum
2683 5379 2809 5456 illo,
2846 5380 2896 5439 si
2918 5381 3049 5459 ipse
3072 5400 3195 5442 non
3212 5399 3350 5460 pos-

1815 5477 1911 5533 set
1938 5472 2017 5532 ab
2046 5471 2185 5533 aliis
2205 5471 2541 5549 requisitus
2563 5490 2705 5532 cum
2728 5472 2816 5533 eis
2839 5475 3306 5536 communicare
3329 5494 3346 5548 ;
