4263 6376
1234 330 1702 392 DISPUTATIO
1749 330 1935 403 XXV,
1984 328 2257 388 SECTIO
2302 329 2403 389 vl.

251 510 376 570 fuso
403 510 627 589 cogniti
660 510 899 589 aliquid
929 510 992 569 in
1024 500 1159 589 ejus
1187 508 1451 587 gratiam
1493 507 1763 586 operari,

253 620 429 681 quam
458 620 531 661 ex
561 602 1005 663 ratihabitione
1037 606 1416 680 praesumpta
1446 600 1686 660 domini
1705 600 1768 658 in

254 695 600 771 particulari
630 699 694 755 et
722 695 1136 755 determinate
1165 693 1421 772 cogniti.

324 787 686 847 Confirmari
717 791 922 864 potest
975 787 1200 865 primo,
1261 786 1410 865 quia
1442 786 1491 844 si
1520 804 1558 845 a
1587 803 1772 862 repu—

253 879 402 941 blica
432 879 674 957 cogaris
726 879 1038 939 abstinere
1069 897 1108 939 a
1140 878 1559 956 negotiatione
1588 895 1771 954 prop-

254 977 340 1032 ter
388 971 619 1031 bonum
677 989 1032 1047 commune,
1087 976 1156 1031 ut
1200 974 1488 1049 paratam
1537 969 1772 1029 habeas

255 1063 567 1142 pecuniam
599 1063 680 1122 ad
712 1065 1148 1125 mutuandmm
1169 1064 1243 1123 iis
1271 1063 1378 1141 qui
1407 1065 1639 1140 petent,
1661 1079 1772 1140 po-

255 1157 387 1217 teris
414 1162 628 1235 postea
679 1157 906 1217 abillis
945 1158 1196 1235 exigere
1243 1157 1541 1217 interesse
1574 1175 1587 1215 :
1626 1172 1772 1213 nam

254 1250 408 1330 quod
438 1254 695 1310 coactus
727 1251 828 1309 vel
855 1255 1076 1328 sponte
1105 1249 1434 1328 pecuniam
1455 1248 1772 1309 subtraxe-

255 1343 350 1417 riS,
377 1361 497 1401 non
525 1342 677 1402 facit
706 1342 873 1421 quod
923 1347 1210 1402 mutuum
1257 1341 1368 1416 sit,
1399 1340 1494 1399 vel
1541 1358 1664 1399 non
1694 1338 1776 1398 sit

252 1453 423 1496 causa
455 1435 614 1493 lucri
647 1435 977 1496 cessantia.

324 1528 762 1589 Confirmatur·
785 1527 1060 1587 secundo
1105 1546 1178 1586 ex
1230 1525 1408 1604 praxi
1465 1525 1772 1584 montium

254 1620 504 1700 pietatis,
541 1621 606 1680 in
640 1620 891 1698 quibuS,
946 1624 1010 1680 ut
1053 1621 1213 1679 infra
1258 1618 1633 1691 videbimuS‚
1666 1636 1773 1695 ap-

253 1712 656 1791 probantibus
692 1716 754 1772 et
796 1711 1198 1772 laudantibus
1228 1711 1487 1772 summis
1515 1710 1773 1769 Pontifi-

252 1803 437 1878 cibus,
471 1804 776 1864 interesse
808 1804 1061 1883 aliquod
1093 1823 1129 1863 a
1158 1803 1556 1863 mutuatariis
1585 1802 1772 1877 exigi-

253 1901 346 1956 tur
367 1902 624 1974 propter
653 1915 955 1974 expensas
969 1916 1108 1975 quae
1137 1897 1297 1956 fiunt
1325 1895 1387 1955 in
1408 1897 1543 1973 ipso
1559 1899 1772 1955 monte

251 1989 604 2049 sustinendo
634 1994 698 2049 et
724 1990 1179 2064 conservandO,
1235 2007 1375 2067 quae
1420 1993 1629 2049 tamen
1669 2006 1774 2047 ex-

253 2100 446 2159 pensae
477 2082 707 2159 partim
749 2083 928 2141 factae
973 2081 1101 2161 jam
1143 2086 1289 2142 sunt
1314 2086 1457 2141 ante
1490 2080 1609 2141 hoc
1636 2099 1775 2140 mu-

251 2180 411 2234 tuum
442 2175 504 2233 in
555 2175 961 2252 particulari:
989 2175 1137 2253 quia
1181 2179 1387 2235 tamen
1421 2174 1599 2234 sactae
1630 2176 1776 2233 sunt

251 2267 310 2325 in
335 2267 605 2343 gratiam
649 2284 1001 2345 pauperum
1031 2268 1136 2345 qui
1173 2266 1424 2346 petituri
1464 2270 1610 2326 sunt
1638 2284 1774 2325 mu-

251 2362 435 2434 tuum,
470 2360 864 2438 quicumque
913 2360 997 2419 illi
1044 2361 1191 2433 sint,
1243 2359 1409 2422 licite
1444 2378 1481 2418 a
1511 2358 1774 2437 singulis

253 2451 504 2530 exigitur
533 2471 685 2530 pars
716 2453 962 2512 illarum
993 2471 1405 2532 expensarum
1427 2452 1607 2531 juxta
1636 2471 1775 2531 pro·

254 2544 597 2623 portionem
638 2562 900 2604 summoe
947 2552 1164 2607 mutuo
1206 2546 1326 2605 illis
1374 2546 1558 2607 datae.
1620 2547 1775 2605 Cum

255 2655 388 2715 ergo
418 2637 687 2697 cessatio
717 2637 875 2697 lucri
902 2638 982 2699 sit
1003 2637 1178 2717 quasi
1200 2656 1494 2716 expensa,
1530 2642 1591 2698 et
1610 2657 1776 2698 sum-

255 2733 382 2806 ptus
408 2728 614 2789 factus
641 2729 704 2788 in
733 2729 998 2808 gratiam
1020 2736 1306 2791 mutuum
1344 2731 1631 2808 petituri;
1658 2730 1776 2790 hoc

254 2820 426 2880 etiam
457 2821 536 2880 ab
565 2821 677 2881 illo
709 2823 836 2900 peti
890 2824 1139 2901 poterit,
1171 2828 1238 2883 ut
1267 2842 1332 2883 se
1360 2829 1654 2885 mutuans
1684 2824 1778 2883 in-

256 2913 529 2973 demnem
558 2914 808 2975 reddat.
862 2915 1058 2976 Debet
1083 2921 1293 2978 tamen
1325 2917 1443 2977 hoc
1470 2917 1605 2977 fieri
1634 2936 1776 2978 cum

256 3006 468 3067 debitis
496 3006 985 3082 conditionibuS,
1035 3013 1104 3069 ut
1130 3027 1252 3069 non
1298 3009 1582 3087 exigatur
1614 3010 1777 3089 plus-

261 3117 436 3176 quam
464 3100 704 3160 valebit
731 3101 886 3160 lucri
908 3119 1072 3179 spe8‚
1108 3102 1360 3179 quando
1390 3120 1464 3161 eo
1495 3120 1636 3180 spes
1665 3103 1777 3162 im-

257 3192 448 3271 pedita
480 3194 618 3262 fuit,
656 3199 720 3254 et
751 3199 817 3254 ut
845 3213 990 3255 vere
1036 3199 1329 3255 mutuans
1359 3196 1637 3255 animum
1666 3196 1778 3255 ha-

259 3286 418 3345 beret
443 3286 817 3364 negotiandi
844 3305 916 3345 ea
947 3287 1234 3365 pecunia,
1260 3287 1380 3347 nisi
1419 3288 1481 3346 in
1510 3287 1779 3366 gratiam

258 3379 605 3438 mutuatarii
637 3379 829 3440 futuri
862 3397 1000 3439 eam
1031 3384 1332 3441 servarct.

329 3472 412 3530 Ex
441 3470 560 3530 hoc
588 3475 804 3531 autem
852 3471 1046 3532 oritur
1091 3471 1272 3532 tertia
1303 3472 1561 3551 quaestio
1612 3473 1781 3533 circa

259 3562 409 3622 hanc
424 3563 716 3623 eamdem
746 3564 1168 3624 conditionem
1188 3583 1434 3642 nempe,
1454 3583 1533 3624 an
1563 3565 1776 3643 requi-

205 3689 215 3699 ·
262 3659 422 3716 ratur
447 3656 614 3735 quod
666 3661 959 3716 mutuans
995 3657 1127 3737 jam
1171 3656 1453 3717 absolute
1482 3659 1779 3735 pecunias

260 3748 654 3826 negotiationi
710 3749 1126 3811 destinasset?
1166 3749 1426 3809 Videtur
1463 3750 1779 3811 affirmare

194 3842 219 3869 ¹·
261 3840 475 3900 Melina
503 3842 669 3921 disp.
703 3845 840 3902 315.
875 3843 938 3901 in
968 3843 1114 3917 fine,
1151 3847 1212 3902 et
1250 3844 1391 3902 316.
1444 3843 1503 3901 in
1547 3843 1779 3922 princi-

263 3933 376 4010 pio,
410 3935 653 4009 dicenS,
685 3954 810 3994 non
840 3935 1128 3995 sufficere
1156 3935 1499 4014 potentiam
1530 3955 1779 3997 revoca-

266 4031 377 4084 tam
405 4028 582 4103 lucri,
620 4029 876 4106 quando
906 4028 1141 4088 scilicet
1196 4028 1616 4106 pecunianon
1646 4034 1780 4091 erat

265 4121 659 4192 negotiationi
690 4121 1022 4196 destinata,
1058 4121 1167 4181 sed
1211 4121 1505 4182 destinari
1536 4127 1783 4201 poterat

264 4214 319 4268 et
343 4211 601 4272 fortasse
652 4217 865 4290 posteo
909 4214 1348 4289 destinaretur,
1399 4214 1514 4273 nisi
1563 4220 1778 4275 mutuo

263 4302 396 4363 data
442 4305 684 4366 fuisset.
734 4305 1058 4384 Ejusmodi
1102 4307 1269 4365 enim
1317 4306 1468 4367 lucri
1499 4307 1657 4368 adeo
1686 4308 1782 4367 in-

264 4397 406 4455 certi
455 4403 646 4477 atque
675 4398 740 4457 in
788 4399 1087 4476 potentia,
1134 4404 1321 4477 atque
1365 4417 1472 4478 spe
1504 4400 1660 4461 adeo
1691 4401 1780 4460 in-

264 4492 419 4548 certa
448 4497 511 4549 et
553 4494 818 4566 remota,
851 4510 972 4552 non
1005 4491 1275 4552 habetur
1302 4493 1480 4553 ratic.
1543 4493 1665 4552 Alii
1693 4496 1781 4554 ta-

266 4598 397 4640 men
424 4581 662 4657 dicunt,
711 4583 996 4644 sufficere
1046 4585 1215 4644 illam
1272 4584 1781 4663 probabilitatem

265 4671 409 4731 lucri
454 4677 516 4734 et
566 4674 1005 4736 destinationis
1045 4677 1297 4751 futurae,
1348 4682 1419 4737 ut
1447 4678 1641 4754 possit
1667 4698 1779 4757 pro

267 4782 334 4823 ea
369 4767 552 4844 exigi,
595 4785 719 4826 non
768 4772 1092 4846 quantum,
1141 4769 1188 4829 si
1236 4768 1566 4828 destinatio
1612 4774 1782 4830 certa

268 4860 692 4934 proecessisset,
749 4860 856 4919 sed
904 4867 1207 4940 quantum
1239 4862 1343 4921 illa
1372 4861 1780 4940 probabilitas

268 4952 548 5011 aestimari
580 4956 803 5030 potest.
839 4955 930 5013 Ita
959 4954 1136 5014 Salas
1167 4953 1315 5015 dub.
1351 4971 1450 5014 xx.
1499 4973 1604 5014 nu.
1627 4958 1685 5015 2.
1721 4959 1783 5016 et

268 5045 322 5100 et
347 5043 491 5102 mihi
519 5044 607 5105 ita
634 5045 885 5106 videtur
910 5052 1362 5124 consequenter
1392 5046 1728 5106 dicendum
1763 5068 1776 5108 ε

269 5133 403 5211 quia
427 5136 588 5197 sicut
612 5135 817 5215 posita
844 5136 1282 5213 destinatione,
1317 5143 1523 5216 potest
1543 5139 1781 5217 aliquid

268 5226 417 5305 exigi
448 5232 700 5306 propter
747 5248 924 5309 spem
973 5249 1099 5291 non
1129 5234 1389 5306 certam,
1436 5230 1546 5291 sed
1576 5231 1782 5292 adhuc

270 5317 556 5381 incertam
609 5321 800 5396 lucri;
860 5341 984 5383 non
1040 5328 1306 5402 apparet
1359 5342 1473 5384 cur
1526 5327 1782 5402 propter

3288 325 3403 385 203

1867 505 2080 567 adhuc
2125 524 2355 583 anceps
2403 510 2560 578 crat,
2593 509 2657 564 et
2708 502 2987 563 nondum
3036 502 3409 562 decreverat

1866 598 2197 674 negotiari,
2231 599 2341 659 sed
2386 597 2796 665 deliberabat,
2859 614 2939 654 an
2982 594 3187 673 privet·
3229 611 3295 652 se
3322 592 3386 652 in

1868 690 2139 769 gratiam
2167 691 2525 752 mutuatarii
2552 689 2670 749 hac
2693 692 3000 767 potestate
3017 683 3403 747 deliberandi

1870 788 1932 843 et
1959 784 2336 856 destinandi,
2389 802 2528 862 quae
2577 783 2775 860 pretio
2826 779 3121 841 aestimari
3172 780 3398 857 potest,

1871 895 1985 937 nec
2013 882 2305 938 teneatur
2332 878 2526 955 gratis
2565 894 2702 935 eam
2735 893 2912 953 spem
2941 878 3004 934 et
3031 876 3405 951 potestatem

1870 986 1908 1028 a
1937 989 2002 1029 se
2031 970 2348 1031 abdicare.

1950 1062 2447 1141 Confirmarique
2494 1064 2700 1139 potest
2726 1059 2951 1138 primo,
2999 1058 3147 1137 quia
3175 1056 3229 1117 si
3258 1074 3405 1135 ope-

1870 1157 2070 1217 rarius
2099 1174 2331 1233 anceps
2373 1159 2486 1229 est,
2537 1173 2618 1214 an
2649 1153 2918 1212 crastina
2966 1149 3066 1209 die
3114 1149 3403 1209 laborare

1870 1249 2118 1321 debeat,
2156 1248 2302 1326 quia
2348 1248 2425 1305 de
2470 1245 2709 1305 viribus
2739 1244 3006 1318 dubitat,
3058 1247 3120 1303 et
3150 1240 3336 1303 hodie
3366 1260 3405 1301 a

1869 1345 1930 1402 te
1962 1339 2259 1400 invitetur
2287 1344 2355 1400 ut
2383 1343 2442 1399 te
2464 1338 2545 1398 ad
2573 1336 3023 1397 recreationem
3048 1334 3399 1407 comitetur,

1870 1453 1909 1494 a
1938 1451 2062 1512 qua
2089 1432 2294 1491 redire
2313 1449 2434 1491 non
2453 1433 2659 1509 potest
2687 1447 2823 1489 cras
2844 1429 2926 1489 ad
2955 1425 3399 1494 laborandum;

1871 1525 2100 1605 poterit
2154 1524 2390 1602 aliquid
2448 1524 2698 1600 exigere
2755 1540 2865 1599 pro
2920 1539 3030 1599 spe
3094 1517 3403 1599 probabili

1872 1636 2060 1696 quam
2082 1617 2274 1677 habet
2301 1616 2379 1676 de
2400 1616 2611 1676 labore
2643 1614 2891 1674 etlucro
2914 1612 3219 1683 crastino;
3253 1627 3403 1688 ergo

1871 1715 1934 1770 et
1962 1710 2065 1788 qui
2099 1709 2377 1769 nondum
2408 1707 2686 1768 decrevit
2727 1704 3056 1783 negotiari,
3109 1703 3219 1763 sed
3249 1702 3405 1761 deli-

1871 1802 2070 1875 berat,
2097 1800 2325 1877 poterit
2344 1799 2611 1877 pretium
2633 1799 2793 1857 illius
2818 1796 3140 1876 potestatis
3163 1798 3224 1855 et
3245 1793 3400 1873 spei,

1874 1912 1997 1973 qua
2026 1894 2087 1952 in
2120 1893 2210 1954 tui
2240 1892 2507 1970 gratiam
2554 1910 2620 1951 se
2651 1890 2876 1968 privat,
2929 1889 2994 1948 in
3033 1892 3248 1947 mutuo
3281 1886 3404 1946 exi-

1871 2004 2041 2065 gere.

1952 2079 2369 2140 confirmatur
2396 2076 2693 2150 secundO,
2729 2075 2877 2153 quia
2902 2074 3147 2134 lucrum
3177 2090 3310 2132 esse
3342 2071 3404 2130 in

1871 2171 2153 2251 potentia
2180 2174 2443 2241 remota,
2479 2187 2601 2228 non
2634 2167 2881 2227 videtur
2910 2166 3215 2245 impedire
3237 2163 3404 2243 quod

1871 2265 2066 2343 possit
2092 2280 2206 2342 pro
2238 2281 2309 2323 eo
2340 2260 2575 2340 aliquid
2605 2260 2771 2338 exigi
2823 2280 2835 2321 :
2885 2277 3028 2319 nam
3061 2259 3108 2319 si
3140 2256 3406 2338 pecunia

1872 2356 2179 2433 negotiari
2208 2354 2483 2429 volebas,
2520 2357 2583 2414 et
2611 2371 2827 2412 rursus
2856 2352 3029 2412 lucro
3060 2369 3135 2411 ex
3165 2350 3268 2410 illa
3297 2367 3409 2408 ne-

1871 2448 2212 2529 gotiatione
2242 2448 2468 2508 iterum
2497 2446 2753 2507 volebas
2782 2444 3111 2524 negotiari,
3145 2447 3208 2504 et
3235 2446 3405 2502 utro-

1873 2560 1995 2621 que
2050 2542 2222 2600 lucro
2277 2545 2337 2600 te
2394 2540 2603 2617 privas
2659 2542 2728 2598 ut
2783 2537 2935 2597 mihi
2993 2537 3104 2597 des
3160 2539 3400 2608 mutue,

1872 2638 2210 2712 utrumque
2251 2633 2495 2693 lucrum
2524 2632 2770 2709 exigere
2820 2648 2856 2690 a
2884 2648 2985 2690 me
3029 2633 3204 2707 potes
3226 2627 3406 2707 juxta

1873 2728 2153 2788 valorem
2199 2725 2353 2804 spei,
2413 2724 2559 2785 licet
2600 2722 2948 2784 secundum
2992 2721 3233 2782 lucrum
3280 2738 3403 2779 non

1874 2823 2036 2882 esset
2062 2820 2122 2879 in
2147 2818 2421 2895 potentia
2442 2817 2745 2894 proxima,
2777 2815 2889 2876 sed
2908 2815 3110 2876 solum
3135 2815 3399 2886 remota,

1874 2917 1943 2974 ut
1969 2930 2111 2973 cum
2140 2910 2276 2971 aliis
2305 2910 2516 2970 multis
2543 2909 2728 2969 docet
2753 2908 2921 2968 idem
2943 2907 3119 2968 Salas
3148 2905 3210 2965 d.
3246 2902 3399 2963 duh.

1873 3024 1975 3069 xx.
2011 3024 2115 3064 nu.
2153 3008 2249 3065 12.
2285 3020 2432 3080 ergo
2473 3002 2619 3063 licet
2649 3000 2924 3061 nondum
2952 2999 3267 3059 destinare
3296 2996 3404 3056 de-

1875 3096 2167 3173 creveris,
2219 3095 2268 3156 si
2310 3100 2523 3157 tamen
2554 3098 2648 3155 est
2694 3093 3098 3172 probabilitas
3137 3090 3406 3151 destina-

1873 3192 2056 3257 tionis
2099 3192 2345 3266 futurae,
2398 3188 2630 3268 poteris
2685 3206 2798 3268 pro
2847 3206 2919 3249 eo
2966 3186 3138 3247 lucro
3170 3182 3405 3264 aliquid

1875 3287 2124 3363 exigere
2144 3330 2159 3359 ,
2220 3282 2505 3362 quamvis
2557 3282 2636 3343 sit
2684 3281 2747 3341 in
2802 3279 3082 3360 potentia
3137 3281 3400 3353 remota,

1875 3381 2178 3458 quantum
2205 3376 2443 3436 scilicet
2485 3375 2694 3435 valere
2739 3378 2946 3453 potest
2993 3372 3097 3432 illa
3138 3389 3281 3450 spes
3308 3388 3405 3429 re·

1874 3474 2047 3531 mota
2073 3474 2136 3531 et
2160 3468 2419 3545 incerta,
2471 3467 2684 3546 quain
2729 3467 2856 3527 mei
2881 3466 3150 3545 gratiam
3191 3468 3254 3525 te
3283 3462 3406 3541 pri-

1874 3581 2008 3637 νας,
2064 3566 2135 3623 ut
2161 3561 2361 3639 possis
2406 3565 2714 3622 mutuare.
2777 3561 2925 3619 Haec
2970 3561 3183 3620 autem
3239 3555 3407 3617 dicta

1876 3661 2020 3718 sunt
2046 3656 2125 3714 de
2165 3655 2369 3734 prima
2411 3652 2787 3727 conditione,
2849 3669 2988 3730 quoe
3019 3653 3176 3726 erat,
3233 3646 3403 3728 quod

1875 3753 2163 3810 mutuum
2192 3747 2272 3808 sit
2299 3764 2487 3807 causa
2512 3746 2671 3807 lucri
2700 3745 3021 3806 cessantis·

1958 3841 2249 3903 Secunda
2283 3839 2554 3900 conditio
2610 3837 3027 3899 communiter
3071 3839 3135 3896 et
3177 3833 3403 3896 merito
3550 3855 3629 3913 9ss

1876 3934 2195 4013 requisita,
2248 3936 2341 3992 est
2370 3935 2587 3992 utnon
2631 3930 2917 4008 exigatur
2955 3929 3118 3989 ultra
3144 3931 3400 4003 sortem,
3494 3979 3554 4021 Du
3583 3978 3713 4022 ,idm

1877 4027 1991 4087 nisi
2052 4029 2356 4104 quantum
2410 4025 2654 4084 lucrum
2702 4022 2852 4082 illud
2902 4039 3153 4082 cessans
3195 4019 3405 4079 valere
3482 3991 3617 4095 ῃοιῖις
3651 4033 3723 4074 ιιι-

1877 4123 2102 4199 potest.
2139 4121 2256 4178 Pro
2288 4135 2409 4196 quo
2433 4116 2710 4193 adverte,
2746 4115 3078 4194 dupliciter
3106 4132 3289 4192 posse
3318 4113 3409 4172 lu·
3455 4099 3570 4183 {iffi
3589 4098 3749 4182 3213&ss

1878 4229 2054 4272 crum
2083 4228 2335 4270 cessans
2366 4209 2425 4268 in
2458 4213 2707 4287 pactum
2738 4207 2987 4283 deduci,
3029 4207 3190 4267 sicut
3218 4206 3407 4267 etiam

1878 4305 2149 4366 diximus
2179 4303 2256 4363 de
2286 4304 2516 4363 damno
2549 4305 2931 4380 emergente.

1960 4399 2167 4459 Primo
2198 4395 2642 4470 conditionate,
2678 4394 2797 4455 hoc
2829 4399 2943 4469 est,
2992 4392 3410 4455 mutuatarius

1879 4491 2079 4552 solvat
2107 4492 2413 4568 quantum
2443 4487 2826 4567 experientia
2857 4486 3200 4548 ostenderit
3228 4491 3289 4546 te
3318 4487 3409 4545 lu-

1880 4587 2222 4657 craturum,
2250 4580 2536 4642 deductis
2556 4580 2863 4657 expensis,
2898 4579 2960 4638 in
2982 4578 3090 4640 tali
3122 4579 3375 4658 negotia
3394 4610 3409 4620 ·

1877 4676 2046 4738 tione
2076 4674 2175 4734 vel
2208 4693 2320 4734 usu
2353 4673 2454 4733 cui
2484 4691 2617 4733 rem
2662 4673 2832 4732 illam
2864 4671 3311 4754 destinareraffi
3344 4689 3405 4730 ν.

1878 4787 1974 4848 gr.
2025 4767 2073 4826 si
2104 4766 2379 4829 triticum
2428 4765 2735 4825 seminare
2783 4764 3058 4840 volebaS,
3109 4768 3414 4842 quantum

1881 4860 1984 4920 alii
2013 4860 2131 4919 hoc
2161 4877 2347 4935 anno,
2383 4858 2669 4918 deductis
2699 4858 3005 4936 expensiS,
3040 4855 3409 4916 seminando

1878 4952 2309 5025 lucrabuntur,
2344 4955 2454 5011 aut
2480 4952 2531 5010 si
2559 4950 2862 5029 negotiari
2894 4949 3170 5023 volebas,
3209 4967 3407 5027 quan-

1879 5050 2011 5107 tum
2041 5044 2147 5104 alii
2175 5043 2280 5105 tali
2314 5043 2734 5121 negotiatione
2764 5042 2885 5102 hoc
2905 5045 3185 5120 tempore
3208 5041 3410 5101 lucra-

1878 5137 2134 5199 buntur.

1961 5229 2250 5291 Secundo
2282 5228 2506 5288 deduci
2537 5231 2742 5307 potest
2759 5227 3063 5303 absolute,
3098 5229 3160 5288 et
3190 5245 3312 5287 non
3335 5245 3410 5287 ex
3557 5245 3630 5302 97

1880 5325 2107 5384 eventu
2135 5321 2365 5397 futuro,
2421 5321 2533 5380 sed
2562 5320 2868 5399 exigendo
2922 5337 2960 5379 a
2989 5323 3047 5380 te
3090 5319 3252 5381 ultra
3281 5337 3409 5380 sor-
3486 5369 3551 5411 A„
3583 5369 3726 5412 deduci

270 5429 430 5488 spem
459 5415 646 5475 etiam
675 5415 1064 5493 probabilem
1096 5416 1525 5477 destinationis
1552 5417 1779 5477 futurae
1875 5419 2025 5491 tem,
2061 5419 2365 5494 quantum
2398 5414 2499 5473 hic
2528 5419 2590 5474 et
2618 5431 2805 5485 nunc,
2839 5416 3075 5473 attento
3104 5412 3403 5491 pericu10,
3458 5422 3604 5465 debent
3640 5423 3760 5464 labor

3461 5476 3693 5519 subeundus
3709 5475 3752 5517 in

274 5521 382 5563 non
411 5506 603 5584 possit
634 5507 870 5586 aliquid
895 5509 1080 5588 exigi,
1112 5529 1257 5570 cum
1299 5514 1615 5585 mutuans,
1669 5509 1778 5589 qui
1877 5507 2185 5587 expensiS,
2218 5511 2280 5567 et
2300 5506 2434 5566 aliis
2460 5505 2962 5581 circumstantiis,
2995 5525 3139 5583 spes
3167 5505 3271 5564 illa
3304 5525 3410 5564 va-
3459 5529 3751 5587 „gon-none.
