4263 6376
121 5190 122 5195 η
201 5113 244 5172 ii
310 5122 673 5193 contractus,
738 5120 800 5177 et
845 5121 1029 5195 pacta
1076 5136 1365 5195 expresse
1413 5117 1585 5191 fiant,
1639 5115 1734 5176 di-

1167 328 1637 393 DISPUTATIO
1681 331 1870 406 XXX,
1920 331 2193 393 SECTIO
2238 333 2340 393 lv.

203 511 459 566 mutuare
483 552 500 580 ‚
551 506 662 566 sed
705 524 913 565 emere
943 524 1240 582 censum,
1275 524 1461 585 quem
1491 509 1701 566 tamen

205 598 465 658 venditor
494 597 804 656 redimere
834 603 1142 672 teneatur,
1177 603 1238 658 et
1266 598 1532 658 reddere
1564 617 1704 676 pre-

202 690 336 749 tium
361 691 601 768 quoties
633 696 880 768 emptor
906 690 1193 750 voluerit.
1230 689 1526 750 Similiter
1553 708 1702 768 ergo

202 781 251 840 in
281 801 414 841 casu
445 787 654 842 nostro
682 782 1017 842 dicendum
1041 786 1152 854 est,
1179 783 1541 843 societatem
1563 801 1705 842 cum

203 873 286 932 his
310 875 497 953 pactis
528 881 675 935 tunc
708 875 909 934 solum
958 873 1195 935 licitam
1226 893 1360 934 esse
1386 921 1401 950 ,
1455 875 1704 954 qnando

202 966 358 1025 adest
385 985 564 1025 verus
594 967 843 1025 animus
874 966 1261 1042 negotiandi,
1303 970 1365 1026 et
1387 965 1573 1026 datur
1604 985 1709 1026 ca-

202 1057 368 1135 pitale
397 1056 474 1115 ad
504 1076 648 1117 eum
694 1058 884 1117 finem
936 1059 989 1118 ei
1040 1077 1227 1137 quem
1270 1058 1472 1118 credis
1517 1076 1710 1136 nego-

202 1150 468 1209 tiaturum
525 1169 661 1209 esse
705 1154 766 1210 et
794 1156 1192 1210 servaturum
1251 1155 1504 1228 pactum
1541 1170 1554 1210 ε
1591 1149 1709 1209 hoc

204 1248 387 1300 autem
418 1260 540 1300 non
570 1242 848 1302 creditur
889 1242 1305 1302 communiter
1356 1241 1433 1301 de
1483 1242 1557 1301 iis
1603 1242 1711 1320 qui

205 1339 462 1393 mutuum
490 1338 746 1411 petunt,
781 1334 891 1393 sed
923 1335 1341 1409 contrarium,
1377 1338 1438 1394 et
1468 1333 1606 1393 ideo
1638 1334 1713 1393 il-

202 1425 262 1483 lis
291 1443 404 1484 non
434 1429 642 1503 potest
669 1426 749 1484 ad
780 1426 1145 1486 societatem
1195 1426 1370 1501 dari,
1424 1429 1485 1486 et
1530 1443 1704 1503 expe-

204 1517 402 1576 rientia
429 1520 693 1589 constat,
731 1517 866 1577 haec
893 1522 1074 1595 pacta
1095 1535 1217 1576 non
1234 1516 1393 1593 fieri,
1429 1516 1545 1576 nisi
1567 1534 1711 1576 cum

204 1609 633 1668 mercatoribus
662 1609 766 1688 qui
797 1610 1004 1688 reipsa
1034 1609 1300 1686 pecunia
1319 1614 1572 1686 rccepta
1603 1626 1713 1668 ne-

204 1701 514 1778 gotiantur,
575 1707 641 1762 et
693 1702 889 1761 multo
948 1701 1087 1779 plus
1122 1702 1478 1772 lucrantur,
1523 1705 1712 1779 atque

206 1794 340 1853 adeo
368 1812 479 1872 pro
509 1793 812 1854 beneficio
852 1797 1176 1873 reputant,
1225 1793 1393 1872 quod
1447 1792 1714 1871 pecunia

205 1886 278 1944 eis
304 1885 377 1945 ad
409 1885 776 1946 societatem
823 1904 967 1945 cum
1015 1886 1110 1945 his
1152 1886 1353 1964 pactis
1383 1884 1587 1945 detur.
1623 1885 1714 1945 Ex

206 1978 361 2038 dictis

267 2070 529 2130 lusertur
573 2072 799 2149 prim0‚
838 2073 1056 2130 contra
1085 2069 1278 2149 Cajet.
1343 2069 1479 2130 haec
1523 2073 1713 2148 pacta

204 2164 352 2224 licita
378 2182 535 2238 esse,
569 2164 699 2222 sive
729 2182 802 2222 ex
832 2163 1158 2223 intervallo
1188 2168 1426 2241 postea,
1461 2164 1589 2221 sive
1636 2161 1713 2222 si-

204 2256 313 2315 mul
341 2274 484 2315 cum
512 2255 647 2333 ipso
676 2259 998 2315 contractu
1013 2255 1325 2316 societatis
1352 2255 1526 2315 fiant.
1564 2254 1713 2327 Quae

205 2348 348 2406 enim
378 2347 730 2407 successive
759 2347 894 2406 fieri
930 2347 1097 2425 juste
1129 2352 1411 2425 possunt,
1465 2365 1590 2406 nou
1621 2349 1715 2406 est

203 2459 294 2499 cnr
318 2459 441 2500 non
470 2440 714 2519 possint
741 2439 947 2516 simul,
981 2457 1124 2499 cum
1153 2440 1438 2500 simultas
1469 2458 1590 2499 non
1622 2438 1716 2497 fa-

203 2534 307 2592 ciat
333 2532 824 2612 inaequalitatem
883 2532 942 2590 in
989 2530 1433 2606 contractibus,
1469 2532 1573 2609 qui
1617 2548 1715 2590 se-

202 2626 454 2685 cundum
499 2643 566 2684 se
597 2623 1019 2703 aequalitatem
1051 2628 1323 2685 servant.
1385 2625 1462 2683 Et
1507 2623 1593 2683 ita
1620 2623 1715 2682 fa-

202 2721 389 2777 tentur
418 2716 654 2776 Molina
683 2735 743 2775 n.
778 2719 837 2776 7.
875 2721 937 2777 et
963 2719 1021 2778 8.
1062 2719 1230 2776 Less„
1268 2735 1328 2776 n.
1365 2718 1463 2775 26.
1501 2720 1563 2774 et
1609 2713 1711 2774 alii

201 2809 621 2869 communiter.
657 2807 938 2868 Dubitari
969 2813 1179 2868 autem
1199 2811 1426 2885 posset,
1462 2826 1540 2866 an
1570 2807 1717 2868 licet

202 2902 317 2962 haec
347 2906 530 2979 pacta
558 2900 694 2960 fieri
724 2900 965 2979 possint
992 2899 1177 2960 simul
1206 2900 1479 2960 debeant
1501 2904 1713 2960 tamen

200 2994 313 3052 fleri
340 2993 845 3073 independenter
872 3010 1066 3051 unum
1086 2993 1164 3052 ab
1195 2992 1316 3053 alio
1351 3011 1364 3050 ε
1395 2992 1480 3052 ita
1509 2995 1580 3052 ut
1606 2991 1714 3070 qui

200 3085 419 3147 confert
450 3084 741 3163 capitale,
776 3085 1110 3146 contrahat
1165 3084 1469 3164 imprimis
1523 3085 1714 3145 socie-

201 3181 372 3238 tatem
400 3178 667 3238 liberam
710 3176 1210 3255 independenter
1265 3177 1343 3237 ab
1398 3194 1714 3237 assecura-

199 3271 347 3330 tione
375 3270 684 3349 capitalis‚
720 3270 831 3329 sed
859 3270 1217 3348 relinquens
1245 3270 1596 3330 libertatem
1621 3287 1715 3329 so-

201 3363 283 3422 cio
309 3364 386 3422 ad
415 3362 696 3422 ineunda
723 3361 848 3421 alia
878 3367 1081 3441 pacta,
1118 3367 1180 3423 et
1209 3362 1594 3422 manendum
1651 3362 1715 3421 in

198 3455 476 3516 societate
507 3456 641 3515 siue
672 3454 811 3514 illis.
847 3458 1149 3514 Auctores
1204 3459 1414 3515 tamen
1465 3472 1592 3515 non
1624 3454 1714 3514 vi-

200 3547 671 3625 denturexigere
703 3547 1452 3625 hancindependentiam,
1472 3546 1580 3606 sed
1612 3565 1718 3626 po-

196 3639 304 3698 tius
331 3640 550 3700 dicunt
576 3658 759 3717 posse
790 3657 934 3698 eum
964 3638 1071 3715 qui
1114 3638 1357 3699 confert
1414 3638 1711 3715 capitale,

201 3731 345 3790 nolle
374 3731 749 3792 contrahere
808 3730 1192 3805 societatem,
1256 3730 1374 3789 nisi
1434 3731 1590 3790 alter
1621 3748 1721 3790 so-

197 3822 319 3881 cius
345 3824 492 3884 velit
522 3840 885 3883 assecurare
899 3826 1152 3898 sortem,
1189 3826 1251 3881 et
1278 3822 1610 3882 convenire
1642 3820 1720 3881 de

196 3914 357 3974 lucro
388 3919 560 3975 certo
590 3914 842 3990 minori,
876 3918 945 3975 ut
975 3913 1213 3974 dictum
1264 3918 1377 3975 est.
1418 3914 1576 3987 Quia
1637 3913 1721 3973 si·-

196 4011 296 4068 cut
322 4008 610 4068 venditor
638 4010 841 4086 potest
874 4007 1036 4067 nolle
1066 4006 1362 4082 vendere,
1399 4005 1514 4066 nisi
1547 4024 1724 4084 emp-

197 4105 293 4159 tor
319 4099 484 4160 ineat
527 4100 719 4160 etiam
775 4103 1027 4177 pactum
1061 4097 1629 4174 retrovenditioniS,
1662 4099 1726 4158 et

196 4191 352 4252 sicut
377 4210 631 4271 possum
664 4191 828 4252 nolle
856 4191 970 4252 tibi
998 4190 1270 4250 vendere
1301 4190 1598 4265 triticum,
1633 4190 1722 4248 ni-

197 4283 246 4341 si
276 4288 340 4343 et
369 4288 436 4343 tu
481 4284 635 4344 velis
676 4283 834 4343 mihi
860 4283 1134 4342 vendere
1164 4283 1413 4343 vinum:
1463 4283 1549 4342 ita
1588 4301 1725 4361 pos-

194 4394 333 4435 sum
364 4377 521 4437 nolle
553 4376 923 4437 contrahere
956 4376 1319 4436 societatem
1363 4376 1479 4435 nisi
1538 4380 1602 4436 et
1656 4377 1726 4435 tu

196 4468 347 4528 velis
372 4472 728 4531 contractus
775 4469 911 4529 illos
967 4469 1135 4528 circa
1189 4469 1723 4530 assecurationem

193 4562 379 4620 sortis
407 4570 469 4623 et
493 4563 653 4622 lucri
683 4561 1024 4621 celebrare.
1063 4562 1501 4641 Unusquisque
1559 4562 1727 4622 enim

3210 339 3325 398 483

1805 508 2164 568 centenario
2221 513 2284 568 et
2319 526 2432 587 pro
2492 509 2952 571 assecuratione
2997 509 3154 571 lucri
3196 527 3334 571 mo·

1804 599 2045 675 derati‚
2142 619 2367 679 nempe
2429 603 2699 679 quatuor
2761 620 2874 680 pro
2945 603 3329 679 centenari0‚

1805 692 2098 770 permitto
2156 696 2218 753 et
2288 693 2563 752 concedo
2619 692 2729 752 tibi
2800 712 3125 754 excessum
3175 694 3332 755 lucri

1807 784 1969 842 ultra
2025 784 2129 844 illa
2178 789 2448 862 quatuor
2506 804 2519 845 :
2582 785 2660 842 de
2718 785 2882 847 facto
2940 791 3152 847 tamen
3207 788 3336 848 suf·

1805 875 2012 950 ficere,
2082 875 2135 934 si
2189 876 2324 935 hoec
2371 880 2554 953 pacta
2623 876 2851 937 virtute
2920 882 2983 938 et
3037 878 3336 957 implicite

1807 966 1941 1025 fieri
1968 966 2415 1045 intelligantur,
2448 972 2636 1045 prout
2664 967 2741 1027 de
2780 969 2945 1030 facto
2974 970 3334 1048 intelligun-

1805 1062 1910 1118 tur
1954 1060 2392 1135 communiter,
2428 1060 2672 1138 quoties
2711 1061 2849 1138 quis
2882 1062 3045 1122 bona
3072 1062 3196 1122 fide
3227 1061 3339 1123 dat

1807 1150 2104 1228 pecunias
2135 1152 2470 1212 mercatori
2493 1151 2571 1211 ad
2602 1154 3074 1230 negotiandum,
3107 1159 3337 1215 statuto

1807 1243 1981 1303 lucro
2027 1243 2353 1304 moderato
2401 1248 2596 1318 certn,
2648 1244 2978 1305 intendens
3020 1264 3159 1305 eam
3189 1246 3342 1305 dare

1810 1352 1884 1395 eo
1913 1335 2123 1410 modo,
2161 1352 2285 1414 quo
2314 1335 2603 1396 doctores
2634 1336 2852 1397 dicunt
2880 1338 3017 1396 fieri
3038 1356 3247 1416 posse,
3284 1340 3345 1399 et

1808 1426 2151 1505 prudentes
2194 1444 2266 1485 ac
2307 1427 2585 1488 timorati
2625 1429 3047 1490 communiter
3084 1430 3340 1490 faciunt.

1809 1517 2113 1580 Videatur
2156 1519 2387 1579 Molina
2416 1538 2478 1580 n.
2526 1522 2586 1581 9.
2619 1520 2869 1581 Lessius
2899 1541 2961 1583 n.
3010 1524 3112 1583 31.
3152 1525 3216 1582 et
3241 1520 3347 1581 alii

1810 1610 2248 1671 communiter.

1890 1702 2159 1763 Infertur
2201 1702 2407 1778 tertiO,
2455 1703 2699 1765 etiamsi
2757 1708 3072 1766 mercator
3125 1708 3346 1783 postea

1811 1813 1937 1854 non
1965 1793 2339 1871 negotietur,
2362 1795 2608 1855 lucrum
2626 1796 2778 1856 illud
2809 1796 2887 1856 de
2919 1816 3043 1876 quo
3069 1815 3343 1858 conven-

1810 1891 1943 1948 tum
1990 1887 2106 1947 fuit
2148 1885 2287 1963 exgi
2334 1904 2541 1964 posse,
2584 1888 2636 1947 si
2672 1891 2884 1948 tamen
2925 1890 3033 1967 qui
3079 1889 3345 1968 capitale

1810 1977 2005 2053 dedit,
2036 1978 2279 2054 putavit
2305 1977 2476 2038 bona
2497 1978 2621 2038 fide
2640 1979 2813 2039 illum
2835 1982 3301 2058 negotiaturum
3327 2001 3340 2043 :

1813 2069 2107 2149 quiajam
2139 2088 2249 2147 per
2279 2070 2693 2149 accipientem
2724 2076 2848 2134 stat
2877 2073 3044 2151 quod
3075 2092 3200 2134 non
3234 2093 3345 2135 ne-

1812 2162 2111 2240 gotietur,
2139 2180 2256 2221 nec
2285 2161 2577 2223 observet
2606 2167 2997 2225 contractum
3030 2166 3346 2228 societatis

1783 2254 2034 2339 ⁴initum
2065 2272 2252 2332 quem
2300 2255 2636 2314 observare
2685 2255 2892 2318 debet.
2941 2259 3118 2329 Quod
3150 2259 3347 2320 multo

1813 2347 2015 2424 magis
2043 2346 2253 2406 locum
2283 2346 2493 2422 habet,
2529 2347 2781 2425 quando
2813 2349 3224 2410 interveniret
3253 2351 3349 2411 lu-

1811 2457 1987 2499 crum
2037 2457 2288 2498 cessans
2318 2457 2393 2498 ex
2423 2445 2600 2516 parte
2646 2441 3020 2502 conferentis
3050 2442 3341 2521 capitale,

1812 2531 1919 2611 qui
1948 2532 2046 2591 vel
2076 2531 2506 2608 negotiaturus
2536 2536 2719 2606 esset,
2745 2533 2841 2592 vel
2866 2533 3100 2612 aliquid
3129 2534 3349 2595 fructi-

1810 2625 2011 2684 ferum
2042 2626 2388 2700 empturm,
2420 2623 2473 2682 si
2502 2642 2624 2684 non
2645 2624 2921 2687 dedisset
2964 2627 3234 2704 capitale
3266 2626 3347 2687 ad

1811 2716 2199 2790 societatem,
2233 2715 2340 2793 qui
2383 2715 2600 2776 titulus
2629 2717 2976 2778 secundum
3007 2736 3072 2779 se
3102 2719 3347 2780 suffice·

1813 2812 1909 2869 ret
1943 2808 2026 2868 ad
2047 2807 2523 2887 justificandum
2554 2813 2966 2872 contractum.

1891 2900 2163 2961 Infertur
2205 2903 2448 2979 quarte,
2501 2900 2587 2975 id,
2635 2901 2805 2980 quod
2849 2903 3084 2963 dictum
3132 2917 3225 2965 est
3265 2903 3344 2965 da

1813 2993 2063 3071 capitali
2093 2991 2240 3053 dato
2269 2991 2332 3051 in
2363 2993 2653 3070 pecunia,
2678 2995 2873 3055 multo
2906 2997 3107 3073 magis
3136 2996 3344 3058 locum

3449 1840 3567 1893 Quid,
3600 1841 3638 1883 si

3439 1899 3643 1937 mercator

3421 1953 3565 2002 postea
3582 1960 3666 1990 non

3421 2003 3669 2057 negomtur.

3492 2912 3570 2971 49

3450 3034 3569 3088 Quid,
3589 3035 3625 3078 ιι

1814 3084 2070 3160 habere,
2143 3084 2396 3163 quando
2445 3084 2630 3145 datur
2688 3085 2770 3146 ad
2826 3087 3191 3148 societatem
3247 3107 3347 3150 res
3398 3089 3695 3199 ‘fiiifflf'

1813 3177 2154 3253 fructifera,
2200 3176 2264 3236 in
2296 3196 2419 3256 qua
2457 3178 2615 3239 alter
2654 3178 2860 3239 socius
2908 3198 3166 3259 operam
3205 3200 3350 3243 con·

1813 3271 2019 3330 ferens
2047 3272 2288 3348 partem
2321 3269 2554 3330 habere
2585 3271 2812 3333 debeat
2839 3273 2904 3331 in
2933 3273 3263 3351 fructibuS,
3290 3278 3353 3336 et

1815 3362 2011 3437 lucr0,
2044 3379 2104 3421 v.
2139 3380 2236 3438 gr.
2271 3362 2321 3420 si
2351 3361 2464 3421 das
2492 3363 2660 3423 socio
2690 3382 2950 3441 gregem
2984 3367 3226 3442 ovium,
3251 3366 3352 3427 vel

1815 3454 1941 3515 alia
1968 3451 2286 3529 animalia,
2321 3470 2464 3513 cum
2493 3459 2677 3532 pacto
2707 3460 2777 3516 ut
2803 3474 2954 3533 grex
2998 3458 3212 3517 salvus
3243 3458 3354 3518 tibi

1816 3550 2091 3621 maneat,
2152 3550 2212 3606 et
2256 3550 2427 3606 tutus
2473 3564 2547 3606 ac
2594 3547 2856 3625 integer,
2909 3548 3102 3609 etiam
3147 3549 3358 3628 quoad

1819 3656 2001 3698 casus
2042 3637 2351 3712 fortuitOS,
2394 3641 2457 3698 et
2502 3656 2648 3716 pars
2677 3639 2866 3699 etiam
2898 3641 3231 3701 moderata
3263 3642 3361 3701 lu·-

1818 3731 1929 3806 cri,
1989 3730 2088 3789 vel
2128 3731 2445 3790 fructuum
2494 3730 2554 3788 in
2599 3733 2732 3792 tuto
2789 3732 2902 3793 tibi
2959 3734 3058 3805 sit,
3117 3733 3358 3812 reliquo

1819 3823 2024 3883 fructu
2054 3824 2115 3882 et
2144 3821 2317 3881 lucro
2347 3827 2727 3900 proventuro
2758 3823 2823 3883 in
2852 3824 3181 3885 utilitatem
3210 3844 3354 3886 con·

1822 3912 2078 3974 ferentis
2107 3930 2386 3992 operam.
2421 3914 2488 3973 In
2524 3912 2621 3973 his
2650 3915 2815 3974 enim
2847 3916 3058 3993 rebuS,
3108 3936 3230 3977 non
3262 3921 3358 3980 est

1820 4005 2169 4085 periculum
2199 4005 2420 4080 mutui,
2455 4023 2599 4064 cum
2627 4008 2837 4085 gregis
2866 4008 3214 4070 dominium
3242 4016 3356 4072 ate

1822 4116 1946 4158 non
1976 4097 2251 4172 abdiceS,
2284 4097 2395 4156 sed
2423 4097 2690 4158 societas
2715 4100 2917 4160 solum
2938 4101 3019 4163 sit
3047 4102 3110 4162 in
3141 4102 3358 4165 fructi-

1821 4191 1959 4251 buS.
1994 4189 2195 4250 Debet
2222 4193 2433 4250 tamen
2465 4208 2607 4268 spes
2636 4191 2955 4252 fructuum
2983 4198 3159 4255 tanta
3190 4214 3353 4273 esse,

1826 4285 1892 4342 ut
1918 4281 2144 4341 merito
2194 4300 2306 4359 pro
2359 4281 2465 4340 illa
2511 4283 2705 4359 possit
2733 4284 2939 4345 socius
2981 4286 3246 4365 obligari
3278 4287 3360 4348 ad

1824 4372 2227 4433 securitatem
2273 4374 2579 4451 capitaliS,
2632 4379 2694 4435 et
2720 4377 3121 4439 securitatem
3179 4382 3368 4441 etiam

1825 4466 1966 4526 talis
2038 4466 2343 4544 portionis
2405 4466 2725 4527 fructuum
2781 4486 2970 4546 quam
3028 4472 3363 4547 promittit.

1825 4559 1957 4618 Hoc
2033 4557 2202 4617 idem
2277 4574 2420 4617 cum
2476 4559 2883 4636 proportione
2940 4562 3075 4621 fleri
3130 4568 3365 4642 potest,

195 4652 356 4711 liber
384 4660 474 4714 est
497 4655 577 4714 ad
611 4653 1110 4713 contrahendum
1168 4654 1266 4714 vel
1296 4672 1420 4715 non
1477 4659 1729 4715 contra-

193 4742 562 4821 hendum,in
586 4746 678 4805 his
707 4746 806 4805 vel
839 4746 959 4807 illis
985 4747 1185 4807 solum
1216 4746 1724 4806 circumstantiis,

1827 4649 2081 4729 quando
2122 4649 2236 4709 das
2283 4649 2450 4709 socio
2498 4651 2763 4711 fundum
2811 4657 3011 4729 tuum,
3065 4674 3192 4715 non
3232 4656 3373 4735 qui-

1831 4742 1974 4802 dem
2020 4742 2318 4817 locatum,
2366 4741 2473 4802 sed
2519 4743 2600 4802 ad
2648 4744 3013 4804 societatem
3045 4747 3106 4806 in
3148 4748 3373 4809 fructi-

193 4837 294 4896 lta
325 4837 541 4898 Molina
573 4858 634 4899 n.
667 4842 728 4898 7.
765 4842 827 4899 et
866 4842 924 4899 8.
959 4839 1208 4900 Lessius
1239 4858 1300 4899 n.
1338 4842 1436 4915 17,
1478 4838 1723 4899 Filliuc.
1828 4836 1966 4912 buS,
2002 4852 2146 4895 cum
2173 4839 2354 4912 pacto
2386 4838 2455 4895 ut
2495 4838 2587 4895 tot
2619 4836 2853 4896 fructus
2908 4842 3112 4899 certos
3142 4840 3374 4903 reddat

198 4947 263 4987 n.
303 4932 403 4989 55.
437 4938 494 4992 et
520 4931 643 4992 alii.
1829 4928 1966 5001 tibi,
2002 4932 2063 4987 et
2091 4932 2353 4987 caeteros
2382 4927 2498 4986 sibi
2528 4933 2755 5005 sumat,
2793 4929 2879 4988 ita
2898 4935 2970 4992 ut
2998 4949 3143 5008 spes
3177 4932 3375 5011 majo-

283 5022 550 5084 Infertur
578 5024 880 5100 secundo,
929 5024 1076 5085 licet
1104 5025 1306 5102 magis
1337 5023 1633 5102 expediat
1665 5025 1736 5082 ut
1787 5012 1970 5080 *rum
2000 5020 2319 5079 fructuum
2348 5037 2757 5097 compensare
2791 5022 2988 5098 possit
3014 5042 3176 5084 onus
3212 5043 3376 5085 asse-

1832 5112 2093 5173 curandi
2176 5117 2417 5173 tantam
2480 5112 2796 5173 fructuum
2870 5116 3370 5194 proportionem.

121 5226 145 5253 e
196 5206 413 5266 cendo
445 5212 569 5271 :Do
618 5210 735 5271 tibi
788 5208 909 5269 hoc
956 5210 1220 5288 capitale
1264 5210 1342 5269 ad
1373 5208 1734 5270 societatem
1833 5208 1966 5265 Hoc
2011 5209 2224 5265 tamen
2266 5204 2628 5282 frequenter
2672 5206 2983 5268 locatione
3014 5209 3227 5287 potius
3269 5212 3379 5273 fiet

200 5302 270 5357 et
321 5296 574 5378 lucrum,
608 5308 672 5362 et
712 5305 781 5362 ut
819 5302 1072 5362 nomine
1101 5303 1425 5382 utriusque
1454 5300 1736 5380 negotia·
1835 5316 2024 5377 quam
2063 5297 2383 5373 societate,
2435 5316 2577 5357 cum
2626 5298 2793 5358 idem
2836 5301 3083 5360 lucrum
3133 5307 3377 5365 certum

1833 5409 1947 5469 per
1973 5390 2347 5450 locationem
2377 5389 2557 5449 fundi
2587 5390 2857 5452 obtineri
2889 5394 3113 5472 possit.

1911 5484 2180 5544 Infertur
2234 5482 2475 5561 quinte,
2538 5500 2574 5541 a
2645 5483 2887 5546 fortiori
2940 5485 3177 5550 licitam
3241 5507 3378 5551 essa

197 5390 297 5449 ris
341 5409 355 5448 ε
386 5397 442 5453 et
465 5412 709 5455 rursum
738 5412 853 5473 pro
884 5395 1347 5455 assecuratione
1370 5394 1574 5470 sortiS‚
1595 5411 1731 5471 per-

199 5482 398 5543 mitto
439 5487 544 5548 tibi
571 5506 896 5549 excessum
942 5487 1100 5549 lucri
1127 5506 1317 5566 supra
1343 5490 1585 5567 septem
1611 5503 1725 5565 pro

3523 5497 3605 5560 50
