4263 6376
1159 329 1630 394 DlSPUTATIO
1672 329 1917 408 xxvu,
1967 330 2242 394 SECTIO
2283 332 2388 394 lx.

565 797 785 862 Ultima
814 797 1011 862 Bulla»
1037 798 1319 863 clausula.

272 1070 591 1133 Concludit
615 1070 899 1132 Pontifex
941 1070 1038 1131 his
1077 1070 1286 1133 verbis
1319 1084 1335 1133 ε
1404 1092 1433 1128 «
1459 1073 1537 1133 Et
1566 1070 1716 1132 licet

201 1163 387 1243 legem
416 1163 616 1243 ipsam
660 1163 742 1225 ad
789 1168 1145 1226 contractus
1184 1164 1319 1244 jam
1367 1165 1715 1227 celebratos

204 1275 313 1318 non
340 1257 770 1333 extendamus,
797 1257 936 1318 illos
963 1261 1175 1319 tamen
1203 1275 1443 1336 omneS,
1465 1257 1528 1318 in
1558 1276 1716 1338 quos

204 1350 306 1410 sub
331 1349 452 1409 alia
478 1350 683 1410 forma
721 1368 947 1410 census
993 1354 1450 1428 pervenerunt,
1509 1350 1717 1412 horta-

204 1460 331 1502 mur
352 1442 413 1501 in
441 1442 743 1516 Domino,
790 1447 859 1503 ιιι
885 1443 1162 1521 singulos
1190 1448 1548 1505 contractus
1577 1462 1718 1505 cen-

205 1554 349 1596 surm
402 1534 713 1596 bonorum
742 1533 1177 1614 religiosorum
1235 1535 1606 1616 subjiciant,
1658 1540 1721 1599 et

206 1627 539 1688 animarum
585 1628 770 1708 saluti
821 1629 1169 1689 consulant.
1231 1630 1367 1690 Non
1424 1628 1721 1691 obstanti-

202 1720 328 1796 buS,
357 1723 474 1782 etc.
506 1720 726 1781 datum
757 1723 970 1782 Romae
990 1765 1007 1798 ,
1039 1739 1205 1782 anno
1236 1724 1411 1784 1568.
1445 1722 1723 1784 decimo-

206 1816 408 1891 quarto
434 1812 574 1875 Kal.
608 1813 793 1875 Febr.
826 1835 855 1871 n
895 1815 1174 1887 Quorum
1205 1816 1545 1876 verborum
1574 1833 1721 1875 sen-

205 1924 297 1966 sus
321 1904 700 1967 clarissimus
728 1910 845 1983 est,
908 1924 1024 1968 nec
1077 1905 1246 1968 circa
1298 1906 1405 1969 illa
1459 1907 1721 1969 dubium

206 1997 438 2078 aliquod
467 1997 763 2062 occurrit.

640 2452 1064 2538 sncrlo
1145 2453 1259 2537 IX.

230 2754 308 2816 De
331 2755 459 2818 aliis
477 2756 697 2839 ραι-ιὼς
729 2778 805 2819 an
833 2757 987 2819 licite
1013 2767 1387 2841 apponantur
1414 2757 1473 2818 in
1500 2777 1689 2820 censu.

278 3024 359 3083 De
386 3022 602 3084 multis
628 3022 829 3101 pactis
858 3021 1130 3085 dubitari
1160 3024 1351 3101 solet,
1384 3023 1463 3085 de
1495 3024 1721 3105 quibus

214 3113 429 3177 dictum
493 3120 595 3177 est
660 3116 825 3177 inter
909 3116 1351 3196 explicandum
1415 3116 1723 3179 conditio-

156 3263 158 3270 ,
212 3225 308 3269 nes
331 3228 370 3270 a
396 3209 503 3272 Pio
532 3212 614 3272 V.
645 3208 996 3290 prohibitas
1055 3230 1070 3272 :
1131 3211 1316 3291 quale
1347 3215 1441 3273 est
1471 3218 1726 3290 pactum

211 3301 377 3379 illud,
409 3306 477 3363 ut
504 3303 560 3363 si
589 3321 703 3382 per
729 3301 1053 3363 biennium
1080 3302 1182 3363 vel
1209 3303 1547 3364 triennium
1576 3322 1730 3383 pen-

210 3394 288 3456 sio
314 3394 509 3456 soluta
538 3413 668 3455 non
696 3395 906 3471 fuerit,
938 3413 1039 3456 res
1069 3395 1284 3457 censui
1313 3396 1598 3476 subjecta
1624 3416 1731 3458 ca-

210 3486 385 3549 datin
414 3487 855 3564 commissum,
887 3492 949 3548 et
977 3488 1041 3547 in
1070 3507 1325 3567 poenam
1354 3491 1466 3551 fiat
1492 3490 1731 3551 domini

209 3597 413 3641 census
459 3600 473 3641 :
523 3580 607 3641 de
637 3599 762 3660 quo
790 3584 975 3660 pacto
1003 3580 1127 3642 late
1159 3582 1337 3644 Salas
1366 3581 1518 3644 dub.
1555 3600 1725 3644 xxvr.

210 3677 265 3734 et
287 3691 392 3734 nos
418 3673 695 3735 diximus
722 3677 877 3735 sect.
912 3689 1000 3735 vl.
1052 3673 1160 3735 ubi
1198 3674 1507 3751 vidimus,
1558 3694 1639 3736 an
1669 3680 1733 3737 et

210 3766 505 3845 quomodo
534 3771 794 3847 pactum
824 3765 977 3826 illud
1006 3766 1204 3844 possit
1224 3767 1414 3829 etiam
1435 3786 1571 3828 esse
1591 3786 1734 3828 con-

209 3864 296 3919 tra
315 3858 416 3939 jus
444 3859 759 3920 naturale.
813 3858 988 3919 Idem
1017 3858 1356 3920 dicendum
1387 3863 1482 3921 est
1510 3861 1587 3922 de
1616 3879 1730 3940 pa-

211 3955 297 4012 cto
320 3951 444 4027 illo,
468 3956 538 4014 ιιι
567 3970 669 4012 res
699 3951 913 4012 censui
932 3950 1216 4030 subjecta
1234 3953 1419 4013 vendi
1444 3971 1567 4014 non
1589 3971 1735 4032 pos·

212 4044 279 4105 sit
300 4045 424 4106 sine
449 4063 765 4106 consensu
793 4043 1032 4105 domini
1060 4062 1284 4107 census
1306 4092 1321 4123 ‚
1356 4045 1434 4107 de
1466 4065 1590 4126 quo
1622 4048 1735 4109 Sa-

209 4136 291 4198 las
310 4138 455 4200 dub.
484 4140 690 4200 xxvll.
725 4143 789 4200 et
817 4156 930 4199 nos
957 4137 1201 4217 egimus
1228 4138 1453 4198 eadem
1481 4143 1728 4201 sect.v1.

211 4229 266 4290 iu
291 4248 370 4293 tv.
402 4238 553 4295 etv.
588 4232 783 4294 claus.
816 4230 927 4292 ubi
953 4231 1246 4307 diximuS,
1280 4230 1357 4292 de
1378 4231 1522 4312 jure
1551 4237 1736 4293 natu-

210 4342 286 4384 rte
311 4344 429 4386 non
459 4344 599 4387 esse
628 4324 914 4386 illicitum
945 4329 1198 4403 pactum
1229 4324 1382 4385 illud
1405 4370 1421 4401 ,
1459 4325 1609 4386 dum
1640 4329 1737 4386 ta-

212 4436 339 4479 men
366 4419 643 4498 pretium
698 4435 843 4479 cum
881 4416 1291 4497 proportione
1345 4417 1736 4497 gravaminis

212 4508 355 4571 illius
397 4513 757 4591 augeretur.
817 4509 996 4582 Quod
1039 4509 1229 4571 etiam
1275 4509 1613 4570 dicendum
1642 4514 1736 4572 est

211 4602 279 4662 de
305 4608 481 4683 pacto
512 4604 620 4665 illo
642 4648 659 4681 ,
714 4606 784 4665 ut
812 4601 864 4663 si
893 4602 1141 4664 debitor
1172 4620 1307 4664 rem
1336 4599 1610 4679 vendat,
1644 4607 1735 4665 te·

214 4702 419 4757 neatur
444 4696 762 4758 decimam
797 4694 984 4775 pretii
1030 4698 1276 4774 partem
1296 4741 1312 4772 ,
1370 4695 1471 4756 vel
1516 4695 1738 4757 laude·

214 4787 390 4849 mium
434 4788 735 4850 creditori
782 4788 935 4849 dare
997 4807 1012 4849 :
1072 4788 1151 4848 de
1204 4807 1329 4868 quo
1370 4788 1547 4849 Salas
1579 4787 1731 4850 dub.

210 4895 360 4943 xxm.
392 4887 456 4944 et
482 4901 600 4944 nos
629 4880 900 4942 diximus
928 4880 1069 4943 eod.
1102 4881 1263 4943 loco.
1332 4880 1509 4943 Idem
1538 4886 1633 4943 est
1658 4881 1737 4941 de

213 4981 401 5051 pacto,
427 4980 496 5038 ut
524 4976 744 5054 pensio
767 4975 939 5036 (lomi
970 4975 1298 5035 creditoris
1323 4974 1606 5035 solvatur
1635 4993 1736 5034 ex-

215 5068 402 5143 pensis
459 5068 764 5129 debitoris
816 5067 1193 5129 adducenda
1241 5089 1255 5130 :
1306 5067 1385 5127 (le
1441 5085 1565 5147 quo
1606 5069 1734 5130 Sal.

214 5158 350 5221 dub.
381 5177 523 5223 xxx.
582 5161 689 5221 ubi
738 5163 920 5223 affert
967 5160 1210 5240 aliquos
1238 5164 1591 5221 asserentes
1622 5178 1739 5222 nec

221 5253 394 5314 etiam
421 5260 566 5334 post
591 5254 829 5315 bullam
860 5259 1115 5334 pactum
1144 5254 1264 5315 hoc
1279 5273 1413 5315 esse
1431 5254 1737 5316 illicitum:

229 5363 332 5407 nos
382 5353 593 5410 autem
651 5348 714 5409 d.
746 5353 899 5410 sect.
935 5350 1037 5412 vl.
1070 5348 1264 5409 clauS.
1299 5365 1385 5409 v1.
1445 5347 1739 5423 diximus,

219 5438 435 5519 dejure
452 5446 693 5504 uaturae
722 5441 963 5503 licitum
992 5459 1128 5502 esse
1158 5444 1342 5503 aucto
1370 5439 1593 5521 pretio,
1614 5460 1747 5502 mc-

221 5530 326 5594 rito
355 5539 564 5597 tamen
584 5535 943 5598 aPontifice
964 5533 1154 5597 fuisse
1181 5533 1593 5614 prohibitum.
1625 5535 1748 5595 De-

3224 342 3332 401 38¹

1808 506 1997 586 nique
2026 506 2104 568 de
2135 508 2273 569 aliis
2317 509 2515 588 pactis
2572 508 2994 587 obligantibus
3048 513 3130 572 ad
3187 514 3341 574 alias

1805 618 2026 680 poenas
2048 646 2064 677 ‚
2095 600 2197 661 vel
2226 619 2452 679 onera,
2503 601 2770 663 diximus
2800 603 2939 664 ead.
2972 608 3139 687 sect..
3159 622 3244 670 vl.
3276 606 3340 665 in

1808 693 2001 755 claus.
2061 709 2149 755 vl.
2208 699 2270 755 et
2325 711 2433 756 vn.
2494 695 2572 756 de
2603 695 2828 775 quibus
2858 697 3045 757 etiam
3075 698 3204 776 agit
3232 702 3334 760 Sa·

1808 786 1900 847 las
1928 785 2080 848 dub.
2110 802 2297 850 xxxv,
2332 806 2369 847 a
2397 807 2458 849 n.
2492 792 2552 850 6.

1891 880 1978 939 De
2008 882 2192 958 pacto
2221 879 2327 941 illo
2353 926 2368 957 ‚
2400 886 2470 942 ιιι
2497 881 2741 943 debitor
2767 882 2832 942 in
2860 901 2927 943 re
2957 883 3172 944 censui
3201 885 3341 944 sul)-

1804 971 1977 1051 jecta
2016 972 2354 1033 fenestram
2401 992 2525 1034 non
2575 976 2851 1053 aperiat,
2911 976 3012 1036 vel
3057 980 3338 1055 apertam

3492 899 3598 959 131

3412 1026 3575 1067 Pactum
3584 1059 3594 1069 .
3617 1038 3668 1067 ue

1812 1065 2097 1143 claudat,
2150 1067 2281 1146 agit
2325 1066 2493 1127 idem
2525 1068 2701 1129 Salas
2739 1069 2889 1130 dub.
2921 1086 3132 1134 xxxvt.
3166 1074 3229 1131 et
3256 1069 3340 1129 vi-
3389 1079 3550 1121 dubitor
3567 1080 3689 1120 reno—

1814 1159 1998 1219 detur
2023 1159 2378 1238 approbare
2419 1161 2794 1221 sententiam
2826 1162 3063 1222 Rebelli
3102 1167 3164 1223 et
3193 1162 3339 1222 alio·

1813 1271 1952 1314 rum
1974 1299 1990 1329 ,
2044 1253 2214 1331 quod
2243 1253 2432 1314 etiam
2459 1258 2662 1315 stante
2686 1254 2857 1314 bulla
2884 1255 2973 1315 Pii
3006 1257 3078 1317 V.
3112 1275 3236 1317 non
3269 1255 3348 1315 sit

1812 1345 2118 1407 illicitum.
2180 1344 2442 1406 Videtur
2470 1351 2680 1407 autem
2711 1346 2918 1425 colligi
2958 1367 3032 1408 ex
3062 1366 3134 1409 co
3179 1349 3346 1427 quod

1819 1438 2100 1500 Pontifex
2142 1443 2372 1516 praeter
2416 1442 2601 1518 pacta
2647 1439 2709 1499 in
2741 1440 2909 1500 bulla
2958 1445 3343 1517 enumerata,

1818 1533 2020 1593 solum
2048 1531 2369 1610 prohibuit
2395 1533 2790 1609 generaliter,
2813 1539 2875 1594 et
2889 1533 3153 1596 irritavit
3168 1544 3350 1616 pacta

1818 1624 2172 1687 continentia
2196 1623 2505 1686 solutiones
2533 1644 2770 1685 onerum
2814 1625 2894 1686 ad
2912 1645 3039 1687 eum
3065 1636 3347 1708 spectare,

1818 1717 1899 1780 ad
1921 1736 2089 1800 quem
2115 1716 2265 1777 alios
2291 1712 2518 1797 dejure
2542 1737 2617 1779 ex
2642 1728 2856 1779 natura
2883 1728 3212 1780 contractas
3239 1739 3352 1780 uon

1817 1811 2553 1895 spectarent.Praedictum
2584 1815 2794 1871 autem
2821 1816 3074 1891 pactum
3106 1831 3230 1873 non
3260 1817 3354 1875 est

1820 1906 1899 1966 de
1926 1903 2238 1966 solutione
2269 1903 2478 1964 oneris
2501 1949 2516 1980 ,
2551 1905 2720 1984 quod
2750 1923 2824 1965 ex
2853 1910 3077 1967 natura
3106 1909 3353 1967 contra-

1821 2002 1958 2061 ctus
1984 1997 2067 2059 ad
2095 1996 2290 2058 alium
2321 1996 2584 2057 deberet
2629 2003 2932 2077 spectare.
2995 2001 3197 2073 Quare
3229 2017 3353 2059 non

1818 2092 2065 2154 videtur
2113 2089 2546 2168 improbabilis
2590 2090 2698 2151 illa
2743 2092 3081 2169 sententia,
3139 2092 3188 2153 si
3219 2110 3355 2171 pre·

1819 2185 1975 2248 tium
2004 2183 2212 2245 debite
2241 2187 2565 2262 augeatur.
2599 2184 2818 2246 Tutius
2847 2188 3055 2246 tamen
3085 2189 3252 2247 esset
3273 2185 3360 2246 fa·

1820 2296 1963 2339 cere
2009 2277 2168 2338 duos
2214 2280 2572 2338 contractus
2621 2277 2901 2340 diversos
2957 2283 3021 2340 et
3059 2278 3356 2358 indepen-

1820 2372 2039 2431 dentes
2083 2370 2164 2430 ab
2192 2369 2496 2442 invicem3
2553 2370 2819 2432 alterum
2867 2372 2945 2432 de
2986 2390 3177 2433 censu
3224 2372 3357 2432 sine

1821 2462 1926 2524 illo
1953 2480 2143 2524 onere
2169 2480 2184 2534 ;
2231 2461 2497 2523 alterum
2528 2462 2606 2522 de
2636 2463 2743 2523 illa
2771 2464 3153 2543 obligatione
3177 2509 3193 2540 ,
3245 2483 3356 2525 seu

1820 2555 2142 2631 servitute,
2205 2555 2583 2632 assignando
2639 2556 2911 2635 pretium
2948 2557 3190 2638 justum
3243 2576 3355 2636 pro

1821 2648 1925 2709 illa
1971 2667 1984 2708 :
2045 2652 2195 2710 tunc
2245 2647 2412 2707 enim
2459 2652 2816 2710 contractus
2859 2651 3169 2711 censualis
3198 2650 3260 2711 in
3289 2670 3356 2712 se

1822 2741 2059 2820 absque
2091 2741 2215 2801 ullo
2246 2758 2438 2800 onere
2466 2740 2677 2819 fieret,
2739 2760 2854 2803 nec
2891 2762 3005 2822 per
3033 2744 3356 2805 concomi-

1820 2834 2083 2895 tantiam
2127 2832 2291 2895 illius
2338 2832 2592 2894 alterius
2635 2838 2990 2897 contractus
3017 2836 3225 2898 vitiari
3256 2837 3360 2897 de-

1819 2927 2019 2990 beret.

1900 3020 2186 3082 Dubitari
2215 3020 2374 3082 solet
2401 3020 2773 3100 specialiter,
2805 3039 2887 3083 an
2914 3023 3101 3084 liceat
3131 3022 3191 3083 in
3222 3041 3362 3084 ecn-

1827 3131 1899 3175 su
1926 3113 2332 3195 fidejussores
2370 3115 2659 3194 exigere?
2712 3118 2964 3177 Certum
3013 3122 3106 3179 est
3148 3123 3361 3178 autem

1827 3207 1997 3288 quod
2026 3211 2228 3269 stante
2258 3208 2450 3285 bulla,
2470 3227 2596 3270 non
2617 3209 2814 3287 possit
2840 3210 3001 3289 exigi
3032 3210 3365 3291 fidejussor

1830 3300 1911 3361 ad
1944 3300 2086 3378 hoc,
2120 3305 2188 3362 ιιι
2215 3301 2269 3363 si
2296 3319 2397 3362 res
2428 3301 2638 3362 censui
2670 3301 2953 3382 subjecta
2984 3309 3238 3382 percat,
3289 3304 3364 3365 fl-

1828 3394 2115 3473 dejussor
2139 3397 2430 3456 teneatur
2458 3394 2789 3473 pensiones
2821 3414 3202 3459 assecurare.
3236 3398 3367 3458 Dif-

1828 3487 2072 3547 ficultas
2099 3491 2312 3549 autem
2344 3506 2479 3549 esse
2509 3493 2733 3566 potest,
2766 3508 2847 3550 an
2878 3490 3076 3570 possit
3106 3491 3269 3567 exigi
3300 3494 3368 3552 fl·

1830 3579 2136 3659 dejussor‚
2161 3584 2232 3642 ut
2257 3579 2307 3641 si
2336 3600 2436 3641 res
2466 3581 2701 3642 censita
2727 3581 3071 3660 evincatur,
3093 3585 3190 3644 vel
3222 3604 3370 3663 pen·

1829 3673 2035 3734 siones
2064 3672 2292 3734 debitae
2322 3692 2447 3734 non
2477 3674 2819 3752 solvantur,
2840 3675 3035 3754 possit
3062 3676 3125 3736 id
3155 3695 3192 3735 a
3221 3677 3372 3737 fide·

1824 3764 2073 3846 jussere
2102 3765 2292 3844 exigi.
2349 3766 2558 3846 Aliqui
2589 3766 2839 3843 dicunt,
2902 3767 2965 3827 id
3013 3786 3194 3846 posse
3236 3765 3371 3829 fieri

1834 3858 2086 3937 quando
2134 3858 2214 3919 sit
2255 3858 2491 3918 morale
2522 3859 2900 3936 periculum;
2954 3879 3133 3920 secus
3169 3861 3222 3921 si
3250 3861 3374 3922 tale

1833 3951 2183 4030 periculum
2215 3969 2339 4011 non
2385 3950 2464 4011 sit
2510 3950 2677 4030 quod
2724 3970 2825 4011 res
2868 3952 3225 4030 evincatur,
3276 3953 3376 4014 vel

1835 4044 2003 4123 quod
2034 4047 2342 4105 ea.stante
2372 4043 2707 4122 pensiones
2748 4063 2873 4105 non
2905 4044 3251 4107 solvantur.
3285 4048 3379 4108 Ita

1835 4137 2024 4198 Salon
2054 4142 2339 4198 controv.
2374 4153 2506 4199 xlv.
2559 4155 2749 4216 quem
2798 4139 2978 4198 affert
3007 4139 3184 4200 Salas
3217 4139 3369 4201 dub.

1832 4246 2070 4292 xxxvn.
2105 4248 2168 4290 n.
2201 4233 2255 4291 l.
2288 4231 2435 4290 Haec
2464 4234 2674 4290 tamen
2704 4229 3018 4292 distinctio
3051 4249 3175 4292 non
3203 4232 3381 4293 vide—

1833 4327 1936 4385 tur
1973 4321 2359 4384 sufficienter
2390 4322 2654 4382 fundata
2698 4343 2712 4382 :
2761 4323 2907 4402 quia
2939 4323 3178 4385 secluso
3210 4325 3378 4386 omni

1833 4416 2114 4495 pei-Ionio
2140 4461 2156 4493 ,
2190 4419 2397 4493 potest
2424 4415 2488 4475 in
2517 4415 2654 4476 aliis
2684 4415 2911 4476 debitis
2939 4416 3272 4497 fidejussor
3298 4418 3380 4479 ad

1834 4510 2143 4588 majorem
2163 4509 2564 4570 securitatem
2587 4508 2773 4588 exigi.
2807 4508 2925 4570 Alii
2950 4528 3099 4590 ergo
3125 4516 3376 4591 negant,

1836 4605 2040 4664 stante
2069 4601 2281 4675 bulla,
2341 4620 2524 4680 posse
2571 4600 3009 4682 fidejussorem
3052 4602 3216 4683 exigi
3263 4621 3378 4682 pro

1836 4695 2146 4758 solutione
2186 4695 2585 4773 pensionum.
2621 4698 2713 4756 lta
2742 4697 3058 4757 Navarrus
3088 4715 3259 4758 cons.
3294 4713 3379 4759 lx.

1836 4787 1907 4849 de
1933 4787 2212 4865 censibus,
2246 4807 2352 4849 nu.
2387 4792 2448 4850 3.
2482 4793 2545 4849 et
2575 4788 2684 4849 ult.
2719 4789 2952 4865 etalii,
3012 4809 3168 4869 quos
3198 4790 3386 4851 refert

1839 4881 2017 4942 Salas
2045 4881 2109 4941 d.
2144 4880 2295 4942 dub.
2329 4896 2566 4942 xxxvu.
2602 4900 2707 4942 nu.
2741 4885 2801 4942 4.
2859 4882 3006 4962 quia
3054 4882 3174 4943 hoc
3218 4889 3385 4944 esset

1838 4992 2182 5053 gravamen
2212 4975 2525 5035 venditori
2557 4976 3057 5054 superadditum.

1920 5067 2042 5128 Alii
2071 5072 2283 5128 tamen
2309 5067 2532 5127 melius
2562 5068 2800 5143 dicunt,
2823 5067 2885 5127 id
2913 5086 3037 5128 non
3070 5087 3204 5129 esse
3235 5087 3386 5129 con—

1839 5164 1937 5221 tra
1968 5160 2224 5222 bullam.
2268 5161 2359 5221 lta
2391 5161 2602 5222 Salon.
2636 5161 2793 5221 Lud.
2826 5162 2981 5239 Lop.
3012 5162 3116 5238 Sa,
3153 5162 3376 5223 Rebel.

1843 5256 1906 5314 et
1932 5253 2060 5329 alii,
2094 5272 2252 5332 quos
2281 5254 2473 5314 refert
2500 5257 2562 5314 et
2591 5253 2873 5333 sequitur
2903 5254 3079 5315 Salas
3103 5255 3242 5316 loco
3271 5256 3378 5316 cit.

3393 1138 3515 1173 stram
3530 1132 3687 1183 aperiat

3393 1185 3435 1228 in
3451 1199 3495 1228 rc
3508 1185 3689 1238 obli-,gala

3513 3030 3624 3088 132

3425 3154 3707 3208 Fideiussom

3451 3208 3655 3263 quomodo

3451 3263 3608 3316 possint
3626 3262 3668 3303 in

3427 3329 3554 3359 censu
3569 3314 3695 3370 exigi.

1844 5346 2023 5408 Ratio
2052 5351 2264 5408 autem
2295 5365 2431 5406 esse
2477 5351 2714 5424 potest,
2767 5346 2916 5425 quia
2943 5347 3225 5409 Pontifex
3257 5369 3381 5409 nou
3418 5383 3425 5390 ·

1844 5438 2167 5519 prohibuit
2192 5444 2378 5517 pacta
2398 5486 2413 5515 ,
2448 5458 2587 5519 quae
2617 5439 2819 5501 solum
2849 5439 3132 5517 obligant
3159 5441 3241 5500 ad
3283 5462 3386 5502 so—

1844 5533 2147 5594 lutionem
2177 5532 2493 5610 pensionis
2541 5531 2767 5592 debitae
2796 5579 2809 5608 ,
2871 5539 2929 5593 et
2979 5535 3384 5595 assecuratio-
