4263 6376
861 326 979 388 162
1989 320 2091 382 DE
2134 320 2489 383 JUS'rl'rlA
2534 320 2635 381 ET
2677 317 2877 383 JURE

2499 495 2799 556 electione
2847 513 2972 556 non
3015 500 3273 573 possunt
3313 514 3542 557 munus
3583 514 3762 557 suum
3783 494 4026 575 exequi,

2500 607 2693 667 quare
2723 589 2818 649 lex
2867 589 3268 649 fraudaretur
3301 609 3314 649 ι
3356 607 3497 668 quae
3543 589 3856 650 sententia
3884 588 4030 648 mihi

2500 682 2688 742 etiam
2719 683 2945 760 placet,
2981 681 3188 760 quoad
3229 682 3598 743 electionem
3628 682 3899 742 liberam
3949 680 4031 740 fa-

517 529 584 572 Αη
610 526 808 570 «sebum
857 499 1082 562 larium
1109 498 1350 562 ratione
1388 498 1481 559 sui
1532 497 1769 559 officii?
1823 497 2157 558 Affirmant
2204 496 2395 575 aliqui

506 580 806 689 ὡμξιξω
858 592 1027 673 apud
1059 592 1339 654 Sanchez
1370 591 1525 651 dub.
1565 611 1618 652 ι..
1654 590 1766 650 sed
1798 589 1857 649 id
1890 588 2105 650 nullo
2086 608 2225 668 Jure
2256 589 2398 648 fun-

858 685 1065 761 datur,
1113 688 1176 745 et
1218 689 1311 745 est
1338 688 1557 744 contra
1602 681 1868 762 praxim,
1915 681 2061 759 quia
2110 681 2229 740 hoc
2262 681 2400 740 offi-

579 688 733 731 umato.

858 777 1023 839 cium
1056 776 1478 838 voluntarium
1514 780 1626 851 est,
1681 779 1743 835 et
1779 774 2025 853 pietatis
2055 774 2154 834 vel
2183 773 2400 834 amici-

858 870 960 931 tiae
989 889 1180 931 causa
1207 869 1563 947 suscipitur.
1595 867 1847 946 Excipe,
1871 867 1988 927 nisi
2016 886 2090 926 ea
2113 867 2191 926 de
2209 884 2400 926 causa

858 968 1155 1024 executor
1183 983 1223 1024 a
1250 963 1438 1023 rebus
1467 962 1740 1042 propriis
1780 961 2040 1040 agendis
2070 960 2400 1039 impedire-

854 1062 980 1132 tur,
1030 1060 1093 1117 et
1120 1055 1382 1116 haberet
1409 1055 1653 1114 lucrum
1679 1072 1932 1113 cessans
1962 1053 2060 1113 vel
2091 1053 2395 1112 damnum

856 1168 1206 1227 emergenS,
1225 1149 1325 1209 vel
1356 1148 1469 1208 nisi
1504 1165 1627 1207 non
1652 1153 1813 1207 esset
1841 1165 2049 1207 merus
2079 1151 2394 1223 executor,

857 1241 967 1301 sed
998 1241 1187 1302 etiam
1235 1240 1706 1301 administrator
1736 1239 2045 1300 bonorum
2080 1259 2093 1300 :
2128 1239 2190 1298 in
2223 1245 2396 1300 utro-

857 1352 979 1413 que
1011 1333 1179 1393 enim
1210 1352 1359 1393 casu
1403 1332 1662 1393 deberet
1689 1352 1801 1410 per
1822 1331 2101 1412 judicem
2151 1350 2398 1410 compe-

863 1434 1002 1488 tens
1028 1427 1325 1487 salarium
1355 1425 1684 1504 assignari.

940 1519 1252 1594 Quaeritur
1298 1519 1563 1594 decimO,
1601 1521 1904 1598 quantum
1953 1518 2257 1598 temporie
2287 1518 2398 1578 ha-

856 1614 1049 1674 beant
1076 1616 1440 1673 executores
1470 1611 1546 1670 ad
1579 1630 1761 1671 suum
1790 1610 2064 1672 officium
2097 1616 2396 1690 praestan-

857 1705 1048 1766 dum?
1077 1708 1163 1766 De
1195 1705 1313 1765 hoc
1334 1704 1602 1764 diximus
1632 1709 1781 1765 sect.
1808 1720 1893 1764 xl.
1921 1704 1981 1763 in
2014 1705 2159 1780 fine,
2186 1703 2394 1783 quoad

857 1798 1307 1876 obligationem
1322 1796 1716 1858 conscientiae
1750 1815 1763 1860 ε
1790 1797 1997 1876 quoad
2026 1797 2393 1859 forumvero

856 1896 1183 1952 externum
1213 1890 1447 1952 habent
1472 1895 1694 1967 totum,
1731 1895 1792 1951 et
1818 1890 2021 1951 solum
2054 1890 2392 1951 terminum

856 2002 892 2043 a
921 1988 1217 2045 testatore
1249 1985 1595 2062 praefixum.
1633 1983 1693 2044 Si
1727 1987 1939 2044 autem
1970 1987 2231 2045 testator
2261 1982 2392 2042 nul·

854 2077 981 2136 lum
1038 2081 1287 2154 tempus
1342 2075 1713 2154 designavit,
1774 2076 2007 2136 debent
2067 2075 2232 2136 intra
2284 2094 2392 2135 sex

852 2188 1102 2230 menses
1132 2168 1355 2248 exequi
1385 2168 1592 2246 legata
1620 2168 1745 2247 pia,
1779 2168 2020 2247 reliqna
2048 2186 2198 2228 vero
2230 2169 2391 2229 iutra

856 2280 1112 2338 annum,
1147 2281 1221 2322 ex
1253 2260 1627 2321 Anthentico
1658 2260 1727 2320 de
1754 2259 1817 2320 E
1819 2260 2098 2320 cclesz'ast.
2123 2260 2295 2321 titul.
2329 2262 2384 2340 ἓ.

853 2353 936 2415 Se
962 2365 1150 2414 autem
1183 2353 1455 2433 lemnum,
1489 2353 1530 2413 l.
1567 2353 1751 2428 Nulli,
1802 2355 1868 2414 C.
1904 2351 1972 2412 de
2016 2353 2294 2434 episcopis
2336 2362 2392 2413 et

854 2445 1100 2522 cleric-ie,
1135 2450 1198 2507 et
1225 2465 1362 2526 cap.
1400 2463 1493 2507 111.
1527 2445 1597 2506 de
1622 2445 1994 2522 testamentis,
2038 2445 2205 2525 quod
2236 2449 2389 2506 tem-

852 2560 969 2620 pus
999 2559 1121 2601 non
1152 2540 1347 2601 currit
1374 2540 1688 2618 ignoranti
1721 2540 1819 2599 vel
1867 2540 2193 2617 impedito,
2211 2539 2391 2619 juxta

851 2633 1339 2713 probabiliorem
1394 2633 1790 2709 sententiam,
1825 2637 1886 2693 et
1915 2637 2316 2711 computatur
2351 2651 2390 2693 a

851 2731 1050 2788 morte
1079 2726 1416 2801 testatoriS,
1451 2726 1548 2785 vel
1581 2731 1748 2787 certe
1787 2744 1826 2786 a
1855 2725 1953 2785 die
1981 2725 2168 2785 aditae
2198 2726 2391 2786 heere-

852 2818 1062 2880 ditatis
1081 2817 1289 2898 quoad
1313 2817 1524 2896 legata
1545 2837 1662 2878 non
1690 2818 1814 2896 pia,
1834 2817 2149 2897 loquendo
2168 2818 2394 2896 dejure

852 2911 1189 2987 communi,
1225 2929 1348 2990 quo
1392 2911 1659 2971 termino
1709 2916 2023 2973 transacto
2056 2914 2119 2971 et
2148 2930 2385 2990 praece-

852 3005 1040 3064 dente
1071 3003 1436 3078 monitione,
1483 3003 1534 3062 si
1564 3009 1862 3064 executor
1893 3003 2218 3082 negligens
2249 3004 2384 3080 fuit,

853 3097 1221 3158 transfertur
1249 3095 1532 3156 executio
1551 3097 1631 3156 ad
1653 3097 2014 3174 episcopum
2033 3097 2199 3175 quod
2213 3096 2392 3175 juxta

852 3190 1163 3250 veriorem
1211 3188 1583 3250 sententiam
1622 3188 1830 3249 locum
1875 3188 2065 3250 habet
2108 3190 2296 3250 etiam
2328 3190 2389 3250 in

850 3281 1077 3361 legatis
1099 3282 1395 3360 profanis.
1432 3283 1562 3342 lmo
1594 3281 1641 3341 si
1666 3282 1995 3360 episcopus
2024 3282 2186 3343 intre
2204 3283 2386 3362 quin-

852 3393 973 3454 que
1020 3393 1290 3451 menseS,
1325 3375 1424 3435 vel
1472 3374 1640 3435 aliud
1688 3380 1934 3453 tempus
1983 3375 2387 3436 arbitrarium

849 3468 1184 3543 monuerit,
1243 3470 1305 3528 et
1355 3467 1723 3545 obligaverit
1770 3472 2153 3544 executoreS,
2209 3471 2394 3546 prout

850 3560 1056 3621 facere
1104 3564 1326 3638 potest,
1363 3578 1437 3619 ex
1468 3578 1605 3639 cap.
1641 3560 1719 3620 Si
1762 3559 2032 3635 hcet-edes,
2080 3559 2150 3620 de
2211 3570 2387 3621 testa-

848 3652 1071 3728 mentis,
1106 3657 1247 3730 post
1275 3652 1589 3730 duplicem
1621 3651 2049 3728 monitionem,
2080 3653 2129 3712 si
2163 3672 2389 3714 execu-

849 3752 946 3808 tor
974 3745 1297 3824 negligens
1328 3744 1535 3821 fuerit‚
1572 3745 1927 3806 devolvitur
1956 3746 2147 3806 etiam
2169 3764 2389 3806 execu-

845 3840 933 3901 tio
974 3839 1054 3899 ad
1101 3838 1488 3917 episcopum,
1532 3837 1908 3899 Anthentico
1957 3838 2027 3898 de
2074 3839 2384 3900 ecclesiast.

848 3933 940 3993 tit.
973 3932 1029 4012 §.
1064 3930 1175 3991 Sin
1204 3939 1415 3991 autem.
1443 3932 1536 3990 Au
1572 3948 1720 3991 vero
1766 3931 2083 3992 devolutio
2115 3931 2251 3992 haec
2281 3934 2391 3993 fiat

852 4027 987 4104 ipso
1017 4025 1204 4100 foeto,
1255 4043 1335 4083 an
1382 4023 1584 4084 solum
1628 4028 1767 4102 post
1797 4025 2194 4101 sententiam,
2230 4026 2389 4086 San-

848 4118 999 4179 chez
1029 4116 1193 4177 dicto
1241 4135 1379 4195 cap.
1414 4117 1461 4176 1.
1498 4116 1647 4177 dub.
1694 4133 1817 4178 mv.
1873 4136 2045 4178 num.
2081 4121 2177 4178 16.
2213 4117 2382 4190 dicit,

848 4229 973 4271 non
1003 4209 1235 4288 requiri
1264 4209 1656 4274 sententiam.
1678 4209 1796 4269 Alii
1824 4214 2056 4287 tamen,
2080 4229 2237 4290 quos
2256 4210 2387 4289 ipse

849 4306 1049 4379 affert,
1084 4309 1147 4363 et
1164 4301 1403 4363 Melina
1433 4302 1664 4380 disput.
1700 4305 1837 4363 251.
1869 4303 1924 4382 ἓ.
1972 4302 2139 4363 Illud
2181 4303 2379 4380 etiam,

848 4396 1084 4471 dicunt,
1118 4394 1374 4473 requiri,
1412 4395 1560 4473 quia
1607 4399 1701 4456 est
1728 4414 1919 4473 poena
1954 4396 2380 4475 negligentia),

846 4507 1037 4569 quam
1069 4506 1191 4548 non
1222 4487 1411 4548 dehet
1439 4488 1662 4567 exequi
1693 4489 1756 4548 in
1792 4507 1857 4549 se
1888 4508 2054 4565 reuS,
2090 4489 2209 4549 nisi
2239 4508 2388 4550 con-

847 4583 1203 4644 demnetur.
1256 4584 1350 4641 An
1397 4599 1545 4641 vero
1594 4581 1761 4641 idem
1812 4582 2148 4643 dicendum
2180 4583 2259 4644 sit
2309 4582 2388 4644 de

847 4694 944 4753 ec,
985 4674 1083 4735 cui
1116 4692 1238 4733 non
1269 4672 1574 4749 executio,
1621 4674 1726 4733 sed
1762 4675 1979 4736 electio
2011 4694 2383 4754 pauperum,

844 4787 905 4831 v.
941 4787 1005 4847 g.
1041 4766 1376 4828 commissa
1405 4769 1518 4841 est,
1554 4766 1636 4827 ita
1668 4771 1737 4828 ιιι
1763 4767 1811 4827 si
1863 4769 2025 4830 intra
2052 4769 2389 4830 terminum

846 4863 1086 4923 dictum
1118 4878 1243 4920 non
1275 4859 1484 4937 eligat,
1506 4858 1876 4921 devolvatur
1893 4861 2112 4922 electio
2134 4862 2212 4921 ad
2232 4860 2390 4939 epis-

845 4972 1101 5034 copum,
1136 4956 1371 5031 negant
1398 4951 1590 5031 aliqui
1621 4970 1776 5030 quos
1807 4955 2075 5015 afferunt
2107 4953 2389 5015 Sanchez

844 5047 994 5109 dub.
1028 5063 1132 5107 ιιι.
1167 5050 1231 5106 et
1274 5045 1507 5107 Molina
1556 5045 1725 5106 dicta
1772 5045 1931 5125 disp.
1981 5050 2119 5106 251.
2156 5047 2220 5106 in
2265 5046 2389 5105 fine

844 5141 963 5220 ipsi
994 5145 1207 5201 tamen
1238 5155 1381 5198 cum
1411 5137 1547 5196 aliis
1576 5137 1808 5214 multiS‚
1845 5142 1906 5198 et
1925 5140 2212 5217 Vasquez
2243 5156 2383 5217 cap.

844 5250 929 5294 lx.
962 5231 1031 5292 de
1073 5231 1449 5306 testamentis,
1499 5231 1555 5307 §.
1600 5231 1705 5290 ΙΙΙ.
1741 5229 1890 5290 dub.
1928 5247 2022 5291 111.
2078 5250 2248 5291 num.
2283 5234 2383 5292 82.

842 5327 1077 5401 dicunt,
1103 5323 1390 5385 eamdem
1411 5341 1545 5383 esse
1575 5322 2063 5401 rationem,quia
2079 5323 2180 5383 hic
2197 5322 2387 5384 etiam

842 5417 1050 5498 quoad
1101 5422 1346 5496 partem
1383 5414 1637 5474 videtur
1681 5416 2112 5475 executionem
2157 5413 2389 5474 habere

843 5511 959 5572 sibi
980 5508 1411 5583 commissam,
1441 5512 1504 5567 et
1523 5507 1670 5587 quia
1694 5512 2058 5569 executores
2086 5508 2220 5568 sine
2251 5508 2385 5586 ejus

2499 773 2820 845 ciendam3
2872 792 2993 834 non
3042 778 3252 834 tamen
3281 775 3533 853 quando
3565 780 3835 836 testator
3854 773 4030 852 jussit

2501 865 2713 926 debita
2745 866 2954 946 aliqua
3009 866 3163 927 solvi
3193 868 3379 927 certis
3411 867 3713 945 personiS,
3746 885 3912 946 quas
3937 865 4031 926 ‘ri-

2499 958 2619 1018 tius
2667 959 3038 1035 declararet,
3073 978 3196 1038 quo
3229 959 3416 1020 etiam
3447 979 3597 1020 casu
3626 960 3917 1021 Sauchez
3946 960 4026 1017 ri-

2499 1050 2748 1112 videtur
2777 1053 2946 1131 loqui
2990 1072 3002 1113 :
3037 1071 3111 1112 ea
3139 1053 3370 1133 quippe
3402 1053 3738 1114 declaratio
3768 1071 3900 1113 non
3930 1070 4032 1130 po-

2495 1147 2616 1204 test
2643 1145 2721 1204 ad
2752 1145 3116 1223 episcopum
3147 1146 3418 1221 devolvi,
3443 1165 3586 1206 cum
3618 1145 3747 1223 ipse
3778 1145 4022 1223 ignoret

2497 1236 2859 1314 creditoreS,
2902 1238 3010 1298 sed
3058 1243 3262 1317 potest
3307 1239 3442 1298 aliis
3490 1239 3694 1318 poenis
3749 1237 4026 1316 obligare

2496 1330 2727 1391 Titium
2758 1331 2838 1391 ad
2860 1331 3345 1403 declarandum;
3377 1332 3628 1392 interim
3642 1335 3859 1391 autem
3880 1347 4027 1390 sem·

2498 1441 2606 1500 per
2635 1423 2915 1484 manebit
2944 1423 3241 1502 obligatio
3288 1424 3572 1484 solvendi
3603 1424 3696 1499 iis,
3731 1441 3895 1502 quos
3925 1421 4027 1481 de·

2497 1514 2844 1575 claraverit.
2881 1518 2967 1576 De
3000 1516 3096 1576 his
3125 1521 3335 1577 autem
3365 1517 3657 1577 omnibus
3678 1516 3890 1576 videri
3925 1533 4027 1594 po-

2495 1612 2614 1669 test
2659 1608 2781 1668 late
2835 1609 3001 1669 idem
3032 1609 3314 1671 Sanchez
3345 1609 3494 1670 dub.
3530 1626 3609 1669 m.
3643 1626 3772 1669 1.111.
3811 1613 3878 1669 et
3906 1625 4020 1667 mv.

2575 1701 2885 1772 Quaeritur
2912 1703 3266 1778 undecimo,
3288 1721 3367 1762 an
3388 1703 3584 1781 possit
3602 1707 3869 1763 testator
3894 1719 4029 1779 pro-

2494 1793 2749 1870 hibere,
2804 1813 2880 1854 ne
2932 1796 3213 1856 executio
3245 1796 3616 1856 devolvatur
3662 1795 3740 1855 ad
3792 1795 4029 1872 episco-
4079 1832 4118 1872 τ
4175 1843 4196 1872 m

2492 1887 2682 1966 pum?
2711 1886 3176 1965 Respondetur,
3211 1888 3260 1947 si
3293 1887 3601 1966 disposuit
3626 1888 3704 1947 de
3733 1887 3894 1962 alio,
3930 1886 4026 1965 qui
4065 1898 4197 1980 ε
4175 1897 4197 1940 ⁸

2493 1998 2564 2041 eo
2595 1998 2743 2040 casu
2775 1985 2938 2041 esset
2966 1985 3294 2058 executor,
3347 1980 3424 2041 ad
3473 1980 3641 2040 hunc
3688 1985 3752 2040 et
3777 1999 3908 2040 non
3955 1978 4026 2038 ad
4064 1995 4118 2034 at
4175 1947 4197 2066 ἓ

2492 2073 2852 2152 episcopum
2883 2073 3129 2134 devolvi
3160 2074 3612 2150 executionem,
3637 2079 3705 2134 ιιι
3733 2092 3883 2134 cum
3904 2071 4030 2132 aliis
4087 2058 4119 2152 εξ
4175 2109 4197 2150 ¹..

2490 2165 2764 2226 latentur
2790 2166 3022 2227 Melina
3078 2166 3244 2229 dicta
3299 2167 3458 2246 disp.
3492 2170 3632 2228 251.
3672 2167 3727 2244 ἓ.
3774 2165 4028 2226 Dubium

2479 2268 2772 2339 pra-terea
2799 2268 2901 2336 est,
2938 2259 3168 2320 Sanch.
3205 2259 3355 2320 dub.
3389 2276 3485 2322 ιν.
3522 2279 3627 2320 ιιιι.
3652 2265 3711 2320 ’1.
3747 2266 3812 2320 et
3842 2261 4025 2337 Vasq.

2490 2351 2654 2412 dicto
2696 2353 2751 2431 ἓ.
2787 2369 2880 2412 ιιι.
2926 2352 3074 2412 dub.
3111 2368 3181 2413 11.
3237 2352 3403 2431 quod
3456 2353 3645 2413 etiam
3691 2352 4029 2412 dicendum

2491 2449 2603 2519 est,
2638 2444 2888 2523 quando
2919 2450 3180 2505 testator
3207 2445 3469 2506 liberam
3499 2446 3865 2506 facultatem
3894 2445 4030 2504 reli-

2488 2537 2622 2616 quit
2650 2538 2994 2617 exequendi
3042 2538 3322 2617 quolibet
3351 2543 3664 2616 tempore,
3700 2539 3799 2598 vel
3836 2557 4027 2618 quan·

2488 2630 2568 2690 do
2592 2630 2778 2710 jussit
2825 2636 2892 2691 ut
2932 2631 3140 2710 legata
3186 2650 3311 2692 non
3351 2632 3649 2692 mandata
3680 2630 4025 2691 executioni

2487 2723 2595 2784 tali
2627 2727 2906 2801 tempore
2936 2727 3382 2785 convertantur
3406 2724 3468 2783 in
3497 2724 3687 2785 talem
3718 2742 3904 2784 usum
3933 2723 4027 2783 de·

2488 2817 2911 2877 terminatum.
2957 2817 3024 2876 In
3066 2817 3202 2876 aliis
3233 2822 3442 2877 autem
3471 2817 3742 2892 casibus,
3777 2816 4026 2896 quando

2490 2913 2750 2969 testator
2777 2927 2900 2969 non
2934 2909 3227 2987 providit,
3262 2928 3384 2970 non
3417 2914 3624 2988 potest
3646 2908 3750 2988 jus
3778 2909 4026 2970 illudab

2491 3001 2782 3080 episcopo
2816 3002 3254 3080 auferri‚quod
3283 3002 3528 3081 legibus
3558 3002 3676 3080 ipsi
3705 3003 4022 3081 competit,

2490 3099 2560 3154 ut
2585 3095 2844 3155 tradunt
2871 3095 3154 3174 praedicti
3185 3100 3491 3156 auctores
3557 3095 3754 3156 Sicuti
3781 3113 3898 3155 nec
3927 3113 4026 3172 po-

2487 3192 2610 3249 test
2637 3187 2969 3267 prohibere
3001 3208 3077 3248 ne
3109 3188 3383 3249 rationes
3413 3187 3745 3267 exigantur
3783 3187 3863 3249 ab
3894 3206 4026 3249 exe-

2488 3281 2807 3341 cutoribus
2854 3281 2976 3342 ullo
3026 3301 3209 3354 casu;
3264 3282 3373 3341 sed
3419 3282 3523 3341 illa
3573 3281 3912 3359 prohibitio
3949 3280 4025 3341 ad

2488 3392 2804 3433 summum
2834 3373 3222 3452 operabitur,
3259 3380 3327 3436 ut
3354 3373 3616 3435 remissa
3649 3374 4027 3453 intelligatur

2490 3468 2852 3545 scrupulosa
2919 3466 3237 3547 inquisitio
3287 3467 3496 3547 quoad
3557 3467 3840 3546 culpam,
3909 3485 4023 3527 non

2490 3560 2695 3638 quoad
2726 3560 2938 3620 dolum
2965 3607 2979 3636 ,
3033 3565 3100 3621 ut
3129 3564 3305 3621 notat
3335 3560 3618 3622 Sancbez
3649 3561 3797 3621 dub.
3831 3577 3928 3621 ιν.
3962 3579 4018 3621 ιι.

2491 3656 2586 3713 13.
2639 3652 2941 3713 Videatur
2969 3653 3158 3715 etiam
3189 3653 3420 3714 Molina
3452 3654 3556 3715 ubi
3583 3672 3776 3732 supra
3815 3653 3872 3732 §.
3906 3652 4022 3714 Du-

2491 3744 2649 3805 bium
2677 3744 2880 3806 deinde
2907 3756 3010 3807 est.

2569 3838 2876 3911 Quaeritur
2905 3838 3315 3916 duodecime,
3374 3858 3450 3899 an
3481 3840 3622 3917 ille,
3674 3841 3777 3901 cui
3806 3840 4021 3902 electio

2489 3950 2835 4011 pauperum
2885 3933 3219 3993 commissa
3265 3938 3391 4010 est,
3444 3934 3673 4011 possit,
3725 3934 4021 3995 electione
4063 3978 4112 4019 Α

2490 4024 2751 4102 alicujus
2779 4025 2964 4101 facta,
2998 4024 3282 4102 variare,
3319 4033 3381 4086 et
3409 4026 3638 4104 eligere
3671 4026 3856 4087 alium
3886 4028 4019 4088 loco
4078 4032 4122 4122 ’ξ

2488 4117 2687 4177 illius?
2742 4120 2828 4177 De
2887 4118 3004 4178 hoc
3059 4117 3255 4178 videri
3312 4121 3519 4197 potest
3558 4119 3834 4181 Sanehez
3867 4120 4014 4180 dub.
4095 4148 4123 4188 μ

2488 4227 2650 4271 inv.
2686 4211 2793 4289 qui
2822 4229 2964 4269 cum
2996 4210 3275 4290 Angelo,
3323 4215 3385 4272 et
3413 4211 3548 4272 aliis
3586 4217 3823 4290 partem
3854 4213 4020 4272 affir-
4097 4254 4123 4282 f.

2487 4303 2785 4365 mativam
2816 4307 3004 4379 tenet,
3041 4308 3102 4364 et
3129 4304 3288 4365 ratio
3320 4322 3452 4363 esse
3476 4309 3698 4382 potest,
3714 4324 3856 4384 quia
3878 4324 4019 4365 cum

2489 4396 2606 4456 hac
2637 4395 2922 4456 libertate
2953 4396 3452 4458 etreservatione
3471 4404 3759 4459 censetur
3776 4398 4018 4458 electio-

2490 4507 2632 4549 nem
2663 4488 2913 4560 fecisse;
2967 4507 3161 4567 quare
3216 4489 3454 4549 nullum
3489 4488 3595 4569 jus
3624 4490 3865 4551 videtur
3905 4491 4015 4550 ad-

2489 4582 2612 4642 huc
2643 4581 2901 4660 pauperi
2933 4581 3331 4659 acquisitum.

4181 4196 4201 4223 n
4175 3976 4201 4119 ..E
4174 3850 4201 3904 Η
