4263 6376
1106 277 1577 340 DISPUTATIO
1621 277 1919 355 XXXVII,
1970 278 2244 359 SECTIO
2288 280 2448 342 XIV.

213 456 422 531 refert,
471 453 843 535 congregat.
898 453 1320 515 cardinalium
1350 474 1512 515 anno
1547 456 1720 516 1587.

215 550 504 625 statuisse,
539 551 610 609 ut
638 547 974 629 appellatio
992 548 1111 609 hoc
1140 548 1726 627 ordineinterpona-

215 637 314 705 tur
341 662 372 704 a
394 641 742 705 Guardiano
774 642 854 701 ad
883 642 1355 721 provincialem,
1408 662 1444 703 a
1471 643 1728 722 provin-

216 737 350 798 ciali
375 736 447 796 ad
475 734 832 815 generalem
856 781 872 812 ,
932 753 970 795 a
996 735 1272 814 generali
1318 737 1398 796 ad
1424 740 1729 814 protecto-

214 849 343 890 rem
363 876 378 906 ,
424 831 485 889 et
510 828 590 889 ab
621 827 740 889 hoc
769 827 849 888 ad
879 828 1292 890 cardinalium
1322 830 1629 908 Congreg.
1668 831 1731 889 et

214 923 396 999 addit,
425 922 585 982 hanc
614 920 1096 1001 appellationem
1124 922 1495 1001 permissam
1527 941 1661 984 esse
1693 942 1729 984 a

215 1017 377 1079 Sixto
404 1018 474 1079 V.
510 1033 674 1075 anno
710 1017 886 1077 1588.
939 1014 1005 1076 in
1051 1016 1303 1095 proprio
1352 1021 1525 1079 motu
1581 1016 1731 1078 inci-

216 1109 408 1189 piente
444 1129 456 1170 :
487 1106 596 1169 Ad
619 1108 944 1170 Romanum
969 1117 1190 1190 spectat
1215 1108 1561 1190 Pontificem
1581 1156 1597 1186 ,
1631 1108 1732 1170 cui

212 1205 503 1264 consonat
527 1205 733 1263 textus
764 1202 825 1262 in
849 1221 904 1264 c.
934 1201 1005 1264 de
1026 1202 1248 1284 priore,
1283 1202 1354 1264 de
1375 1204 1590 1286 appell.
1623 1203 1732 1264 ubi

215 1296 457 1377 quidam
487 1294 666 1358 Prior
692 1296 968 1374 graviter
1002 1296 1515 1375 reprehenditur,
1562 1297 1729 1376 quod

214 1389 685 1469 appellationem
740 1389 820 1449 ad
875 1389 1090 1450 sedem
1128 1389 1551 1467 Apostolicam
1606 1408 1731 1451 non

212 1483 471 1560 admisit,
504 1486 567 1544 et
597 1482 659 1541 in
690 1500 744 1543 c.
769 1480 951 1559 Licet,
974 1481 1045 1543 de
1071 1481 1269 1563 officio
1297 1481 1606 1560 ordinarii,
1624 1484 1735 1545 ubi

215 1576 485 1638 Pontifex
514 1575 621 1651 ait,
642 1575 931 1655 quamvis
961 1576 1024 1634 in
1052 1575 1439 1655 corrigendis
1471 1577 1732 1638 excessi-

209 1671 331 1732 bus
374 1669 448 1730 sit
486 1667 892 1749 appellationi
949 1668 1263 1748 refugium
1303 1669 1729 1748 interclusum,

211 1783 337 1825 non
365 1781 494 1824 esse
524 1780 652 1823 suae
686 1761 1047 1822 intentionis
1075 1762 1427 1823 remedium
1465 1765 1737 1842 appella·

211 1855 393 1917 tionis
419 1855 669 1916 omnino
702 1853 1055 1931 excludere,
1089 1860 1150 1915 et
1177 1855 1239 1915 in
1269 1873 1324 1917 c.
1358 1857 1555 1937 Super
1582 1877 1736 1938 quoe-

207 1950 487 2025 stionum,
522 1967 685 2010 verS.
720 1948 845 2010 Nos
874 1956 1063 2010 autem
1088 1994 1104 2025 ,
1160 1947 1230 2009 de
1270 1949 1432 2031 offic.
1468 1950 1734 2031 deleqati,

211 2043 322 2104 ubi
347 2042 589 2118 dicitur,
613 2041 731 2102 ηίεί
750 2039 985 2102 modum
1012 2040 1252 2103 eoecedat
1272 2089 1287 2119 ,
1319 2063 1433 2103 non
1470 2044 1603 2105 licet
1631 2064 1739 2126 ap-

202 2136 423 2220 pellare
444 2183 459 2213 ,
493 2155 684 2216 quare
716 2154 753 2196 a
783 2137 1093 2198 contrario
1127 2154 1314 2197 sensu
1342 2137 1735 2218 supponitur,

211 2229 379 2311 quod
404 2229 587 2290 liceat
616 2230 931 2310 appellare
965 2248 1001 2289 a
1029 2229 1416 2308 gravamine.

293 2326 550 2403 Propter
577 2322 713 2384 haec
739 2322 897 2384 varii
927 2326 1072 2384 sunt
1099 2322 1344 2384 dicendi
1374 2324 1545 2385 modi
1571 2345 1584 2386 :
1610 2324 1742 2406 qui-

140 2478 149 2489 ,
210 2418 359 2478 dam
385 2416 551 2477 enim
580 2415 795 2477 dicunt
811 2435 851 2477 a
870 2416 1253 2478 correctione
1275 2416 1517 2496 praelati
1545 2421 1744 2480 extra-

140 2532 148 2541 ·
205 2509 485 2593 judiciali
513 2527 636 2570 non
664 2508 851 2570 licere
879 2509 1219 2588 appellare,
1241 2528 1419 2571 secus
1439 2530 1477 2571 a
1500 2516 1744 2573 senten-

209 2605 301 2667 tia
330 2602 543 2664 ordine
566 2601 847 2682 judiciali
877 2602 1153 2682 prolata,
1187 2602 1275 2663 ita
1303 2603 1530 2683 aliqui,
1587 2623 1746 2684 quos

206 2699 402 2759 refert
429 2695 659 2758 Sancb.
695 2694 757 2756 d.
788 2695 898 2757 lib.
932 2697 1034 2757 v1.
1070 2712 1165 2756 ca.
1203 2711 1339 2757 vm.
1386 2715 1556 2758 num.
1604 2700 1739 2759 103.

208 2790 337 2854 Alii
377 2790 593 2852 dicunt
634 2807 888 2850 omnem
946 2806 1202 2867 prorsus
1262 2789 1745 2869 appellationem

207 2883 592 2964 prohibitam
625 2901 797 2960 esse,
858 2881 945 2943 ita
989 2882 1093 2943 alii
1141 2900 1297 2962 quos
1348 2884 1538 2945 refert
1579 2884 1746 2945 idem

208 2976 445 3040 Sancb.
478 2977 564 3037 ibi
590 2995 695 3037 nu.
730 2978 867 3039 109.
927 2974 1048 3036 ΑΙίἰ
1078 2975 1296 3038 dicunt
1317 3022 1332 3052 ,
1365 2975 1747 3054 prohibitam

208 3088 351 3132 esse
381 3070 582 3132 solum
612 3069 1096 3149 appellationem
1125 3067 1445 3148 injustam,
1506 3089 1630 3132 non
1660 3075 1751 3132 ta-

205 3183 363 3226 men
384 3162 619 3245 justam
650 3180 806 3243 quos
833 3161 1026 3224 refert
1055 3164 1235 3225 Suar.
1273 3164 1335 3226 d.
1363 3182 1416 3225 c.
1451 3180 1536 3226 x1.
1573 3182 1745 3227 num.

203 3263 269 3321 5.
330 3256 449 3318 Alii
481 3257 697 3317 dicunt
718 3303 734 3333 ,
768 3274 893 3317 non
924 3255 1239 3334 prohiberi
1269 3258 1752 3336 appellationem

205 3372 246 3412 a
277 3350 645 3429 gravamine
667 3350 932 3429 praelati,
954 3349 1063 3410 sed
1082 3368 1244 3428 eam,
1263 3370 1402 3430 quae
1434 3353 1501 3412 fit
1531 3370 1564 3411 a
1595 3370 1752 3430 prae-

202 3445 342 3506 lato
377 3463 502 3505 non
532 3446 834 3521 gravante
886 3461 900 3503 :
963 3447 1167 3520 potest
1208 3445 1373 3503 enim
1415 3444 1752 3525 aliquando

203 3556 364 3599 reus
393 3535 708 3615 appellare
739 3554 776 3595 a
797 3535 1011 3615 judice
1041 3555 1165 3598 non
1188 3535 1749 3616 injustegravante,

200 3630 330 3692 sed
390 3632 604 3690 utente
674 3646 921 3689 summo
970 3626 1130 3707 juris
1188 3628 1393 3707 rigore
1426 3675 1442 3706 ,
1504 3631 1754 3710 quando

201 3725 435 3804 sperat
480 3720 761 3801 judicem
833 3721 1219 3801 superiorem
1289 3722 1453 3783 intra
1499 3721 1755 3802 justitiae

197 3816 452 3878 limites
506 3832 761 3893 poenam
815 3814 1248 3892 mitigaturum
1269 3860 1284 3890 ,
1362 3816 1448 3876 ita
1502 3815 1546 3875 ii
1601 3835 1759 3896 quos

193 3910 496 3973 referunt
524 3907 805 3970 Sanchez
834 3907 940 3969 ubi
992 3926 1179 3987 supra
1209 3928 1270 3972 n.
1306 3912 1442 3970 101.
1481 3912 1544 3970 et
1573 3911 1754 3972 Suar.

200 4023 273 4064 n.
312 4005 379 4063 3.

291 4098 443 4176 Ipse
472 4112 620 4156 vero
654 4096 835 4157 Suar.
879 4092 1229 4172 concludit,
1291 4095 1597 4175 imprimis
1635 4116 1757 4159 non

200 4208 358 4251 esse
402 4187 789 4267 prohibitum
811 4187 1119 4267 religiosis
1136 4206 1462 4249 recursum
1495 4190 1574 4250 ad
1596 4188 1761 4269 judi-

198 4284 367 4345 dem
400 4280 775 4360 legitimum,
809 4281 1151 4343 dummodo
1192 4279 1402 4343 debito
1434 4283 1622 4344 modo
1652 4283 1764 4344 fiat

197 4381 273 4438 et
307 4393 446 4437 non
475 4392 587 4453 per
630 4373 973 4435 discessum
1003 4393 1041 4434 a
1069 4381 1379 4436 conventu
1408 4376 1541 4437 sine
1569 4376 1764 4437 licen-

192 4470 300 4532 tia
332 4467 583 4547 praelati
609 4513 624 4544 ,
673 4466 783 4528 sed
811 4486 925 4547 per
956 4467 1214 4539 litteraS,
1248 4467 1558 4530 discessus
1597 4469 1763 4530 enim

198 4582 285 4624 eo
317 4564 632 4641 praetextu
653 4559 1003 4640 prohibitus
1033 4565 1127 4623 est
1153 4561 1217 4620 in
1247 4562 1418 4623 Trid.
1440 4566 1591 4624 sect.
1617 4580 1759 4626 xxv.

196 4674 364 4735 cap.
401 4658 464 4715 4.
498 4653 567 4714 de
592 4652 956 4733 reqularibus
978 4698 994 4730 ,
1049 4653 1152 4734 qui
1201 4672 1489 4715 recursus
1519 4674 1642 4717 non
1674 4661 1768 4719 est

195 4747 485 4828 proprie
515 4746 848 4826 appellatio
874 4793 890 4824 ,
926 4765 1041 4808 nec
1068 4748 1395 4825 suspendit
1423 4753 1531 4811 aut
1559 4749 1766 4811 devol-

189 4841 304 4903 vit
327 4840 840 4921 jurisdictionem
860 4887 876 4918 ,
908 4840 1019 4901 sed
1046 4844 1253 4919 potest
1294 4840 1501 4902 adhuc
1547 4843 1769 4921 praela-

193 4940 321 4997 tus
354 4933 586 5013 exequi
617 4934 992 4995 sententiam
1016 4979 1032 5010 ,
1068 4933 1369 5013 quamdiu
1401 4953 1527 4996 uon
1554 4936 1771 5014 prohi-

186 5028 421 5089 betur
448 5044 488 5087 a
515 5025 857 5105 superiore.
902 5026 1098 5089 Addit
1126 5026 1375 5104 deinde,
1410 5029 1770 5107 appellatio·

188 5139 372 5183 nem
429 5120 753 5199 propriam
812 5138 1138 5198 nunquam
1191 5120 1378 5181 licere
1433 5121 1763 5200 religiosiS,

185 5213 337 5275 nisi
374 5214 462 5274 ob
494 5214 726 5274 claram
751 5217 813 5275 et
840 5218 1078 5275 certam
1107 5212 1475 5293 injustitiam
1503 5214 1766 5294 praelati;

184 5308 348 5367 imo
406 5326 585 5368 num.
639 5309 736 5368 12.
791 5306 1033 5367 addita
1075 5307 1463 5368 correctione
1495 5308 1770 5387 regulari

181 5399 693 5482 extrajudiciali
714 5417 1036 5479 nunquam
1065 5399 1770 5478 appellationemlicere,

562 5495 719 5555 Tou.
754 5494 886 5556 VII.

3242 288 3357 346 737

1826 454 2014 515 etiam
2062 456 2144 517 ob
2189 455 2423 518 claram
2454 457 2697 536 praelati
2725 457 3121 540 injustitiam.
3179 463 3360 523 Deni-

1827 567 1949 628 que
1978 567 2151 610 num.
2189 553 2284 611 17.
2319 550 2517 628 addit,
2573 551 2949 630 prohibitam
2978 573 3111 616 esse
3142 574 3365 634 quam-

1827 660 2095 722 cumque
2125 643 2611 722 appellationem
2643 646 2828 707 etiam
2860 648 2939 708 ob
2969 647 3361 728 injustitiam,

1828 736 1909 795 ad
1934 736 2150 796 sedem
2197 737 2618 815 Apostolicam
2644 784 2659 814 ,
2709 739 2809 800 vel
2856 741 3146 818 praelatos
3191 747 3367 805 extra

1829 828 2147 902 ordinem;
2214 829 2361 908 quia
2401 832 2687 892 Pontifex
2731 833 2956 895 merito
3012 836 3363 915 supposuit,

1829 941 1953 983 non
2002 941 2184 1001 posse
2230 923 2554 985 moraliter
2586 925 2949 1006 contingere
2975 973 2991 1005 ‚
3053 933 3122 991 ut
3150 948 3367 991 omnes

1827 1015 2066 1095 praelati
2095 1015 2441 1094 regulareS,
2468 1017 2656 1079 etiam
2677 1020 2974 1098 supremi,
3009 1021 3236 1101 injuste
3264 1042 3367 1084 ve-

1829 1109 1945 1170 lint
1970 1107 2292 1170 subditum
2319 1129 2609 1188 gravare,
2642 1112 2972 1193 majusque
3004 1116 3240 1177 malum
3270 1135 3369 1177 es-

1830 1222 1896 1264 se
1927 1202 2040 1263 has
2070 1202 2518 1281 appellationes
2545 1209 2718 1267 extra
2742 1207 3027 1267 ordinem
3049 1209 3370 1286 permitte-

1830 1314 1921 1372 re,
1948 1313 2137 1375 quam
2157 1295 2309 1355 illud
2333 1297 2789 1378 qualecumque
2811 1300 3179 1378 periculum,
3201 1303 3369 1382 quod

1831 1389 1893 1449 in
1914 1389 2122 1468 aliquo
2142 1407 2284 1450 raro
2305 1407 2455 1451 casu
2475 1390 2764 1453 subditus
2782 1398 2993 1455 careat
3008 1396 3369 1474 appellatio-

1833 1482 1928 1544 nis
1956 1482 2263 1544 remedio.

1913 1578 2060 1637 Haec
2091 1575 2297 1638 Suarii
2324 1577 2610 1638 doctrina
2640 1596 2763 1639 non
2784 1579 2939 1640 mihi
2960 1581 3211 1644 omnino
3242 1582 3368 1661 pla-

1835 1674 1934 1731 cet
1955 1716 1971 1747 ,
2017 1669 2166 1750 quia
2214 1668 2566 1732 differentia
2614 1671 2776 1732 inter
2829 1673 3219 1750 punitionem
3267 1674 3371 1755 ju-
3502 1720 3648 1763 verim„

1835 1763 2123 1824 dicialem
2154 1763 2251 1822 vel
2283 1761 2841 1842 extrajudicialem,
2876 1771 2937 1828 et
2967 1786 3181 1828 rursus
3211 1768 3373 1830 inter
3456 1775 3674 1819 sententia·

1836 1854 2322 1936 appellationem
2364 1856 2443 1916 ad
2489 1856 2818 1935 praelatum
2845 1859 3202 1938 regularem
3225 1908 3241 1939 ,
3275 1861 3373 1923 vel

1837 1954 2011 2011 extra
2040 1948 2327 2010 ordinem
2357 1966 2482 2008 non
2516 1949 2762 2011 videtur
2790 1951 3118 2015 sufficienti
3150 1954 3376 2015 funda-

1837 2046 2049 2103 mento
2080 2041 2375 2114 fundata3
2410 2059 2554 2102 cum
2583 2046 2787 2103 textus
2808 2063 2919 2122 pro
2941 2051 3208 2127 utraque
3238 2066 3375 2126 par-

1839 2141 1899 2198 te
1926 2134 2188 2197 adducti
2213 2133 2591 2213 generaliter
2636 2139 2698 2197 et
2727 2136 2859 2196 sine
2888 2137 2993 2198 illa
3025 2139 3379 2202 differentia

1837 2230 2200 2308 loquuntur.
2236 2228 2439 2301 Quare
2467 2228 2668 2308 magis
2684 2229 2965 2307 placetin
2992 2232 3377 2307 universum,

1842 2321 2013 2403 quod
2045 2320 2273 2383 Sancb.
2307 2320 2504 2401 praed.
2540 2320 2676 2383 loco
2709 2322 2894 2384 docet
2914 2369 2930 2401 ,
2986 2324 3049 2384 in
3081 2327 3249 2387 nullo
3281 2345 3379 2387 ca-

1843 2435 1939 2493 su,
1974 2419 2035 2476 et
2064 2414 2146 2474 ad
2176 2412 2416 2473 nullum
2462 2414 2850 2493 superiorem
2897 2417 3382 2497 appellationem

1845 2507 2166 2588 propriam
2194 2506 2417 2578 licere;
2453 2505 2515 2565 in
2531 2510 2796 2586 utroque
2819 2513 3029 2570 autem
3047 2529 3381 2589 poenarum

1844 2619 2073 2681 genere
2092 2646 2108 2677 ,
2160 2602 2221 2660 et
2248 2598 2331 2659 ad
2360 2599 2702 2676 quemlibet
2729 2600 3076 2678 legitimum
3107 2606 3381 2683 superio-

1846 2713 2001 2771 rem,
2034 2695 2280 2754 servato
2309 2695 2520 2752 tamen
2551 2693 2760 2754 debito
2792 2693 2954 2755 inter
2991 2714 3098 2757 eos
3138 2697 3378 2775 ordine,

1844 2788 2031 2848 licere
2059 2791 2209 2847 tunc
2236 2782 2439 2846 solum
2469 2786 2720 2864 quando
2743 2786 2929 2863 clare,
2958 2793 3019 2850 et
3039 2795 3204 2853 certo
3236 2810 3386 2853 con-

1846 2885 1970 2943 stat
2019 2879 2098 2940 de
2146 2878 2450 2956 injustitia
2509 2883 2571 2940 et
2634 2898 2891 2941 excessu
2939 2884 3341 2946 correctionis
3366 2904 3382 2958 ς

1851 2992 2044 3054 quare
2090 2971 2324 3033 debent
2372 2989 2577 3033 causae
2650 2973 2969 3052 injustitiae
3016 2976 3078 3035 in
3117 2977 3251 3057 ipsa
3281 2995 3386 3057 ap-

1850 3066 2185 3147 pellatione
2214 3064 2502 3144 exprimi,
2529 3065 2697 3127 bunc
2719 3067 2886 3127 enim
2902 3086 3118 3130 casum
3142 3089 3265 3130 non
3297 3071 3383 3130 vi·

1851 3160 2078 3223 dentur
2093 3157 2420 3239 privilegia
2436 3158 2540 3219 illa
2558 3160 2909 3223 excludere.
2932 3162 3136 3242 Atque
3158 3163 3244 3226 ita
3273 3164 3391 3225 ad-

1850 3254 2221 3317 mittendam
2260 3256 2409 3314 tunc
2436 3254 2921 3331 appellationem
2942 3255 3299 3320 decernitur
3326 3259 3390 3318 in

1852 3346 2568 3427 praefflctainstructione
2578 3346 2915 3426 judiciaria
2942 3354 3169 3412 nostra:
3200 3351 3392 3412 socie-

1850 3442 1996 3503 tatis
2026 3458 2151 3503 c.v.
2182 3439 2244 3500 in
2274 3440 2398 3499 fine
2418 3485 2434 3516 ,
2470 3439 2576 3500 ubi
2605 3439 2669 3500 in
2698 3442 2981 3521 margine
3011 3463 3120 3504 nu.
3153 3447 3251 3506 23.
3283 3445 3393 3505 be-

1856 3555 1932 3597 ne
1963 3532 2312 3595 advertitur
2335 3578 2350 3609 ,
2385 3531 2451 3592 id
2500 3531 2709 3594 locum
2738 3554 2862 3596 non
2890 3535 3123 3597 habere
3152 3536 3217 3597 in
3247 3556 3397 3598 cau-

1857 3629 1939 3689 sis
1966 3626 2285 3701 civilibus,
2347 3644 2406 3686 v.
2440 3644 2535 3704 gr.
2590 3643 2668 3685 an
2713 3628 2883 3688 bona
2929 3629 3285 3707 pertineant
3312 3630 3393 3690 ad

1858 3718 2250 3783 hocvelillud
2272 3717 2640 3795 collegium;
2673 3724 2823 3780 tunc
2853 3721 3022 3782 enim
3053 3722 3391 3801 appellatio

1860 3834 1984 3875 non
2004 3816 2098 3873 est
2124 3809 2429 3889 religiosis
2460 3810 2795 3888 prohibita.
2857 3814 3009 3874 Item
3042 3834 3103 3875 n.
3135 3819 3235 3880 25.
3269 3834 3395 3877 non

1859 3908 2089 3968 debere
2109 3920 2390 3984 unquam
2406 3904 2624 3981 negari
2653 3923 2978 3967 recursum
3006 3926 3119 3986 per
3137 3909 3395 3970 modum

1861 3999 2130 4081 querelae
2159 4015 2274 4076 per
2301 3997 2541 4057 litteras
2562 4042 2578 4073 ,
2631 4001 2692 4058 et
2720 3997 2993 4078 denique
3018 4000 3078 4060 in
3110 4002 3395 4080 margine

1859 4093 2085 4154 dicitur
2110 4137 2126 4168 ,
2162 4090 2331 4169 quod
2363 4089 2599 4150 dictum
2630 4094 2725 4152 est
2752 4091 2829 4151 de
2860 4093 3276 4171 appellatione
3305 4094 3397 4155 lo·-

1861 4206 2005 4249 cum
2035 4184 2268 4246 habere
2298 4182 2374 4243 de
2410 4183 2836 4260 recusatione,
2886 4189 2953 4246 ut
2980 4186 3293 4267 colligitur
3322 4208 3399 4249 ex

1862 4300 1917 4342 c.
1953 4280 2151 4359 Super
2175 4295 2260 4353 ee,
2294 4293 2405 4338 xn.
2438 4275 2508 4337 de
2535 4277 2748 4358 appell.
2781 4277 2886 4339 ubi
2921 4279 3150 4342 dicitur
3176 4327 3192 4358 ,
3227 4281 3397 4362 quod
3545 4310 3660 4370 175

1863 4372 1968 4433 ubi
1998 4370 2335 4450 appellatio
2364 4370 2792 4447 interdicitur,
2839 4371 3007 4432 idem
3043 4373 3121 4433 de
3149 4392 3399 4435 recusa·
3479 4434 3515 4477 A
3640 4433 3672 4476 fi

1864 4468 2030 4529 tione
2060 4463 2536 4543 intelligendum
2565 4468 2659 4526 est
2707 4485 2721 4526 ε
2771 4484 2965 4544 quare
2994 4467 3215 4528 merito
3247 4469 3398 4529 San·
3445 4446 3743 4544 ,affinga

1865 4561 2016 4623 chez
2045 4559 2159 4621 ubi
2181 4579 2319 4638 sup.
2370 4577 2542 4620 num.
2580 4562 2715 4620 111.
2752 4559 2916 4619 idem
2939 4606 2954 4636 ,
3006 4563 3068 4621 et
3109 4579 3252 4620 cum
3282 4561 3402 4623 eis-
3486 4540 3713 4597 ‘'dmm’‘

1867 4655 2012 4716 dem
2057 4652 2532 4714 limitationibus
2581 4651 2658 4712 de
2713 4652 3105 4713 recusatione
3160 4655 3401 4733 praelati

1867 4747 2172 4827 regularis
2205 4746 2408 4822 docet,
2440 4745 2607 4825 quod
2630 4745 2801 4823 prius
2829 4745 3071 4808 dixerat
3097 4748 3174 4808 de
3196 4749 3407 4827 appel-

1866 4841 2098 4904 latione
2148 4839 2230 4900 ab
2278 4838 2413 4918 ejus
2450 4839 2875 4917 correctione,
2926 4840 3027 4900 vel
3072 4842 3401 4919 sententia,

1869 4952 2093 5012 nempe
2123 4950 2250 4993 non
2276 4932 2489 5009 licere,
2524 4932 2641 4993 nisi
2673 4933 2924 5012 quando
2954 4934 3284 4997 manifesta
3314 4940 3409 4997 est

1870 5045 2059 5089 causa
2087 5025 2455 5105 suspicionis
2476 5025 2553 5086 de
2584 5025 2886 5105 injustitia
2902 5027 3141 5105 praelati
3170 5029 3404 5090 futura:

1872 5120 2041 5202 quod
2069 5119 2238 5180 idem
2267 5118 2597 5180 confirmat
2621 5118 2730 5180 lib.
2766 5121 2869 5183 VI.
2907 5119 3126 5182 Consil.
3173 5139 3229 5183 c.
3264 5138 3405 5184 vm.

1873 5214 2022 5276 dub.
2056 5230 2153 5274 111.
2188 5231 2360 5274 num.
2396 5213 2493 5274 17.
2530 5216 2593 5274 et
2617 5211 2846 5291 probat
2874 5232 2950 5274 ex
2977 5214 3187 5293 glossa
3214 5215 3276 5276 in
3307 5233 3403 5279 ca.

1874 5307 1945 5368 In
1970 5306 2249 5387 sinqulis,
2306 5306 2377 5367 de
2401 5314 2559 5367 statu
2604 5306 3016 5369 monachorum
3040 5355 3054 5380 ,
3117 5308 3407 5387 docente,

1876 5400 2043 5482 quod
2077 5404 2348 5481 quatuor
2378 5400 2653 5480 religiosi
2701 5401 2765 5461 in
2818 5401 3091 5482 capitulo
3121 5401 3412 5463 triennali

3012 5500 3087 5557 47

3520 1593 3634 1654 175
