4263 6376
685 4070 800 4131 ⁴36

952 273 1032 332 98
1957 292 1984 308 ⁶
2108 268 2210 329 DE
2250 267 2602 332 JUS'rmA
2646 267 2748 332 m*
2786 269 2986 333 Jtmss

951 444 1119 505 dicto
1147 444 1296 505 dub.
1327 460 1533 505 xxxlx.
1570 460 1742 504 num.
1770 447 1829 504 3.
1865 443 2034 524 quod
2061 443 2209 506 licet
2236 443 2351 505 dos
2378 444 2487 503 ha-

951 537 1172 597 beatur
1197 556 1272 597 ex
1288 540 1611 597 contractu
1629 553 1892 597 oneroso
1913 556 1929 609 ;
1965 554 2254 596 excessus
2275 542 2484 597 tamen

950 628 1112 690 dotis
1140 647 1264 690 non
1293 628 1560 690 habetur
1593 646 1669 688 ex
1699 631 2023 689 contractu
2053 645 2341 704 onerose,
2374 627 2486 688 sed

948 722 1273 798 lucrativo,
1307 724 1371 782 et
1396 720 1518 781 hoc
1545 720 1884 800 respondet
1923 720 2003 780 ad
2033 721 2074 781 l.
2110 720 2221 781 ult.
2254 721 2310 799 ἓ.
2344 719 2422 780 Si
2448 740 2485 780 α

945 833 1162 891 secere,
1196 815 1259 874 ff.
1293 832 1424 893 quoe
1452 813 1512 872 in
1539 811 1808 893 fraudem
1834 811 2186 873 creditorum
2204 859 2220 890 ‚
2264 813 2329 873 in
2359 831 2486 892 qua

947 907 1288 968 creditores
1343 924 1468 965 non
1516 910 1778 983 possunt
1818 909 2099 983 repetere
2130 906 2342 966 dotem
2371 903 2485 964 da-

945 1005 1073 1061 tam
1102 998 1245 1059 filiae
1273 997 1337 1057 in
1368 1016 1585 1058 eorum
1602 997 1909 1073 fraudem,
1933 1001 2136 1058 stante
2164 995 2481 1058 matrimo-

946 1091 1072 1167 nio,
1106 1089 1254 1169 quia
1282 1088 1368 1149 ibi
1397 1089 1701 1168 agebatur
1722 1088 1799 1148 de
1826 1089 2010 1152 dote:
2043 1089 2106 1148 in
2135 1093 2347 1149 nostro
2373 1107 2480 1148 au-

941 1188 1070 1244 tem
1099 1201 1247 1243 casu
1276 1200 1401 1242 non
1427 1182 1635 1259 agitur
1662 1180 1739 1240 de
1771 1180 1936 1256 dote,
1971 1181 2081 1241 sed
2112 1181 2192 1240 de
2221 1199 2478 1242 excessu

944 1274 1124 1337 dotis.
1149 1274 1271 1336 Sed
1295 1273 1428 1334 haec
1450 1273 1764 1334 distinctio
1783 1272 2015 1333 inutilis
2037 1272 2305 1349 videtur,
2332 1272 2479 1351 quia

943 1367 1228 1447 quamvis
1256 1366 1368 1426 dos
1397 1366 1584 1427 fuerit
1614 1366 1933 1426 excessiva
1959 1365 2024 1424 in
2053 1365 2272 1426 ordine
2301 1365 2383 1425 ad
2411 1365 2475 1425 id

941 1460 1107 1539 quod
1140 1464 1319 1539 pater
1347 1462 1594 1537 poterat
1621 1457 1794 1534 dare,
1831 1477 1954 1519 non
1982 1463 2196 1518 tamen
2222 1458 2339 1520 fuit
2365 1476 2477 1518 ex—

939 1552 1178 1613 cessiva
1218 1551 1281 1611 in
1329 1551 1548 1612 ordine
1591 1550 1668 1611 ad
1699 1554 2118 1623 contractum3
2180 1551 2327 1630 quia
2355 1570 2470 1611 nu·
2514 1609 2526 1620 ,

937 1645 1083 1723 ptiae
1129 1662 1270 1704 cum
1317 1644 1425 1704 tali
1473 1644 1698 1705 marito
1747 1647 2038 1723 poterant
2087 1644 2295 1722 dignae
2337 1663 2472 1705 esse

936 1742 1112 1799 tanta
1142 1742 1207 1797 et
1232 1737 1497 1797 fortasse
1527 1735 1750 1814 majori
1779 1737 1924 1797 dote
1947 1782 1963 1813 ,
1997 1755 2192 1816 quare
2222 1736 2380 1797 sicut
2408 1736 2469 1797 in

936 1829 1248 1907 emptione
1273 1875 1288 1904 ,
1336 1828 1384 1887 si
1434 1832 1613 1906 pater
1652 1828 1926 1889 dedisset
1968 1848 2079 1907 pro
2108 1828 2301 1889 fundo
2330 1830 2470 1908 plus

936 1940 1124 2001 quam
1155 1925 1401 2001 poterat
1430 1922 1580 1980 dare
1607 1966 1621 1996 ,
1675 1920 1785 1980 sed
1826 1939 1947 1981 non
1978 1922 2117 2000 plus
2147 1940 2334 2001 quam
2364 1941 2468 1982 va-

933 2014 1104 2076 lebat
1129 2014 1378 2086 funduS,
1413 2032 1537 2074 non
1568 2013 1967 2074 revocabitur
1994 2032 2316 2091 excessuS,
2353 2032 2467 2075 nec

932 2107 1250 2166 auferetur
1279 2124 1315 2165 a
1343 2105 1688 2181 venditore,
1715 2110 1778 2165 et
1807 2103 1973 2165 idem
2002 2111 2096 2167 est
2122 2106 2202 2166 de
2230 2107 2466 2168 famulo

933 2198 1030 2259 cui
1059 2203 1236 2276 pater
1265 2199 1458 2274 dedit,
1496 2202 1562 2258 ut
1590 2197 1916 2258 inserviret
1944 2197 2111 2273 filiae,
2131 2199 2465 2278 plusquam

930 2289 1061 2369 ipse
1091 2290 1242 2350 dare
1271 2295 1536 2368 poterat,
1573 2289 1681 2348 sed
1712 2306 1835 2348 non
1865 2289 2194 2369 plusquam
2218 2291 2467 2353 valebat

930 2382 1299 2461 obsequium
1329 2381 1575 2457 famuli,
1610 2385 1674 2442 et
1699 2381 1838 2441 ideo
1867 2400 1904 2440 a
1933 2381 2165 2442 famulo
2196 2401 2318 2443 non
2348 2402 2463 2462 po-

928 2475 1074 2535 terit
1086 2478 1303 2553 postea
1321 2473 1515 2551 repeti
1544 2492 1854 2547 excessus,
1882 2492 1997 2534 nec
2018 2474 2169 2534 illud
2193 2475 2464 2554 pretium

927 2566 1171 2628 dicetur
1199 2566 1588 2626 excessivum
1617 2566 1700 2626 ad
1728 2566 1895 2626 hunc
1923 2566 2112 2626 finem
2149 2587 2163 2628 :
2207 2567 2292 2628 ita
2319 2568 2465 2630 licet

927 2659 1042 2720 dos
1070 2659 1258 2719 fuerit
1284 2658 1603 2719 excessivo.
1631 2658 1693 2717 in
1724 2658 1944 2718 ordine
1976 2658 2056 2718 ad
2085 2663 2460 2738 potestatem

925 2750 1121 2830 patris
1142 2797 1158 2828 ,
1210 2768 1335 2810 non
1364 2750 1482 2810 erit
1509 2749 1826 2810 excessiva
1868 2750 1931 2809 in
1959 2750 2178 2812 ordine
2209 2752 2286 2812 ad
2313 2771 2463 2813 con-

924 2848 1193 2905 tractum
1212 2889 1228 2920 ,
1276 2860 1391 2903 nec
1419 2841 1603 2902 faciet
1630 2846 2016 2904 contractum
2046 2844 2255 2922 quoad
2286 2844 2460 2905 illum

925 2953 1243 2996 excessum
1275 2933 1648 2996 lucrativum
1670 2980 1688 3010 ,
1739 2952 1882 2994 cum
1913 2935 2175 2996 maritus
2203 2954 2327 2996 non
2357 2955 2462 2996 ac-

924 3029 1161 3106 ceperit
1187 3028 1363 3089 illum
1411 3045 1734 3088 excessum
1762 3027 1956 3105 gratis
1979 3072 1995 3103 ,
2055 3027 2169 3088 sed
2206 3046 2318 3106 pro
2344 3046 2461 3088 nu-

924 3121 1089 3200 ptiis,
1112 3139 1250 3201 quae
1281 3124 1474 3205 totam
1506 3119 1675 3180 illam
1705 3118 1916 3180 dotem
1946 3123 2009 3180 et
2035 3118 2297 3182 fortasse
2326 3139 2461 3180 ma-

916 3213 1122 3294 j0rem
1151 3213 1505 3297 exigebant.
1540 3212 1814 3274 Adverte
1844 3218 2078 3290 tamen,
2111 3213 2230 3275 hoc
2250 3231 2462 3292 proce-

923 3307 1094 3383 dere,
1128 3312 1197 3368 ut
1223 3305 1350 3366 dixi
1378 3305 1455 3365 de
1478 3307 1621 3384 jure
1652 3306 1989 3380 communi,
2014 3311 2078 3367 et
2105 3324 2227 3366 non
2257 3310 2458 3367 stante

922 3401 1060 3478 lege
1088 3398 1411 3479 peculiari,
1435 3416 1560 3478 qua
1589 3397 1701 3458 dos
1721 3398 2037 3458 excessiva
2063 3398 2124 3458 in
2159 3397 2460 3458 damnum

921 3492 1192 3552 filiorum
1219 3491 1641 3569 legitimorum
1668 3490 1836 3566 data,
1871 3490 2459 3570 quomodocumque

925 3583 1127 3660 detur,
1160 3582 1501 3662 repetenda
1532 3582 1611 3643 sit
1638 3582 1824 3642 etiam
1856 3587 2297 3660 perseverante
2327 3601 2462 3642 ma-

923 3676 1236 3752 trimonio,
1277 3674 1493 3755 quales
1519 3675 1690 3752 leges
1720 3692 1854 3733 esse
1883 3674 1947 3733 in
1968 3674 2288 3753 Hispania,
2322 3692 2461 3752 pro·

925 3769 1036 3830 bat
1064 3767 1345 3830 Sanchez
1375 3767 1513 3827 loco
1545 3766 1771 3841 citat0,
1819 3784 1959 3844 quae
2006 3770 2102 3826 est
2144 3766 2243 3826 lex
2290 3783 2455 3827 xxix.

932 3861 1135 3937 Tauri,
1165 3880 1275 3921 seu
1303 3860 1402 3920 lex
1428 3860 1532 3920 111.
1567 3858 1659 3920 tit.
1697 3873 1833 3919 vm.
1862 3858 1971 3919 lib.
1995 3876 2054 3920 v.
2092 3877 2271 3920 novae
2292 3878 2462 3921 reco-

926 3953 1261 4034 pilationiS.

1009 4045 1341 4107 Dubitatur
1363 4044 1652 4123 septimo,
1678 4061 1758 4102 an
1780 4060 1903 4103 non
1932 4042 2100 4104 solus
2119 4047 2319 4122 pater,
2352 4045 2462 4105 sed

931 4139 1118 4199 etiam
1150 4137 1254 4198 alii
1281 4137 1692 4197 ascendentes
1720 4134 1994 4197 debeant
2021 4135 2173 4195 dare
2204 4137 2464 4197 alimen-

928 4235 992 4291 ta
1012 4229 1260 4309 spurio?
1273 4228 1662 4308 Responde0‚
1683 4227 1985 4306 quidquid
2008 4228 2088 4289 sit
2105 4228 2336 4307 dejure
2355 4249 2460 4291 an-

927 4324 1124 4402 tiqu0,
1158 4340 1281 4401 quo
1310 4322 1471 4383 sicut
1497 4325 1674 4400 pater
1695 4338 1820 4381 non
1849 4324 2093 4398 poterat
2119 4322 2286 4382 alere
2316 4342 2464 4402 spu-

930 4417 1089 4494 rioS,
1144 4416 1232 4478 ita
1259 4433 1374 4476 nec
1403 4413 1809 4475 ascendentes
1837 4413 2077 4491 paterni
2139 4434 2152 4474 :
2219 4413 2296 4474 de
2319 4414 2463 4494 jure

928 4514 1138 4570 tamen
1167 4508 1468 4569 canonico
1497 4506 1728 4585 ubique
1769 4509 2019 4583 recepto
2043 4552 2058 4581 ,
2112 4505 2274 4566 sicut
2299 4511 2462 4568 uter-

930 4620 1050 4681 que
1079 4619 1304 4681 parens
1332 4604 1580 4661 tenetur
1622 4598 1790 4660 alere
1832 4615 1977 4673 eos,
2029 4598 2115 4658 ita
2162 4604 2463 4678 utrosque

929 4693 1338 4754 ascendentes
1364 4692 1429 4752 in
1459 4691 1770 4752 defectum
1801 4694 2129 4767 parentum
2168 4684 2248 4751 ad
2277 4691 2341 4751 id
2371 4699 2463 4753 te-

931 4787 1086 4861 neri,
1121 4789 1191 4845 ut
1216 4802 1359 4846 cum
1378 4782 1514 4844 aliis
1534 4782 1762 4843 docent
1787 4781 2020 4842 Molina
2039 4781 2460 4861 disputatione

929 4878 1034 4939 illa
1065 4892 1313 4939 evam.
1344 4876 1401 4954 ἓ.
1436 4874 1572 4936 Νοη
1597 4873 1782 4934 solum
1800 4882 2097 4954 parenteS,
2133 4877 2196 4935 et
2223 4876 2455 4954 Vasqu.

929 4971 1080 5032 dub.
1106 4987 1234 5031 xvi.
1269 4972 1486 5030 n.157.
1523 4967 1697 5029 Sicut
1714 4970 1925 5026 autem
1942 4965 2350 5027 ascendentes
2378 4966 2460 5027 ad

928 5064 1047 5126 hoc
1073 5067 1386 5137 tenentur,
1409 5061 1496 5122 ita
1514 5080 1547 5120 e
1568 5064 1786 5120 contra
1803 5059 1998 5137 spurii
2017 5064 2307 5121 tenentur
2336 5076 2459 5119 non

929 5158 1132 5219 solum
1160 5160 1450 5234 parentes
1480 5152 1667 5226 alere,
1700 5150 1810 5209 sed
1841 5150 2030 5210 etiam
2059 5150 2214 5211 alios
2243 5169 2461 5211 ascen-

938 5250 1190 5323 denteS,
1227 5244 1478 5326 quando
1507 5244 1547 5303 ii
1580 5242 1901 5320 indigent,
1953 5247 2017 5303 et
2045 5261 2168 5303 non
2199 5247 2459 5321 possunt

930 5342 1044 5405 sibi
1075 5339 1439 5421 providere,
1492 5340 1561 5398 ut
1606 5335 1789 5396 docet
1815 5335 2046 5396 Molina
2081 5334 2168 5396 ibi
2192 5335 2250 5414 ἓ.
2286 5333 2459 5396 Sicut

925 5443 1214 5517 parentes.

3006 789 3425 876 sBcTw
3509 793 3681 878 vm.

2741 1089 2832 1152 De
2862 1091 2953 1168 iis,
2985 1111 3118 1173 quoe
3146 1094 3304 1156 circa
3331 1094 3584 1159 hoeredes
3611 1109 3942 1163 occurrunt.

2653 1358 2718 1417 In
2751 1361 3135 1422 testamentis
3154 1361 3316 1423 ultra
3334 1381 3667 1442 personam
3686 1366 3996 1428 testatoris
4013 1366 4099 1427 in·
4208 1381 4220 1437 1

2572 1451 2928 1513 terveniunt
2956 1450 3236 1514 haeredes
3265 1459 3328 1516 et
3366 1455 3671 1534 legatarii.
3733 1461 3820 1519 De
3846 1462 4097 1523 testato-
4141 1504 4219 1546 ω

2571 1543 2745 1603 ribus
2766 1542 2899 1623 jam
2930 1545 3233 1608 diximus:
3260 1546 3339 1607 de
3368 1547 3722 1611 haeredibus
3751 1553 3962 1629 etiam,
3995 1553 4094 1632 qui
4140 1558 4218 1600 δι’·

2569 1636 2809 1714 possint
2836 1636 3118 1698 haeredes
3147 1638 3406 1716 institui,
3441 1660 3606 1702 nunc
3633 1643 3877 1722 reliqua
3901 1690 3917 1720 ,
3959 1663 4095 1724 quae

2570 1726 2652 1786 ad
2682 1726 2964 1789 haeredes
2992 1730 3327 1809 pertinent,
3351 1731 3625 1794 breviter
3639 1753 4091 1815 percurremus,

2570 1824 2639 1880 ut
2666 1824 2884 1897 postea
2912 1821 2990 1882 de
3018 1823 3337 1901 legatariis
3367 1843 3648 1903 agamus.
3702 1829 3839 1888 Non
3868 1833 3963 1890 est
3988 1849 4097 1890 au·

2567 1917 2694 1973 tem
2740 1913 2985 1975 animus
3031 1934 3248 1977 omnes
3287 1918 3666 1996 quaestiones
3706 1938 4090 1999 percurrere,

2567 2023 2725 2084 quas
2770 2006 2939 2066 circa
2981 2006 3302 2068 haeredum
3356 2009 3810 2073 institutionem
3859 2013 4095 2093 juristae

2566 2102 2878 2162 tractant:
2912 2105 3059 2161 sunt
3088 2101 3258 2161 enim
3304 2100 3686 2181 innumerae,
3746 2110 3809 2168 et
3848 2107 4094 2169 illorum

2564 2192 2833 2270 propriae
2853 2238 2870 2268 ,
2915 2193 3025 2253 sed
3053 2194 3255 2254 solum
3285 2213 3360 2255 ea
3390 2195 3661 2257 insinare
3691 2216 3830 2277 quae
3858 2199 4098 2261 theolo-

2564 2301 2714 2360 gum
2743 2284 2900 2343 scire
2930 2285 3218 2362 expedit,
3260 2290 3330 2347 ιιι
3368 2287 3645 2367 aliquam
3675 2291 3960 2353 notitiam
3989 2309 4095 2371 ge-

2564 2376 2839 2435 neralem
2868 2376 3100 2439 babeat
3142 2378 3224 2438 ad
3254 2397 3435 2440 casus
3462 2398 3575 2458 pro
3617 2381 4097 2445 foro'conscien-

2561 2467 2664 2528 tiae
2694 2473 3091 2531 occurrentes
3111 2469 3491 2533 decidendos
3517 2492 3531 2534 ε
3557 2474 3800 2554 reliqua
3819 2477 3988 2537 enim
4015 2477 4095 2538 ad

2558 2561 2718 2638 lites,
2746 2567 2807 2623 et
2825 2561 3028 2622 forum
3045 2567 3369 2624 externum
3386 2566 3720 2645 pertinent,
3741 2569 4094 2649 etlongissi-

2558 2672 2695 2714 mos
2722 2659 3025 2715 tractatus
3056 2663 3422 2733 exposcunt.
3538 2707 3545 2712 .

2641 2746 2935 2807 Haeredes
2983 2747 3087 2807 alii
3134 2752 3280 2809 sunt
3310 2768 3382 2810 ex
3410 2755 3821 2829 testamento,
3879 2753 3989 2815 alii
4013 2756 4093 2816 ab

2559 2838 2874 2900 intestatO.
2927 2840 3224 2900 Haeredes
3267 2842 3330 2901 in
3360 2847 3732 2906 testamento
3763 2845 3922 2907 adeo
3951 2851 4095 2909 sunt

2561 2930 2893 2990 necessarii
2910 2930 2986 2991 de
3004 2932 3148 3011 jure
3177 2936 3513 3013 communi,
3535 2942 3603 2998 ut
3622 2941 4088 3017 testamentum,

2559 3022 2621 3082 in
2650 3039 2773 3102 quo
2802 3023 3007 3084 nullus
3034 3023 3234 3086 haeres
3263 3026 3626 3105 instituitur,
3660 3030 3938 3092 validum
3967 3051 4091 3094 non

2559 3114 2658 3191 sit,
2693 3114 2805 3175 nisi
2837 3115 3046 3178 fiatad
3076 3135 3295 3180 causas
3335 3119 3490 3198 pias,
3524 3125 3595 3181 ut
3611 3122 3838 3200 probat
3861 3125 4094 3187 Molina

2558 3208 2718 3286 disp.
2754 3225 3002 3270 cxtvnt.
3051 3210 3112 3270 in
3142 3212 3405 3291 princip.
3457 3215 3751 3276 Haeredes
3796 3236 3871 3278 ex
3906 3223 4092 3280 testa·

2558 3307 2769 3362 mento
2798 3302 2903 3362 alii
2933 3308 3080 3365 sunt
3106 3304 3513 3382 universaleS,
3547 3308 3655 3386 qui
3682 3310 3960 3371 totaliter
3990 3311 4092 3372 de·

2558 3393 2754 3455 functi
2799 3413 3132 3474 personam
3182 3404 3631 3477 repraesentant
3675 3401 3881 3480 quoad
3916 3402 4088 3482 jura,

2561 3491 2624 3547 et
2651 3487 2857 3565 quoad
2887 3487 3099 3550 debita
3126 3510 3139 3551 ε
3174 3491 3280 3551 alii
3308 3497 3454 3553 sunt
3475 3493 3754 3555 hoeredes
3783 3513 3857 3555 ex
3884 3502 4088 3574 parte,

2560 3580 2812 3658 quando
2830 3599 2952 3642 non
2972 3582 3032 3641 in
3047 3586 3268 3660 totum,
3284 3584 3393 3644 sed
3409 3585 3468 3644 in
3489 3590 3667 3665 parte
3683 3586 4094 3651 instituuntur

2562 3676 2624 3732 et
2652 3678 2798 3734 tunc
2827 3691 2949 3733 non
2978 3673 3038 3734 in
3070 3680 3293 3752 totum,
3341 3676 3453 3737 sed
3483 3678 3692 3756 quoad
3720 3686 3969 3759 partem
3997 3701 4093 3742 re-

2560 3771 2943 3844 praesentant
2971 3766 3355 3830 defunctum.
3410 3772 3620 3831 Potest
3645 3778 3856 3833 autem
3883 3773 4094 3852 dupli-

2561 3857 2717 3919 citer
2768 3857 2966 3919 baeres
3013 3860 3224 3938 quoad
3268 3865 3511 3939 partem
3556 3862 3817 3926 institui.
3880 3867 4092 3929 Primo

2563 3949 2771 4028 quoad
2823 3956 3079 4030 quotam
3136 3952 3536 4030 haereditatiS,
3587 3958 3656 4016 ut
3707 3974 3821 4034 pro
3876 3960 4088 4036 tertia,

2560 4042 2658 4102 vel
2715 4048 2938 4121 quarta
2989 4048 3167 4123 parte
3216 4045 3617 4109 haereditatis.
3679 4049 3971 4112 Secundo
4028 4052 4093 4113 in

2565 4152 2630 4193 re
2685 4139 2859 4196 certa
2877 4181 2894 4211 ,
2953 4141 3024 4197 ut
3075 4136 3127 4197 si
3182 4136 3542 4201 instituatur
3600 4139 3802 4204 haeres
3848 4143 3910 4203 in
3953 4163 4093 4223 gre-

2559 4226 2764 4305 gibus,
2799 4228 2861 4288 in
2889 4228 3106 4306 fundo,
3140 4229 3202 4290 in
3232 4230 3520 4293 censibus
3542 4278 3559 4310 ,
3608 4238 3728 4296 etc.
3789 4235 3855 4298 si
3882 4238 4091 4316 primo

2561 4320 2748 4380 modo
2778 4320 3156 4399 instituatur,
3190 4327 3285 4383 est
3311 4325 3561 4403 proprie
3590 4325 3826 4404 haereS,
3858 4328 3900 4392 l.
3936 4330 4094 4405 Quo-

2561 4411 2687 4488 ties,
2720 4414 2786 4474 C.
2819 4411 2890 4472 de
2914 4411 3187 4476 koeredt'b.
3223 4415 3406 4478 instit.
3450 4421 3512 4478 et
3540 4418 3793 4497 quidem
3818 4466 3835 4496 ,
3868 4421 3922 4481 si
3950 4423 4093 4500 plu-

2561 4522 2659 4564 res
2688 4503 3109 4582 instituantur,
3149 4523 3273 4567 non
3306 4507 3631 4587 desig-nata
3657 4510 3918 4591 singulis
3944 4533 4095 4594 par-

2560 4599 2642 4671 te,
2677 4601 3010 4658 censentur
3057 4598 3252 4677 oequis
3281 4600 3668 4677 portionibus
3696 4622 3913 4666 omnes
3941 4625 4091 4670 suc-

2560 4688 2781 4748 cedere
2805 4734 2821 4764 ,
2871 4688 2987 4748 nisi
3016 4689 3172 4751 forte
3202 4710 3397 4753 unum
3424 4692 3706 4758 instituat
3733 4715 3846 4775 per
3871 4717 3939 4759 se
3958 4745 3977 4778 ,
4031 4705 4096 4763 et

2558 4779 2712 4840 alios
2757 4798 2870 4860 per
2903 4781 3162 4842 modum
3192 4783 3576 4848 collectionis
3626 4808 3640 4849 :
3692 4795 3764 4851 ut
3802 4790 3853 4850 si
3893 4791 4089 4870 dicat,

2554 4871 2804 4932 Instituo
2841 4873 3072 4948 Titium,
3105 4884 3161 4936 et
3175 4875 3332 4956 filios
3349 4876 3725 4960 Semprom'i‚·
3741 4886 3892 4945 tunc
3919 4885 4092 4947 enim

2557 4963 2816 5025 dimidia
2840 4983 2984 5042 pars
3013 4968 3282 5045 pertinet
3311 4969 3390 5030 ad
3419 4971 3648 5034 Titium
3671 5020 3687 5051 ,
3735 4980 3798 5038 et
3825 4976 4093 5040 dimidia

2557 5056 2636 5116 ad
2666 5075 2883 5117 omnes
2912 5057 3100 5135 alios,
3150 5059 3193 5120 l.
3224 5060 3525 5125 Interdum
3547 5110 3563 5141 ,
3621 5066 3686 5126 in
3714 5068 3982 5149 princip.
4019 5074 4085 5134 ff.

2521 5202 2527 5211 .
2555 5147 2631 5209 de
2651 5147 2867 5211 hoered.
2900 5150 3232 5214 instituenti.
3269 5155 3462 5216 Secus
3490 5157 3541 5216 si
3572 5158 3848 5236 dixisset,
3868 5162 4087 5241 Titius,

2555 5250 2611 5302 et
2635 5241 2756 5323 filii
2774 5241 3109 5323 Sempronia
3134 5262 3209 5305 ex
3234 5264 3401 5326 oequo
3443 5248 3592 5310 mihi
3630 5249 3884 5313 lucer-edes
3926 5255 4092 5333 sint;

2554 5338 2704 5396 tunc
2733 5334 2962 5414 quippe
2990 5335 3217 5414 singuli
3244 5339 3441 5417 oequis
3459 5341 3845 5420 portionibus
3872 5365 4090 5409 succe-

2555 5423 2726 5505 dent,
2759 5431 2830 5489 ut
2854 5426 3123 5491 habetur
3148 5429 3375 5519 eadem¹
3388 5432 3527 5513 lege
3549 5451 3567 5500 ε
3597 5435 3660 5497 in
3690 5456 3815 5519 qua
3842 5443 4084 5520 tamen,
