4263 6376
1292 317 1759 376 DISPUTATIO
1806 317 2020 390 xxvi,
2070 316 2343 375 sEc'rlo
2390 316 2490 375 lv.

306 488 453 568 quid
481 486 765 567 exigere.
798 492 889 550 lta
915 490 1164 550 Lessius
1191 492 1329 550 loco
1361 490 1573 565 citat0,
1625 489 1848 550 Rebel-

304 581 418 653 lu3‚
453 583 800 653 NavarruS,
839 583 1030 660 Cajet.
1055 587 1117 643 et
1145 583 1248 641 alii
1271 600 1426 661 quos
1454 584 1634 643 affert
1661 587 1724 642 et
1749 600 1846 642 se-

307 673 515 752 quitur
544 673 847 734 Salasillo
870 674 1018 734 dub.
1044 691 1102 734 v.
1138 681 1199 735 et
1229 675 1394 735 idem
1427 674 1671 735 videtur
1698 693 1845 753 sup-

306 784 535 844 ponere
565 766 807 827 Molina
835 766 1065 845 disput.
1098 770 1235 828 348.
1284 768 1345 826 in
1375 768 1498 826 fine
1525 813 1540 843 ,
1593 767 1697 827 ubi
1731 767 1838 841 ait,

306 857 554 937 quando
578 857 660 917 de
695 877 856 919 novo
887 860 1121 938 aliquid
1154 862 1426 937 affertur,
1453 860 1719 938 pretium
1741 860 1836 938 ju·

304 959 463 1010 stum
492 949 759 1011 arbitrio
783 951 1158 1029 prudentum
1189 953 1613 1027 statuendum,
1645 956 1847 1013 atten-

306 1047 366 1104 ta
392 1043 724 1122 qualitate,
760 1045 1045 1119 utilitate,
1080 1045 1477 1106 multitudine
1503 1091 1517 1119 ,
1564 1046 1663 1103 vel
1692 1046 1842 1104 rari-

305 1140 425 1195 tate
453 1136 569 1211 rei,
605 1138 920 1214 expensis,
946 1138 1257 1215 periculiS,
1283 1137 1752 1199 difficultatibus
1781 1138 1840 1196 in

306 1226 623 1288 afferendo
651 1274 667 1302 ,
722 1229 1063 1290 novitatem
1110 1230 1300 1290 etiam
1338 1230 1541 1309 ipsam
1572 1229 1840 1307 pretium

306 1338 531 1397 augere
553 1340 567 1380 ε
593 1339 718 1381 nec
748 1320 1173 1381 damnandum
1195 1323 1462 1401 pretium
1485 1340 1560 1382 ex
1582 1340 1654 1382 eo
1676 1322 1844 1400 quod

302 1412 544 1473 lucrum
575 1413 661 1474 sit
692 1414 955 1475 multum
977 1462 992 1490 ,
1026 1416 1078 1475 si
1107 1433 1206 1475 res
1233 1415 1327 1475 sui
1358 1415 1612 1475 raritate
1644 1421 1706 1475 et
1735 1433 1845 1473 no-

304 1506 490 1566 vitate
522 1508 807 1583 pretiosa
840 1507 1164 1584 habeatur,
1193 1514 1254 1569 et
1281 1509 1581 1587 plurimos
1609 1512 1846 1586 empto·

305 1617 400 1658 res
429 1597 686 1659 habeat.

380 1692 510 1768 Ego
556 1692 852 1751 existimo
873 1739 888 1767 ,
955 1694 1049 1752 vel
1097 1696 1424 1772 utramque
1472 1692 1843 1754 sententiam

306 1784 529 1844 debere
547 1785 929 1861 consentire,
956 1786 1052 1845 vel
1072 1785 1412 1845 secundam
1452 1784 1646 1845 solam
1681 1785 1842 1844 bene

305 1877 682 1955 explicatam
716 1896 930 1937 veram
960 1896 1117 1938 esse.
1180 1880 1425 1953 Fateor,
1460 1878 1520 1935 in
1554 1876 1627 1937 iis
1655 1878 1842 1937 rebus

307 1988 423 2029 non
469 1969 678 2029 solam
729 1970 1059 2031 utilitatem
1107 1970 1632 2031 considerandam
1680 1988 1835 2043 esse,

305 2066 562 2141 possunt.
592 2062 762 2121 enim
793 2063 1044 2123 aliunde
1062 2064 1358 2123 {estimari
1386 2082 1574 2143 quam
1605 2082 1679 2123 ex
1709 2063 1842 2123 sola

305 2154 587 2215 utilitate.
617 2157 929 2217 Caeterum
950 2155 1082 2216 haec
1100 2156 1427 2217 aestimatio
1446 2174 1567 2216 non
1591 2174 1664 2215 ex
1685 2156 1841 2216 duo-

308 2266 440 2307 rum
493 2248 1004 2309 contrahentium
1064 2250 1289 2310 affectu
1342 2248 1667 2327 pensanda
1723 2253 1835 2325 est,

308 2359 569 2420 quarum
598 2341 764 2402 alter
791 2341 1075 2417 avaritia,
1109 2342 1268 2402 alter
1294 2342 1541 2402 curiosa
1569 2341 1840 2421 quadam

306 2435 552 2493 levitate
580 2440 648 2494 et
678 2433 969 2513 cupidine
1003 2435 1262 2513 rapitur,
1288 2434 1396 2493 sed
1420 2452 1494 2493 ex
1516 2432 1750 2512 judicio
1783 2436 1845 2492 et

306 2525 718 2586 aestimatione
773 2528 1150 2604 prudentum
1178 2574 1191 2597 ,
1257 2526 1507 2588 attentis
1555 2526 1843 2587 omnihus

307 2619 794 2680 circumstantiis
825 2640 839 2680 :
872 2621 1050 2680 valor
1077 2620 1266 2694 enim,
1299 2623 1367 2680 ut
1395 2619 1683 2694 diximuS,
1718 2637 1841 2677 non

308 2730 379 2770 ex
403 2711 590 2771 unius
619 2712 723 2771 vel
753 2712 1006 2773 alterius
1029 2760 1043 2786 ,
1095 2711 1200 2771 sed
1236 2731 1308 2771 ex
1339 2711 1652 2771 communi
1683 2711 1844 2770 aesti-

308 2805 577 2865 matione
610 2805 840 2865 crescit
869 2806 964 2865 vel
1012 2804 1349 2879 decrescit,
1410 2814 1660 2884 quando
1705 2803 1843 2881 lege

307 2901 549 2958 taxatus
580 2916 711 2958 non
741 2902 856 2958 est.
893 2898 955 2959 Si
980 2916 1129 2977 ergo
1151 2896 1847 2975 emptorimprudenter

310 2989 458 3049 tanti
487 2990 762 3052 aestimat
790 3009 921 3050 rem
950 2991 1115 3050 illam
1143 3037 1158 3066 ,
1213 3008 1332 3050 non
1376 2993 1582 3067 potest
1608 3007 1683 3048 ex
1712 2987 1845 3067 ejus

311 3081 493 3140 solius
521 3083 940 3143 aestImatione
990 3082 1256 3160 pret-ium
1312 3081 1545 3158 justum
1575 3080 1839 3156 desum=‚

312 3172 411 3232 sed
441 3174 791 3235 videndum
820 3180 915 3237 est
943 3194 1019 3235 an
1048 3194 1146 3234 res
1177 3174 1308 3252 ipsa
1340 3173 1400 3233 in
1432 3173 1527 3234 his
1556 3173 1844 3234 omnibus

312 3267 794 3329 circumstantiis
823 3268 1014 3346 digua
1044 3267 1123 3328 sit
1155 3268 1262 3329 tali
1293 3267 1724 3328 aestimatione.
1779 3266 1841 3327 Si

313 3378 454 3439 ergo
485 3361 589 3420 alii
622 3379 842 3421 omues
864 3366 1090 3439 praeter
1109 3366 1458 3439 emptorem
1488 3378 1609 3419 non
1641 3360 1843 3419 solum

313 3454 576 3530 pretium
610 3452 765 3512 illud
796 3472 918 3513 non
950 3455 1215 3514 offerant
1240 3500 1255 3528 ,
1306 3452 1418 3513 sed
1465 3452 1652 3513 etiam
1677 3451 1846 3530 judi-

317 3549 452 3604 cant
479 3545 914 3623 imprudenter
942 3564 979 3605 a
1009 3546 1289 3624 quolibet
1317 3545 1547 3619 offerri,
1581 3544 1846 3603 scientes

316 3641 503 3698 totam
535 3639 675 3717 ejus
713 3639 1180 3716 perlectionem,
1220 3638 1570 3712 utilitatem,
1604 3636 1850 3696 novita-

317 3733 458 3806 tem,
493 3732 817 3792 raritatem
839 3778 854 3806 ,
889 3736 951 3792 et
979 3731 1098 3790 alia
1129 3731 1361 3806 omnia,
1398 3747 1537 3809 quae
1568 3729 1847 3789 valorem

317 3842 539 3900 augere
571 3829 865 3902 possunt;
905 3823 1153 3901 signum
1185 3828 1279 3883 est
1306 3822 1473 3902 quod
1492 3841 1591 3882 res
1623 3823 1755 3901 ipsa
1786 3822 1847 3880 in

315 3917 628 4001 communi
661 3915 1070 3976 {estimatione
1119 3916 1224 3975 tali
1272 3916 1472 3994 pretio
1503 3914 1696 3993 digna
1724 3934 1847 3974 non

291 4009 412 4069 sit.
445 4009 620 4071 Sicut
651 4010 816 4069 enim
848 4008 1173 4069 {estimatio
1204 4008 1551 4068 communis
1583 4008 1847 4086 pretium

319 4108 499 4178 auget
521 4148 536 4177 ‚
569 4103 663 4162 sic
692 4100 1020 4162 {estimatio
1052 4101 1365 4161 contraria
1395 4100 1670 4160 omnium
1702 4120 1851 4178 pru-

321 4195 570 4254 dentum
604 4195 755 4255 facit
781 4194 1042 4273 positive
1061 4192 1228 4273 quod
1254 4196 1518 4270 pretium
1545 4193 1693 4253 illud
1726 4212 1848 4253 non

321 4287 393 4346 sit
415 4286 654 4365 justum
676 4333 690 4361 ‚
744 4286 851 4345 sed
903 4287 1289 4346 excessivum
1314 4333 1327 4361 ,
1390 4304 1533 4345 cum
1590 4285 1853 4347 excedat

325 4380 696 4455 prudentum
728 4379 1204 4440 aestimationem
1232 4423 1248 4451 ,
1310 4396 1447 4456 qum
1498 4383 1591 4438 est
1637 4378 1852 4456 regula

324 4470 678 4532 immediata
697 4471 1207 4547 valorisvulgaris
1224 4476 1286 4531 et
1304 4471 1625 4531 naturalis.
1652 4472 1854 4542 Quan-

325 4563 399 4622 do
428 4583 575 4644 ergo
607 4564 937 4625 aestimatio
969 4563 1318 4624 communis
1347 4563 1724 4641 prudentum
1757 4582 1856 4622 re-

324 4657 494 4733 sistit,
528 4658 797 4737 pretium
829 4656 981 4717 illud
1003 4675 1127 4716 non
1151 4663 1357 4734 potest
1375 4656 1575 4734 exigi:
1603 4656 1852 4735 quando

327 4767 465 4808 vcro
496 4750 631 4809 haec
663 4768 788 4809 non
819 4749 1154 4822 resisteret,
1187 4749 1299 4808 sed
1328 4750 1666 4827 prudentes
1697 4749 1854 4809 {esti-

330 4848 561 4903 marent
591 4861 723 4901 rem
753 4842 945 4917 illam,
991 4842 1243 4901 attentis
1273 4841 1562 4901 omnibus
1591 4842 1857 4901 circum-

329 4935 565 4995 stantiis
590 4982 605 5009 ,
659 4935 915 5014 dignam
965 4953 1100 4994 esse
1145 4933 1425 5013 quolibet
1455 4934 1653 5013 pretio
1686 4934 1856 5013 quod

331 5044 433 5103 pro
462 5046 531 5087 ea
565 5029 870 5107 exigatur,
907 5045 1020 5086 nec
1052 5027 1200 5086 illud
1223 5027 1651 5105 imprudenter
1680 5029 1857 5086 offer·

331 5118 400 5193 ri,
432 5125 574 5180 tunc
605 5139 754 5180 vera
785 5126 879 5180 est
908 5120 1106 5197 primu
1129 5120 1456 5195 sententia,
1493 5138 1605 5178 nec
1634 5120 1697 5179 id
1728 5138 1857 5178 cre-

338 5212 410 5271 do
443 5213 650 5291 negari
683 5231 863 5291 posse
900 5212 980 5271 ab
999 5212 1359 5273 auctoribus
1389 5212 1702 5272 secunda».
1745 5212 1857 5271 Vix

338 5308 538 5364 tamen
571 5323 871 5384 umquam
902 5304 964 5363 id
998 5304 1359 5381 contingere
1389 5304 1636 5383 poterit,
1692 5305 1859 5381 quod

339 5397 664 5473 prudentes
704 5398 991 5477 judicent
1031 5398 1354 5476 quodlibet
1383 5397 1647 5475 pretium
1680 5416 1860 5475 posse

341 5490 670 5566 prudenter
697 5509 810 5570 pro
841 5491 907 5551 rc
939 5490 1149 5569 aliqua
1180 5489 1353 5567 dari,
1391 5489 1668 5569 alioquin
1700 5495 1863 5551 esset

3360 320 3472 377 277

1944 489 2167 550 infiniti
2197 491 2458 565 valoriS,
2494 510 2634 552 cum
2665 493 2802 572 plus
2853 498 2916 552 et
2944 493 3081 569 plus
3111 497 3316 570 posset
3344 492 3474 550 sine

1943 582 2212 643 termino
2242 602 2354 662 pro
2385 585 2485 644 illa
2518 585 2701 661 exigi.
2736 587 2963 646 Omnes
2992 604 3141 662 ergo
3165 584 3471 662 judicant,

1944 673 2406 736 deveniendum
2437 696 2569 737 esse
2600 678 2679 736 ad
2713 677 2983 756 aliquem
3003 679 3360 752 terminum,
3382 677 3477 735 ul-

1944 770 2037 827 tra
2071 786 2256 844 quem
2292 788 2414 829 uon
2443 770 2643 829 solum
2672 769 3108 847 imprudentis,
3136 769 3242 828 sed
3274 767 3472 828 insani

1946 859 2216 919 hominis
2257 867 2420 922 esset
2466 880 2576 939 pro
2622 880 2686 921 re
2718 863 2820 921 illa
2867 862 3038 922 darc.
3101 863 3275 922 Illum
3325 879 3474 938 ergo

1944 952 2280 1013 terminum
2337 954 2637 1013 excedere
2706 960 2918 1014 contra
2969 953 3275 1033 justitiam
3333 954 3469 1015 erit.

1945 1044 2140 1121 Finge
2170 1045 2334 1104 enim
2360 1091 2375 1121 ‚
2425 1065 2538 1125 pro
2582 1047 2823 1106 falcone
2865 1047 2968 1106 illo
2999 1066 3174 1122 raro,
3209 1066 3321 1125 pro
3351 1066 3473 1127 quo

1945 1137 2235 1197 venditor
2263 1137 2431 1197 mille
2463 1157 2683 1199 aurcos
2710 1139 2898 1218 petit,
2931 1140 3182 1219 petiisse
3214 1158 3473 1217 regnum

1943 1229 2041 1289 vel
2073 1228 2479 1307 provinciam.
2514 1231 2845 1291 Diceresne
2891 1250 3072 1309 posse
3102 1231 3306 1291 adhuc
3335 1250 3476 1309 pre-

1942 1322 2099 1384 tium
2129 1322 2281 1382 illud
2313 1323 2477 1384 licite
2510 1323 2693 1402 exigi,
2721 1329 2782 1384 et
2810 1342 2933 1383 non
2962 1326 3167 1403 potius
3196 1324 3475 1385 vendito-

1944 1433 2079 1475 rem
2108 1416 2281 1476 abuti
2329 1416 2516 1476 nimia
2549 1418 2900 1495 cupiditate
2921 1417 3217 1495 emptoris
3242 1463 3257 1492 ‚
3308 1422 3377 1477 ut
3403 1417 3477 1475 il-

1943 1507 2073 1566 lum
2103 1506 2329 1585 injuste
2359 1509 2631 1586 spoliet?
2677 1511 2813 1589 jam
2860 1528 3009 1589 ergo
3042 1508 3323 1587 agnoscit
3350 1514 3471 1568 ter-

1871 1602 1881 1614 '
1944 1601 2182 1659 minum
2205 1600 2444 1677 judicio
2476 1601 2855 1679 prudentum
2884 1601 3340 1680 designandum
3364 1645 3379 1675 ‚
3415 1607 3477 1661 et

1945 1693 2063 1753 hoc
2094 1698 2208 1768 est,
2244 1694 2410 1772 quod
2442 1693 2592 1753 dicit
2620 1696 2895 1755 secunda
2924 1695 3251 1755 sententia.

2024 1787 2234 1860 DiceS,
2285 1786 2333 1845 si
2366 1785 2427 1845 in
2459 1785 2765 1865 ejusmodi
2792 1788 2979 1846 rebus
3020 1787 3255 1848 attendi
3288 1786 3476 1846 debet

1941 1880 2021 1939 ad
2045 1878 2352 1957 judicium
2382 1880 2760 1956 prudentum
2786 1927 2800 1955 ,
2851 1879 3073 1957 injuste
3101 1880 3367 1958 exigitur
3394 1878 3473 1939 ab

1939 1971 2228 2049 AEthiope
2258 1989 2476 2030 aurum
2504 1989 2616 2050 pro
2649 1972 2828 2046 vitr0,
2863 1990 2973 2049 pro
2997 1970 3328 2050 jocalibuS,
3361 1990 3472 2049 pro

1939 2069 2113 2125 veste
2145 2063 2336 2123 rubra
2356 2110 2371 2137 ,
2423 2081 2563 2123 cum
2596 2063 3027 2141 imprudenter
3054 2064 3213 2124 tanti
3242 2082 3341 2123 res
3373 2063 3475 2122 illa

1940 2157 2225 2217 aestimet.
2263 2156 2717 2233 Respondetur,
2753 2156 2875 2216 imo
2906 2157 3157 2217 attentis
3187 2156 3477 2217 omnibus

1940 2249 2422 2311 circumstantiis
2450 2248 2790 2327 prudenter
2802 2248 3071 2327 judicari
3100 2268 3200 2310 res
3218 2249 3355 2308 illas
3385 2249 3479 2308 di-

1939 2362 2097 2422 gnas
2125 2342 2232 2402 tali
2262 2342 2483 2419 pretio.
2519 2344 2656 2403 Una
2679 2339 2851 2401 'enim
2895 2361 2965 2401 ex
2997 2342 3328 2421 praecipuis
3355 2342 3482 2402 cir-

1941 2434 2330 2496 cumstantiis
2361 2439 2472 2509 est,
2508 2435 2836 2495 aestimatio
2868 2453 3053 2513 quam
3073 2434 3288 2494 resilla
3310 2434 3477 2514 apud

1941 2534 2201 2589 caeteros
2229 2526 2438 2602 habet,
2474 2532 2536 2587 et
2566 2527 2908 2606 prudenter
2935 2546 3089 2588 auro
3121 2527 3350 2587 emitur
3378 2546 3477 2587 res

1942 2638 2081 2699 quae
2109 2620 2189 2679 ab
2206 2619 2342 2678 aliis
2370 2618 2786 2679 communiter
2815 2619 3088 2695 pretiosa
3104 2619 3452 2680 aestimatur

1941 2718 2036 2773 est
2076 2712 2243 2771 enim
2285 2711 2698 2771 honorificum
2748 2729 2847 2770 res
2884 2711 3114 2771 babere
3148 2712 3452 2790 pretiosas

1940 2806 2040 2865 vel
2069 2823 2207 2884 quae
2237 2803 2524 2882 pretiosae
2547 2803 2625 2862 ab
2644 2803 2931 2863 omnibus
2950 2810 3266 2882 putantur.
3300 2804 3478 2867 Unde

1946 2898 2009 2958 in
2055 2901 2267 2958 nostro
2318 2896 2505 2956 etiam
2553 2914 2738 2971 casu,
2798 2896 2847 2955 si
2877 2915 2976 2955 res
3006 2897 3108 2956 illa
3149 2898 3481 2975 peregriua

1945 3008 2087 3049 rara
2109 2989 2169 3048 in
2200 2993 2372 3049 tanta
2402 2992 2565 3049 esset
2595 2988 2761 3066 apud
2793 3007 3010 3047 omnes
3039 2988 3493 3063 admiratione,·

1944 3087 2165 3143 utnon
2195 3080 2508 3140 immerito
2554 3080 2883 3141 admiratio
2930 3086 2993 3141 et
3021 3081 3337 3142 veneratio
3378 3082 3482 3140 illa

1943 3174 2294 3236 communis
2323 3177 2638 3235 emeretur
2665 3177 2837 3234 tanto
2869 3173 3065 3251 pretio
3093 3221 3107 3250 ,
3152 3173 3286 3254 jam
3334 3194 3484 3253 pru-

1944 3267 2163 3328 dentes
2212 3266 2573 3346 judicarent
2626 3265 2885 3344 dignam
2940 3284 3074 3327 esse
3130 3268 3234 3327 illo
3278 3268 3480 3346 pretio

1941 3379 2076 3420 rem
2104 3406 2120 3436 ,
2157 3378 2294 3439 quae
2324 3359 2386 3418 iu
2417 3376 2491 3418 eo
2518 3358 2720 3435 gradu
2749 3358 3182 3420 admirationis
3210 3364 3274 3420 et
3300 3378 3483 3419 vene-

1943 3452 2204 3512 rationis
2241 3451 2407 3531 apud
2440 3469 2656 3511 omnes
2687 3456 2868 3511 esset.
2904 3452 3028 3511 Nos
3050 3456 3259 3512 autem
3281 3452 3484 3531 loqui-

1945 3564 2087 3604 mur
2114 3544 2275 3604 dere
2306 3562 2446 3623 quae
2475 3544 2730 3604 attentis
2760 3542 3049 3603 omnibus
3081 3544 3485 3605 circumstan-

1950 3637 2053 3698 tiis
2075 3683 2090 3713 ,
2126 3654 2249 3696 non
2278 3636 2431 3697 tanti
2461 3635 2541 3695 ab
2570 3634 2705 3695 aliis
2733 3634 2836 3710 fit,
2891 3641 2959 3696 ut
2988 3656 3098 3714 pro
3128 3637 3231 3697 illa
3263 3642 3486 3715 putent

1944 3734 2190 3791 tautum
2218 3728 2489 3808 pretium
2518 3728 2856 3806 prudenter
2873 3728 3005 3788 dari
3037 3748 3240 3807 posse,
3261 3736 3323 3791 et
3342 3730 3481 3790 ideo

1945 3823 2009 3881 in
2041 3822 2401 3882 universum
2448 3819 2748 3896 dicimuS,
2804 3839 2927 3880 non
2966 3839 3100 3880 esse
3148 3822 3480 3883 excluden-

1948 3916 2096 3974 dam
2135 3914 2515 3992 prudentum
2563 3913 3044 3973 aestimationem
3093 3932 3130 3974 a
3169 3916 3483 3976 taxatione

1948 4006 2128 4086 pretii
2175 4023 2387 4066 rerum
2434 4005 2624 4065 etiam
2672 4022 2976 4066 novarum
3024 4011 3087 4068 et
3147 4008 3484 4087 exquisita-

1947 4117 2110 4160 rum.

2031 4194 2338 4253 Caeterum
2368 4191 2544 4253 Salas
2570 4191 2673 4251 illo
2705 4191 2853 4252 duh.
2876 4208 2938 4253 v.
2971 4211 3032 4253 n.
3067 4196 3120 4253 1.
3148 4211 3290 4253 cum
3322 4194 3486 4272 ejus-

1950 4284 2118 4346 modi
2149 4284 2336 4344 rebus
2365 4289 2690 4363 computat
2714 4302 2895 4343 usum
2925 4285 3243 4363 corporiS,
3298 4287 3400 4365 qui
3448 4305 3487 4346 a

1950 4378 2184 4439 femina
2213 4376 2501 4455 exigitur,
2538 4376 2958 4453 saltationem,
2994 4384 3245 4438 cantum
3272 4426 3286 4455 ,
3320 4380 3485 4439 face-

1953 4471 2104 4530 tiam
2123 4516 2140 4546 ,
2174 4469 2616 4529 scurrilitatem
2640 4515 2655 4544 ,
2689 4473 2750 4528 et
2779 4469 2934 4529 alias
2965 4469 3234 4530 hominis
3264 4490 3486 4549 operas

1954 4582 2078 4623 non
2111 4562 2513 4622 necessarias,
2551 4564 2639 4621 De
2670 4562 2896 4641 quibus
2922 4568 3133 4623 tamen
3165 4566 3349 4643 paulo
3379 4565 3492 4624 ali·

1954 4662 2049 4718 ter
2087 4655 2422 4716 dicendum
2453 4655 2703 4715 videtur
2749 4675 2761 4715 :
2815 4674 2958 4714 nam
3008 4656 3153 4717 licet
3199 4659 3490 4718 meretrix

1957 4755 2174 4828 peccet
2230 4753 2447 4809 contra
2493 4747 2804 4826 justitiam
2860 4748 3165 4826 exigendo
3223 4751 3491 4827 pretium

1954 4841 2160 4920 majus
2198 4860 2325 4901 suae
2372 4841 2810 4918 turpitudiniS,
2862 4860 3048 4919 quam
3080 4843 3494 4904 communiter

1957 4935 2207 5012 exigere
2238 4937 2300 4993 et
2326 4933 2608 5012 recipere
2641 4932 2838 4992 soleat
2859 4980 2873 5007 ,
2909 4933 3022 4992 nisi
3057 4934 3117 4991 id
3147 4935 3225 4994 ab
3255 4937 3493 4996 amasio

1956 5027 2151 5104 gratis
2181 5033 2242 5086 et
2268 5025 2607 5085 liberaliter
2637 5026 2937 5100 donetur,
2992 5033 3059 5086 ut
3094 5027 3363 5087 diximus
3393 5048 3496 5088 su-

1958 5139 2070 5199 pra
2112 5120 2273 5198 disp.
2309 5120 2524 5179 xvln.
2576 5117 2645 5178 de
2670 5117 3030 5177 restitutione
3050 5136 3124 5177 αι·
3152 5119 3370 5197 injusta
3400 5121 3496 5182 lae-

1956 5212 2113 5272 sione
2141 5215 2290 5272 sect.
2329 5228 2398 5270 111
2472 5211 2704 5270 femina
2741 5216 2948 5270 tamen
2983 5210 3244 5273 honesta
3267 5260 3281 5288 ,
3332 5233 3496 5292 prte-

1959 5305 2173 5365 sertim
2202 5304 2413 5382 virge,
2463 5308 2670 5382 potest
2714 5302 3031 5376 assignare
3083 5305 3350 5382 pretium
3386 5324 3496 5383 pro

1959 5416 2072 5458 suo
2101 5397 2309 5469 lihitO,
2366 5415 2510 5456 cum
2561 5396 2754 5474 possit
2795 5395 3139 5473 inpactum
3188 5398 3496 5458 deducere

1960 5489 2430 5551 matrimonium
2478 5489 2665 5549 etiam
2710 5487 3077 5550 nobilissimi
3106 5487 3259 5563 viri,
3314 5491 3419 5571 qui
3447 5492 3497 5551 si

3620 1801 3698 1859 48

3569 1926 3633 1968 An
3652 1925 3774 1966 liceat

3523 1979 3708 2031 AElliiopi
3723 1978 3820 2019 dure

3541 2033 3709 2081 vitium,
3733 2032 3799 2073 vel

3547 2086 3695 2140 jocalia
3719 2098 3792 2138 pro

3564 2151 3664 2181 euro
3683 2152 3772 2181 suo.

3631 4217 3709 4272 49

3550 4339 3652 4390 Quid
3672 4338 3723 4380 de
3741 4350 3820 4380 usu

3536 4391 3832 4496 afflata?

3600 4499 3780 4540 tionibus

3593 4552 3785 4594 hominis.
