4263 6376
517 875 577 918 De
595 872 818 925 abug-2¹10-

535 938 589 970 ιιο
611 928 700 969 solv
703 926 795 968 cind

516 981 689 1030 tructus,
703 980 772 1021 lini
775 984 814 1021 u

559 1035 670 1076 tocie
673 1039 769 1080 tate.

577 1100 760 1182 red-litui:-

567 1193 754 1248 mpiute.

862 286 980 346 496

868 462 1140 539 quatuor
1173 479 1187 519 ε
1222 476 1372 536 ergo
1395 475 1536 517 cum
1558 457 1782 517 eadem
1798 457 2203 535 proportione
2232 457 2402 517 idem

867 552 1203 612 dicendum
1234 555 1346 627 est,
1369 549 1622 630 quando
1651 549 1877 627 accipit
1892 549 2100 610 statim
2130 549 2401 610 fructum

867 643 1202 706 semestris,

947 735 1198 798 Decima
1226 734 1500 796 conditio
1531 752 1666 794 esse
1696 734 1875 810 solet,
1910 737 1978 794 ut
2004 733 2182 793 finita
2210 733 2400 792 socie-

864 833 1013 904 tate,
1048 826 1276 888 debeat
1304 827 1510 887 adhuc
1540 825 1819 887 officialis
1864 826 2105 886 solvere
2139 829 2233 885 12.
2287 843 2398 902 pro

865 923 1003 981 100.
1038 918 1316 999 quandiu
1345 922 1579 980 sortem
1603 922 1928 995 acceptam
1952 937 2075 978 non
2106 916 2392 978 restituit.

862 1015 950 1073 De
980 1014 1159 1091 cujus
1187 1010 1561 1073 conditionis
1569 1010 1812 1089 justitia
1840 1010 2130 1071 dubitant
2154 1027 2392 1085 omneS‚

861 1110 923 1165 et
950 1105 1205 1166 tandem
1232 1106 1397 1164 Azor
1425 1122 1520 1164 ca.
1554 1120 1657 1164 xv.
1683 1107 1745 1163 et
1773 1102 2010 1164 Filliuc.
2044 1121 2217 1162 num.
2257 1105 2391 1162 125.

856 1196 1154 1272 fatentur,
1188 1215 1312 1257 non
1344 1214 1476 1256 esse
1499 1197 1736 1274 justam
1756 1198 1827 1255 ut
1854 1198 2057 1269 sonat,
2092 1194 2210 1254 nisi
2240 1193 2399 1253 limi-

856 1293 1025 1350 tetur
1054 1289 1131 1348 ad
1161 1289 1408 1349 lucrum
1437 1306 1689 1349 cessans
1718 1287 1910 1363 socio,
1933 1286 2100 1365 quod
2149 1287 2394 1347 lucrum

855 1381 1053 1442 taxari
1085 1386 1299 1459 posset
1326 1380 1406 1439 ab
1436 1379 1609 1441 initio
1641 1379 1722 1439 ad
1750 1378 2058 1439 rationem
2087 1378 2386 1457 quinque,

856 1473 956 1535 vel
985 1491 1094 1533 sex
1123 1491 1233 1550 pro
1268 1475 1403 1533 100.
1458 1471 1605 1551 quia
1653 1471 1771 1531 hoc
1812 1471 2058 1531 lucrum
2088 1470 2393 1548 pot-uisset

856 1563 1272 1626 communiter
1301 1582 1375 1623 ex
1403 1563 1510 1624 tali
1542 1562 1806 1640 pecunia
1835 1561 2074 1638 haberi,
2107 1563 2161 1622 si
2190 1562 2391 1622 soluta

858 1657 1095 1719 fuisset.
1132 1659 1208 1717 Et
1236 1656 1355 1716 hoc
1384 1661 1533 1717 tunc
1562 1655 1788 1730 solum,
1822 1654 2073 1732 quando
2104 1653 2391 1714 officialis

854 1749 972 1810 fuit
997 1750 1061 1809 in
1089 1766 1268 1809 mora
1297 1747 1595 1827 culpabili
1624 1765 1751 1807 non
1781 1745 2061 1806 solvendi
2091 1761 2105 1806 :
2135 1764 2317 1806 secus
2336 1745 2390 1805 si

852 1842 1163 1920 impotens
1192 1840 1309 1902 fuit
1332 1887 1347 1916 ,
1398 1839 1497 1899 vel
1528 1838 1707 1899 aliter
1742 1838 1875 1898 sine
1904 1839 2089 1915 culpa
2117 1856 2242 1898 non
2272 1838 2389 1898 sol-

851 1934 970 1996 vit:
1004 1938 1192 2013 atque
1221 1933 1309 1993 ita
1337 1932 1552 1993 dicunt
1573 1935 1786 1992 Romae
1812 1932 2011 1991 solere
2042 1930 2383 2006 observari,

850 2031 920 2087 ιιι
939 2025 1136 2105 judex
1165 2025 1399 2102 obliget
1427 2024 1630 2084 solum
1656 2023 1737 2083 ad
1768 2022 2068 2082 solvenda
2084 2021 2383 2101 quinque,

849 2118 950 2178 vel
993 2135 1101 2178 sex
1142 2135 1255 2195 pro
1308 2119 1442 2177 100.
1494 2116 1697 2176 soluta
1743 2114 2058 2175 societate.
2120 2113 2245 2174 Sed
2288 2114 2389 2174 hic

852 2229 1001 2270 usus
1033 2213 1127 2269 est
1147 2209 1347 2269 solum
1376 2208 1441 2267 in
1457 2206 1752 2268 tribunali
1771 2205 2072 2267 auditoris
2083 2207 2382 2282 Camerae‚

852 2321 976 2364 non
1002 2305 1213 2362 tamen
1258 2300 1322 2360 in
1353 2303 1551 2363 Rota.
1610 2300 1674 2359 in
1704 2316 1865 2378 qua,
1926 2317 2049 2358 non
2100 2298 2386 2360 obstante

852 2394 1130 2475 quolibet
1166 2397 1350 2471 pacto
1397 2391 1793 2470 praecedente
1847 2390 2014 2451 circa
2057 2389 2381 2467 interesse,

850 2503 1175 2566 nunquam
1205 2484 1518 2562 obligatur
1537 2482 1821 2544 officialis
1850 2482 1931 2541 ad
1960 2481 2113 2542 illud
2144 2483 2387 2543 solven-

849 2580 999 2644 dum
1029 2598 1065 2638 a
1114 2578 1213 2638 die
1268 2577 1459 2638 finitae
1508 2576 1819 2637 societatis
1843 2621 1859 2651 ‚
1921 2574 2034 2634 nisi
2065 2574 2389 2636 evidenter

847 2671 1148 2751 probetur
1171 2716 1186 2745 ,
1238 2669 1477 2730 socium
1507 2668 1588 2730 ob
1622 2668 1954 2746 pecuniam
1986 2666 2103 2726 sibi
2134 2685 2258 2727 non
2286 2686 2387 2727 re-

846 2764 1127 2826 stitutam
1154 2762 1494 2822 incurrisse
1525 2760 1849 2836 damnum,
1874 2759 1973 2819 vel
1995 2759 2275 2819 amisisse
2296 2759 2385 2820 lu·

847 2875 1023 2917 crum
1053 2854 1223 2934 quod
1251 2854 1578 2916 habiturus
1607 2858 1782 2929 erat,
1838 2856 1902 2913 et
1952 2869 2028 2911 ea
2073 2852 2277 2912 solum
2304 2852 2384 2911 de

846 2967 1036 3010 causa
1063 2966 1186 3008 non
1216 2946 1470 3021 habuit,
1530 2963 1650 3006 nec
1678 2944 1879 3023 potuit
1907 2943 2182 3019 habere,
2241 2962 2384 3004 cum

845 3041 1065 3116 vellet,
1125 3044 1195 3100 ut
1222 3042 1464 3099 constat
1509 3056 1586 3097 ex
1634 3036 1908 3116 quadam
1940 3039 2223 3096 Romana
2252 3036 2385 3095 fru-

846 3138 1083 3210 ctuum,
1134 3134 1197 3193 et
1222 3131 1523 3193 interesse
1555 3133 1649 3193 10.
1684 3128 2012 3191 Decembr.
2049 3131 2226 3188 1614.
2265 3128 2382 3188 sub

848 3224 1194 3303 Pamphilio
1219 3270 1235 3300 ‚
1294 3229 1357 3286 et
1398 3223 1524 3284 alia
1581 3226 1865 3284 Romana
1918 3223 2237 3282 fructuum
2277 3224 2376 3282 26.

843 3318 1018 3397 April
1049 3321 1223 3379 1591.
1259 3317 1375 3378 sub
1406 3317 1803 3377 BlanchettO.
1844 3316 1977 3376 Imo
2004 3314 2152 3375 licet
2176 3313 2383 3374 socius

843 3409 1232 3490 ignoraverit
1259 3409 1618 3470 societatem
1649 3407 1888 3468 finitam
1907 3453 1923 3482 ‚
1982 3406 2080 3467 vel
2109 3406 2381 3467 officium

843 3503 1190 3579 venditum,
1225 3506 1335 3562 aut
1362 3500 1700 3561 alienatum
1729 3500 1917 3560 fuisse
1937 3545 1952 3575 ‚
2002 3517 2125 3559 non
2157 3517 2382 3559 conce-

842 3596 1077 3656 duntur
1106 3596 1163 3654 ei
1182 3594 1431 3670 ,fructus
1458 3613 1499 3654 a
1524 3593 1625 3653 die
1654 3592 1845 3654 finitae
1874 3591 2210 3667 societatis,
2236 3591 2382 3669 quia

841 3706 966 3748 non
994 3688 1173 3748 adest
1201 3686 1417 3747 titulus
1445 3684 1527 3744 ad
1556 3685 1679 3746 tale
1709 3685 1975 3756 lucrum,
2001 3670 2070 3743 ιιι
2097 3683 2380 3744 decisum

839 3780 955 3842 fuit
983 3780 1042 3843 in
1069 3779 1340 3858 quadam
1375 3780 1651 3838 Romana
1678 3774 2014 3852 societatis,
2049 3778 2148 3836 23.
2181 3776 2374 3852 simii,

841 3876 1016 3934 1600.
1047 3872 1164 3933 sub
1195 3871 1377 3933 Card.
1411 3870 1651 3947 Milino,
1673 3873 1736 3930 et
1761 3868 1984 3947 probat
2010 3869 2136 3929 late
2164 3867 2378 3928 multis

837 3965 1125 4026 adductis
1180 3961 1482 4025 Zacchias
1537 3980 1711 4023 num.
1764 3963 1905 4022 307.
1954 3965 2015 4021 et
2063 3960 2377 4040 sequenti-

836 4058 975 4119 buS.

918 4151 1247 4224 Caeterum,
1280 4146 1585 4227 quidquid
1616 4146 1697 4207 sit
1725 4146 1803 4206 de
1834 4145 1968 4206 foro
2000 4148 2276 4219 externo,
2312 4144 2376 4204 in

836 4243 972 4304 foro
1003 4240 1422 4316 conscientiae,
1458 4238 1629 4319 quod
1662 4238 1742 4299 ad
1772 4256 1885 4299 nos
1912 4242 2174 4315 spectat,
2209 4243 2378 4298 stan·

835 4336 987 4395 dum
1017 4334 1133 4394 erit
1160 4332 1557 4393 conscientiae
1606 4330 1793 4407 socii,
1856 4330 1965 4409 qui
2006 4331 2058 4390 si
2086 4349 2233 4390 vere
2267 4329 2378 4390 de-

834 4428 1014 4489 duxit
1041 4427 1104 4486 in
1138 4429 1392 4504 pactum
1419 4425 1666 4485 lucrum
1709 4441 1963 4484 cessans
1983 4469 1999 4498 ‚
2052 4423 2154 4483 vel
2188 4422 2266 4482 de
2299 4441 2373 4484 eo

834 4524 1053 4600 postea
1081 4521 1463 4597 protestatus
1508 4516 1624 4577 fuit
1652 4516 1904 4577 officiali
1936 4534 2211 4592 moroso,
2263 4533 2376 4593 po-

832 4616 957 4675 test
981 4612 1221 4672 tructus
1251 4610 1315 4669 in
1348 4628 1423 4670 ea
1448 4626 1698 4671 summa
1727 4608 2033 4686 accipere,
2068 4626 2210 4686 quae
2241 4626 2375 4668 cor-

831 4704 1212 4784 respondeat
1256 4703 1431 4762 lucro
1465 4701 1635 4781 quod
1664 4700 1871 4778 reipsa
1918 4700 1975 4759 ei
2005 4700 2273 4761 cessavit
2300 4718 2376 4760 ea

832 4799 909 4861 de
941 4816 1151 4859 causa.
1211 4797 1344 4856 lmo
1396 4795 1450 4856 si
1476 4795 1542 4855 in
1571 4794 1707 4872 ipso
1740 4797 2063 4854 contractu
2085 4793 2254 4872 juste
2286 4796 2374 4854 ta-

829 4896 1045 4953 xatum
1103 4889 1219 4951 fuit
1272 4889 1522 4949 lucrum
1581 4905 1853 4962 cessans,
1913 4886 2013 4946 vel
2069 4886 2372 4946 damnum

830 5002 1158 5064 emergens
1185 4983 1368 5061 juxta
1398 4998 1573 5059 spem
1604 4982 1666 5039 et
1694 4979 1987 5039 timorem
2010 5023 2025 5054 ‚
2085 4978 2194 5057 qui
2221 4983 2371 5040 tunc

830 5081 988 5153 erat,
1023 5078 1311 5137 detracta
1338 5079 1550 5134 tamen
1580 5076 1758 5150 parte
1780 5071 1991 5132 debita
2010 5075 2268 5150 propter
2283 5071 2372 5130 in-

829 5169 1271 5230 certitudinem
1316 5166 1685 5244 utriusque;
1747 5163 1978 5242 poterit
2018 5182 2160 5223 eam
2205 5182 2371 5223 sum-

827 5281 999 5324 mam
1028 5265 1251 5341 postea
1277 5259 1531 5336 exigere
1560 5303 1577 5334 ‚
1611 5260 1680 5317 ut
1707 5256 1984 5317 debitam
2015 5275 2088 5315 ex
2119 5260 2370 5316 contra-

828 5360 972 5417 ctu:
1008 5355 1058 5415 si
1088 5358 1300 5415 tamen
1328 5370 1443 5431 per
1468 5350 1727 5412 modum
1760 5366 1963 5427 poenae
1994 5349 2374 5426 promissum

828 5447 945 5510 fuit
973 5447 1274 5508 interesse
1299 5490 1316 5522 ,
1369 5442 1561 5506 debet
1588 5441 1946 5522 praecedere
1990 5441 2175 5519 culpa
2205 5441 2373 5502 suffi-

2021 282 2124 342 DE
2168 282 2524 343 JUSTITIA
2570 282 2670 342 ET
2712 282 2912 342 JURE

2501 456 2670 516 ciens
2701 457 2764 515 in
2795 457 3067 533 officiali,
3094 456 3279 535 juxta
3301 473 3378 516 ea
3405 473 3545 533 quae
3574 454 3750 514 dicta
3775 458 3900 513 sunt
3921 474 3992 514 sa·

2499 567 2615 627 pra
2644 548 3064 627 disputatione
3093 566 3249 610 xxn.
3284 547 3356 607 de
3386 545 3782 607 contractibus
3806 546 3858 604 in
3881 566 3993 605 con-

2497 640 2678 700 muni.

2576 733 2923 794 Undecima
2948 733 3225 794 conditio
3257 750 3393 793 esse
3423 732 3629 806 solet,
3665 736 3734 791 ut
3762 729 3994 789 officialis
4082 736 4115 792 84

2497 824 2726 885 debeat
2755 824 2906 884 dare
2933 824 3339 903 fidejussores
3367 827 3441 884 N.
3477 830 3543 884 et
3571 825 3651 883 N.
3698 823 3895 897 aliquo
3921 840 3998 879 eo-
4028 855 4115 901 [m

2494 934 2633 976 rum
2663 916 2870 976 minus
2900 917 3124 978 idoneo
3156 916 3442 992 reddit0,
3500 917 3602 975 vel
3637 915 3721 974 ab
3751 915 3902 975 L'rbe
3924 932 3996 973 re·
4027 914 4115 1011 2:

2494 1009 2796 1085 cedente,
2847 1009 3074 1070 debeat
3101 1009 3446 1087 subrogare
3488 1008 3692 1067 alium
3722 1007 3995 1081 idoneum,
4089 1030 4114 1057 τε

2495 1101 2662 1162 circa
2691 1120 2882 1180 quam
2929 1102 3355 1162 conditionem
3403 1099 3869 1161 advertendum
3909 1106 3996 1173 est,

2494 1211 2568 1252 ex
2593 1211 2668 1253 ea
2696 1194 2909 1273 sequi,
2968 1200 3039 1253 ut
3082 1193 3133 1253 si
3180 1193 3463 1254 officialis
3496 1193 3671 1253 intra
3706 1192 3998 1252 terminum

2491 1285 2928 1364 praescriptum
2959 1285 3362 1364 fidejussores
3393 1304 3524 1345 non
3557 1286 3760 1360 dedit,
3794 1303 3905 1344 non
3931 1284 4001 1343 lu-

2490 1382 2699 1439 cretur
2727 1383 2958 1438 sortem
2986 1379 3292 1438 moriente
3321 1378 3496 1438 socio
3522 1424 3540 1453 ,
3593 1378 3748 1457 quia
3777 1396 3891 1437 non
3916 1396 4001 1454 po-

2488 1472 2608 1531 test
2634 1470 2864 1530 lucrari
2894 1470 3130 1548 aliquid
3156 1489 3230 1530 ex
3259 1474 3594 1531 contractu
3614 1489 3655 1530 a
3683 1488 3753 1529 se
3782 1487 3893 1529 non
3920 1469 3998 1529 ob

2489 1566 2756 1635 servatO,
2791 1562 3078 1641 quamvis
3127 1562 3332 1621 socius
3351 1608 3367 1636 ,
3430 1563 3545 1640 qui
3591 1581 3672 1621 ex
3721 1570 3891 1639 parte
3915 1579 4000 1620 sua

2488 1653 2699 1714 omnia
2729 1654 3114 1729 observavit,
3150 1654 3344 1731 possit
3372 1673 3447 1713 ex
3481 1673 3562 1715 eo
3594 1660 3912 1714 contractu
3933 1654 4001 1713 lu·

2488 1747 2676 1822 orari,
2706 1752 2775 1806 ιιι
2801 1747 3080 1807 decisum
3109 1747 3224 1806 fuit
3249 1765 3290 1806 a
3321 1749 3482 1807 Rota
3512 1746 3581 1806 in
3616 1746 3888 1825 quadam
3913 1747 3999 1805 Ro-

2486 1857 2674 1899 mana
2700 1839 3015 1899 societatis
3035 1842 3093 1898 2.
3113 1839 3284 1900 Junii
3316 1841 3496 1901 1608.
3535 1857 3758 1899 coram
3783 1836 4002 1897 Lance}-

2485 1933 2613 1993 loto
2639 1977 2655 2008 ,
2715 1935 2778 1991 et
2825 1932 3054 2009 probat
3099 1931 3224 1991 late
3253 1931 3568 1991 Zacchias
3599 1949 3778 1990 num.
3807 1934 3931 1989 442.
3957 1935 4000 1988 et

2487 2042 2661 2103 seqq.
2695 2023 3037 2083 extendens
3067 2022 3187 2083 hoc
3215 2022 3295 2083 ad
3328 2041 3578 2099 casum,
3615 2041 3745 2102 quo
3778 2022 3922 2081 duos
3944 2022 4000 2080 fi-

2487 2115 2841 2195 dejussores
2870 2115 3263 2192 promiserat,
3285 2122 3349 2176 et
3370 2115 3556 2175 dedit
3583 2116 3792 2174 solum
3821 2132 4001 2185 unum,

2485 2208 2585 2268 vel
2613 2208 2899 2286 promisit
2927 2208 3270 2286 subrogare
3298 2208 3499 2268 alium
3530 2208 3836 2268 idoneum
3864 2206 3918 2264 in
3933 2205 4003 2263 lo-

2485 2319 2628 2361 cum
2658 2300 3023 2376 deficientis,
3058 2304 3122 2360 et
3144 2318 3268 2361 non
3305 2300 3688 2378 subrogavit
3752 2321 3766 2360 :
3827 2306 3888 2360 ut
3912 2299 4002 2357 tuit

2485 2393 2766 2453 decisum
2796 2393 2984 2452 etiam
3012 2392 3077 2451 in
3107 2392 3383 2471 quadam
3418 2396 3718 2453 Romana
3748 2391 4006 2470 pecunia·

2486 2486 2578 2545 ria
2606 2489 2665 2544 2.
2701 2485 3029 2545 Decembr.
3079 2488 3253 2546 1596.
3309 2503 3531 2545 coram
3584 2488 3825 2545 Penna.
3878 2485 4004 2544 nato

2484 2583 2694 2639 tamen
2723 2575 3090 2655 fidejussore
3121 2577 3454 2653 promism,
3489 2578 3774 2638 societas
3801 2594 3916 2635 non
3933 2576 4007 2634 in·

2485 2669 2785 2746 telligitur
2811 2668 3089 2745 incipere
3120 2669 3199 2728 ab
3246 2669 3352 2729 illa
3381 2670 3509 2743 die,
3546 2670 3663 2729 sed
3694 2689 3736 2729 a
3764 2670 3863 2729 die
3888 2667 4006 2727 lacti

2483 2764 2860 2835 contractuS,
2895 2765 2964 2821 ut
2991 2761 3106 2821 fuit
3134 2761 3324 2821 etiam
3344 2761 3634 2821 decisum
3665 2763 3734 2821 in
3767 2760 4006 2841 quadam

2485 2858 2769 2915 Romana
2795 2852 3012 2915 societ.
3043 2856 3102 2912 2.
3136 2853 3334 2929 April.
3373 2856 3554 2913 1601.
3582 2872 3804 2914 coram
3830 2854 4004 2913 Justo.

2481 2946 2674 3007 Addit
2718 2950 2930 3005 autem
2977 2945 3277 3005 Zacchias
3306 2964 3454 3005 cum
3501 2946 3649 3006 aliis
3682 2965 3856 3006 num.
3885 2948 4003 3005 ⁴56.

2482 3038 2893 3116 obligationes
2921 3038 2998 3096 de
3030 3037 3253 3097 dandis
3282 3037 3777 3117 fidejussoribus
3806 3038 4004 3098 intelli·

2482 3131 2566 3210 gi,
2601 3132 2651 3193 si
2670 3149 2813 3210 pars
2833 3129 3101 3210 petierit.
3139 3131 3401 3204 Quando
3432 3136 3652 3192 autem
3685 3134 3892 3193 socius
3915 3148 4007 3209 pet

2480 3225 2905 3302 receptionem
2923 3224 3263 3295 fructuum,
3287 3225 3387 3284 vel
3410 3243 3634 3284 eorum
3662 3227 4005 3304 petitionem

2481 3322 2811 3378 censeatur
2836 3316 3133 3376 recedere
3184 3316 3265 3376 ab
3313 3316 3711 3394 obligatione
3743 3317 3926 3377 dandi
3949 3319 4009 3376 fi-

2480 3408 2836 3486 dejussores
2860 3453 2876 3482 ‚
2938 3412 3001 3468 et
3042 3407 3296 3485 quando
3345 3407 3693 3487 fidejussor
3734 3408 4006 3470 solvendo

2480 3519 2592 3579 pro
2621 3499 2870 3561 officiali
2901 3499 3096 3577 possit
3124 3500 3375 3577 exigere
3422 3501 3501 3559 ab
3552 3519 3627 3560 eo
3665 3521 3802 3562 non
3831 3502 4006 3561 solum

2479 3598 2712 3654 sortem
2742 3592 2850 3651 sod
2876 3592 3114 3652 fructus
3143 3591 3461 3653 societatis
3483 3639 3499 3668 ‚
3550 3596 3613 3653 et
3635 3595 3776 3653 alia
3801 3594 3882 3653 ad
3911 3594 4005 3653 hoe

2478 3690 2778 3764 punctum
2826 3683 3203 3761 pertinentia
3225 3729 3241 3758 ‚
3301 3685 3501 3744 videri
3554 3691 3834 3763 possunt
3862 3685 4004 3764 apud

2478 3776 2771 3838 eumdem
2801 3776 3135 3836 Zacchiam
3163 3777 3303 3837 loco
3334 3777 3439 3838 cit.
3472 3779 3584 3857 qni
3611 3778 3753 3839 late
3785 3798 3862 3839 ea
3888 3796 4006 3857 pro-

2477 3869 2779 3949 sequitur.
2816 3869 3031 3929 Solum
3062 3868 3321 3929 adverto
3372 3889 3485 3949 pro
3532 3871 3673 3932 foro
3708 3873 4008 3933 conscien-

2475 3964 2601 4038 tiae,
2634 3961 2968 4041 aliquando
3001 3961 3306 4022 committi
3334 3962 3620 4022 fraudem
3655 3965 3728 4024 in
3756 3964 4005 4043 petendo

2473 4053 2934 4133 fidejussorem,
2967 4053 3308 4132 obligando
3339 4054 3720 4126 officialem,
3756 4057 4006 4117 utillum

2473 4146 2909 4226 fidejussorem
2940 4146 3085 4219 det,
3147 4145 3255 4225 qui
3285 4165 3410 4207 non
3439 4146 3849 4226 fidejubebit,
3906 4147 4004 4207 nisi

2476 4240 2677 4300 soluto
2709 4239 2765 4299 ei
2793 4239 2993 4316 pretio
3022 4256 3134 4317 pro
3177 4239 3613 4318 fidejussione,
3679 4242 3858 4320 quod
3884 4260 4008 4319 pre·

2473 4331 2652 4405 tium,
2686 4331 2784 4391 vel
2805 4330 2940 4409 ejus
2966 4350 3112 4408 pars
3132 4331 3341 4392 reddit
3369 4332 3452 4391 ad
3481 4334 3736 4393 socium
3767 4336 4004 4396 dantem

2473 4423 2794 4502 pecuniaS,
2828 4423 2926 4482 vel
2954 4423 3007 4483 si
3035 4423 3097 4483 id
3127 4424 3239 4485 fiat
3269 4470 3285 4500 ‚
3345 4429 3417 4486 ut
3445 4425 3795 4504 fidejussor
3823 4427 4005 4506 pretio

2474 4516 2619 4577 dato
2650 4515 2842 4592 socio,
2875 4515 3146 4576 redimat
3166 4534 3232 4576 se
3252 4516 3333 4576 ab
3355 4516 3746 4596 obligatione
3773 4520 4006 4598 fidejus·

2474 4607 2686 4681 sioniS,
2721 4612 2908 4687 atque
2954 4609 3042 4669 ita
3075 4608 3180 4688 qui
3209 4608 3546 4670 videbatur
3574 4611 3735 4672 dare
3770 4612 4006 4673 officiali

2473 4705 2610 4763 200.
2645 4701 2727 4762 ad
2755 4701 3162 4776 societatem,
3223 4719 3349 4761 non
3379 4701 3488 4763 dat
3517 4702 3637 4764 nisi
3669 4709 3808 4767 180.
3843 4706 4006 4766 dem·

2471 4794 2593 4873 ptis
2621 4796 2720 4854 20.
2756 4812 2896 4872 quae
2943 4793 3228 4854 officialis
3258 4794 3368 4854 dat
3397 4794 3779 4874 fidejussori.
3841 4796 4004 4870 Quod

2472 4886 2772 4965 quidem,
2819 4887 3021 4947 sicut·
3004 4907 3069 4945 ιιι
3102 4885 3411 4962 fraudem,
3448 4893 3512 4948 et
3542 4889 3756 4950 illicite
3782 4892 3916 4950 fieri
3949 4891 4002 4947 in

2472 4998 2684 5054 censu,
2744 4979 3014 5039 diximus
3047 4978 3472 5056 disputatione
3502 4998 3703 5043 xxvu.
3734 4982 3803 5042 de
3842 5002 4006 5043 ceu·

2472 5071 2575 5131 bus
2619 5076 2772 5133 sect.
2808 5075 2866 5133 9.
2916 5073 3006 5133 sic
3034 5072 3226 5132 etiam
3253 5072 3318 5131 in
3347 5074 3651 5137 societate
3679 5076 4002 5137 dicendum

2471 5165 2608 5225 erit.

2548 5259 2763 5319 Restat
2782 5256 2916 5335 jam
2946 5256 3218 5318 breviter
3264 5256 3504 5335 aliquid
3545 5259 3756 5319 dicere
3784 5260 3862 5319 de
3889 5261 4000 5320 dis·

2473 5349 2781 5411 solutione
2810 5349 3125 5412 societatis
3150 5348 3338 5410 officii
3363 5395 3381 5424 ,
3439 5369 3584 5429 quae
3628 5353 3880 5414 dissolvi
3905 5370 4000 5430 po-

2474 5445 2617 5503 test.
