4263 6376
675 3988 757 4048 50

578 4112 700 4166 Quid,
721 4113 755 4155 si
772 4125 873 4156 mo·

604 4172 700 4209 neta
717 4167 848 4220 major

604 4221 846 4273 aequivaleat

579 4274 677 4316 alibi
689 4274 872 4326 pluribus

631 4327 817 4370 minutis.

906 281 1027 341 406

911 457 1182 535 pretium
1211 457 1435 516 cambii
1483 462 1546 517 et
1590 457 2014 517 translationis
2055 458 2220 519 ultra
2266 458 2441 517 illum

914 567 1238 609 excessum
1270 549 1494 609 valoris
1540 549 1601 609 in
1634 549 1947 628 aliquibus
1991 550 2264 612 casibuS.
2326 553 2444 610 Po-

914 645 1037 703 test
1062 641 1226 701 enim
1257 642 1618 720 contingere
1647 642 1815 721 quod
1844 642 2068 721 aliquis
2099 646 2312 704 Romae
2341 644 2447 703 de-

914 752 1068 813 gens
1095 733 1324 794 habeat
1345 735 1581 795 reditus
1603 739 1665 795 et
1684 735 1981 813 pecunias
2002 735 2064 795 in
2085 737 2284 813 patria
2307 754 2441 810 sua,

917 845 1055 905 quae
1086 827 1233 904 quia
1261 830 1355 886 est
1382 827 1445 886 in
1493 827 1628 887 loco
1680 833 1919 888 remoto
1951 828 2030 887 ab
2077 829 2250 888 omni
2277 846 2450 889 com·

915 918 1171 993 merciO,
1223 918 1370 979 licet
1396 918 1483 978 ibi
1515 923 1773 997 propter
1804 921 2086 998 pecuniae
2115 921 2446 1000 penuriam

916 1010 1182 1088 pecunia
1210 1012 1348 1089 plus
1382 1012 1589 1071 valeat
1627 1012 1840 1071 valore
1882 1014 2227 1074 extrinseco
2257 1033 2449 1093 quam

917 1105 1167 1174 Romae;
1218 1122 1340 1162 non
1382 1108 1593 1164 tamen
1636 1105 1949 1165 invenitur
1990 1106 2171 1166 facile
2203 1107 2310 1184 qui
2339 1126 2450 1186 pe-

918 1196 1134 1255 cunias
1164 1196 1271 1256 det
1300 1199 1511 1256 Romae
1540 1197 1938 1276 accipiendas
1957 1198 2018 1257 in
2038 1199 2141 1259 illo
2174 1199 2448 1259 alioloco

917 1288 1005 1347 ita
1032 1293 1297 1361 remoto,
1332 1294 1395 1349 et
1422 1307 1493 1348 ex
1523 1307 1646 1368 quo
1677 1290 1928 1350 difficile
1960 1293 2226 1350 Romam
2252 1296 2450 1351 trans-

918 1379 1067 1439 ferri
1109 1386 1390 1458 possunt.
1465 1381 1640 1443 Sicut
1695 1400 1842 1460 ergo
1899 1387 2110 1460 posset
2163 1401 2453 1461 campsor

917 1479 1069 1532 tunc
1097 1491 1210 1551 pro
1240 1474 1521 1552 pecuniis
1551 1493 1706 1554 quas
1748 1478 1961 1535 Romoe
1991 1475 2118 1545 dat,
2168 1477 2450 1554 accipere

923 1582 960 1623 a
986 1565 1334 1642 campsario
1364 1566 1755 1627 tantumdem
1784 1568 2066 1646 pecuniae
2094 1569 2157 1628 in
2189 1569 2290 1630 illo
2311 1569 2450 1630 loco

919 1662 1184 1733 remote,
1217 1658 1323 1718 ubi
1355 1658 1545 1722 habet
1573 1660 1881 1738 majorem
1912 1662 2189 1721 valorem
2220 1663 2454 1722 extrin-

921 1768 1155 1825 secum,
1217 1755 1280 1811 et
1313 1751 1568 1830 insuper
1623 1753 1859 1832 aliquid
1902 1753 2068 1813 aliud
2111 1772 2223 1833 pro
2254 1755 2450 1832 pretio

920 1842 1363 1920 translationis,
1410 1844 1849 1905 difficillimum
1891 1846 2055 1905 enim
2104 1852 2268 1908 esset
2295 1866 2455 1907 cam·

920 1935 1128 2014 psario
1185 1937 1482 2014 pecunias
1538 1957 1682 1998 suas
1741 1938 1822 1998 ab
1879 1957 1951 1999 eo
2007 1939 2144 1999 loco
2190 1942 2454 2001 Romam

921 2028 1280 2104 transferre,
1316 2030 1431 2103 [ubi
1466 2030 1555 2089 eis
1583 2030 1845 2108 indiget,
1895 2035 1956 2091 et
1995 2031 2247 2092 difficile
2277 2033 2452 2093 inve-

923 2121 1088 2181 niret
1116 2124 1350 2198 Romae,
1404 2124 1512 2201 qui
1549 2123 1922 2183 solutionem
1960 2124 2023 2183 in
2052 2125 2157 2185 illo
2185 2125 2324 2186 loco
2354 2144 2453 2186 re-

923 2216 1093 2273 moto
1121 2219 1495 2292 acceptaret,
1542 2216 1708 2275 unde
1735 2216 1974 2275 nullum
2006 2218 2454 2278 commercium

925 2304 1194 2364 habetur
1226 2326 1238 2366 :
1273 2307 1360 2366 ita
1381 2307 1568 2368 etiam
1586 2309 1994 2385 campsarius,
2028 2309 2267 2388 quiscit
2295 2328 2459 2371 cam-

924 2416 1175 2478 psorem
1230 2398 1502 2477 aliquem
1557 2401 1838 2478 pecuniis
1884 2403 2094 2462 Romae
2146 2403 2451 2480 indigere,

926 2491 1033 2571 qui
1063 2510 1168 2551 eas
1210 2491 1399 2551 habet
1436 2491 1498 2550 in
1530 2492 1634 2553 illo
1678 2493 1816 2554 loco
1846 2503 2109 2570 remotO,
2170 2496 2273 2556 ubi
2317 2497 2457 2575 plus

924 2585 1135 2646 valent
1169 2585 1380 2645 valore
1420 2585 1767 2646 extrinseco
1807 2592 2063 2664 propter
2099 2606 2316 2648 earum
2353 2608 2457 2667 pe-

924 2678 1200 2752 nuriam,
1251 2682 1314 2738 et
1339 2677 1445 2736 ubi
1483 2679 1872 2756 campsarius
1916 2680 2049 2757 ipse
2079 2699 2186 2740 eas
2216 2682 2458 2742 deside-

925 2774 1055 2842 rat;
1102 2770 1331 2849 poterit
1365 2774 1572 2829 tamen
1601 2788 1676 2829 ex
1715 2773 2064 2849 campsario
2109 2775 2243 2833 fieri
2285 2793 2460 2834 cam-

923 2881 1091 2941 psor,
1127 2867 1189 2922 et
1216 2861 1489 2922 oblatam
1519 2862 1636 2921 sibi
1668 2864 2201 2942 opportunitatem
2233 2884 2459 2945 appre-

925 2953 1226 3029 hendere,
1276 2959 1464 3032 atque
1513 2955 1671 3014 adeo
1719 2957 1942 3016 offerre
1985 2959 2316 3019 mercatori
2347 2976 2457 3019 seu

925 3047 1239 3125 campsori
1269 3047 1352 3105 illi
1381 3048 1678 3124 pecunias
1711 3051 1922 3109 Romae
1952 3050 2310 3111 reddendas
2340 3052 2459 3112 sibi

925 3141 989 3202 in
1020 3140 1123 3200 illo
1163 3139 1284 3199 alio
1339 3138 1475 3200 loco
1524 3145 1765 3203 remoto
1822 3142 1883 3201 in
1935 3143 2158 3204 eadem
2188 3161 2454 3221 summa,

925 3235 1052 3293 imo
1082 3237 1145 3294 et
1173 3237 1383 3310 petere
1413 3232 1654 3293 lucrum
1685 3234 1939 3312 aliquod
1969 3239 2227 3314 propter
2254 3239 2459 3296 trans-

923 3326 1219 3387 lationem
1241 3325 1568 3385 virtualem
1589 3328 1871 3404 pecuniae
1893 3328 1972 3388 ad
1998 3331 2283 3404 Romam,
2317 3347 2457 3407 quae

926 3418 1203 3496 alioquin
1232 3416 1285 3477 ei
1317 3416 1586 3477 difficilis
1612 3418 1850 3495 fuisset,
1884 3420 2030 3481 licet
2049 3420 2311 3481 fortasse
2334 3440 2458 3481 non

924 3512 1123 3590 possit
1147 3513 1392 3571 tantum
1420 3511 1663 3571 lucrum
1695 3512 1945 3590 exigere
1977 3516 2286 3590 quantum
2316 3533 2462 3593 pos-

924 3608 1020 3665 set
1046 3605 1178 3681 ipse
1208 3621 1516 3681 campsor‚
1568 3604 1674 3682 qui
1709 3604 1770 3664 id
1802 3605 1993 3666 habet
2020 3624 2096 3664 ex
2124 3606 2351 3683 officio,
2399 3613 2462 3670 et

925 3697 1156 3757 idcirco
1188 3714 1493 3774 expensas
1541 3701 1603 3757 et
1632 3697 2031 3759 difficultates
2080 3698 2236 3758 alias
2266 3700 2453 3777 subit,

924 3794 993 3851 ut
1021 3809 1163 3850 cum
1191 3790 1327 3850 aliis
1356 3790 1540 3850 docet
1569 3789 1745 3851 Salas
1788 3790 1937 3850 dub.
1972 3808 2108 3852 v111.
2164 3810 2267 3852 nu.
2303 3797 2360 3853 2.
2394 3790 2457 3852 in

924 3883 1071 3944 fine.

1004 3976 1285 4037 Dubitari
1316 3980 1519 4055 potest
1563 3976 1860 4051 secunde,
1912 3994 1992 4036 an
2041 3977 2292 4056 quando
2324 3997 2460 4040 mo-

925 4074 1071 4129 neta
1097 4071 1299 4147 major
1326 4071 1389 4128 in
1437 4087 1561 4128 uno
1591 4069 1727 4128 loco
1777 4070 2228 4148 correspondet
2270 4071 2457 4149 pluri-

924 4163 1040 4222 bus
1070 4162 1336 4223 monetis
1359 4162 1706 4221 minoribus
1749 4179 1938 4240 quam
1968 4162 2030 4221 in
2079 4162 2221 4235 alio,
2272 4164 2458 4225 liceat

924 4256 1074 4315 dare
1098 4260 1348 4316 centum
1377 4274 1453 4313 ex
1481 4255 1598 4313 illis
1622 4255 1684 4313 in
1706 4254 1843 4315 loco
1865 4255 1971 4314 ubi
1992 4256 2200 4316 minus
2219 4257 2450 4332 valent,

922 4347 1281 4427 recipiendo
1312 4347 1571 4408 totidem
1618 4353 1868 4408 centum
1916 4348 1975 4407 in
2010 4348 2134 4409 alio
2181 4350 2316 4410 loco
2348 4349 2452 4409 ubi

921 4441 1060 4519 plus
1079 4441 1288 4500 valent
1309 4459 1323 4511 ;
1353 4439 1545 4501 ethoc
1567 4440 1807 4499 secluso
1831 4440 2007 4501 titulo
2032 4442 2453 4503 translationis

918 4534 1223 4606 virtualis,
1260 4532 1761 4608 assecurationiS,
1817 4537 1878 4593 et
1905 4533 2041 4593 aliis
2071 4552 2263 4612 supra
2289 4536 2454 4613 posi·

920 4625 1019 4687 tis,
1055 4628 1253 4703 Negat
1281 4627 1540 4686 Navarr.
1587 4625 1657 4685 de
1683 4645 1844 4685 usur.
1882 4645 1986 4686 nu.
2023 4629 2119 4687 60.
2171 4630 2233 4688 et
2259 4630 2358 4688 61.
2394 4631 2456 4688 et

920 4721 982 4779 in
1006 4719 1173 4780 Sum.
1200 4737 1253 4779 c.
1278 4736 1435 4783 xvn.
1468 4738 1528 4779 n.
1554 4723 1692 4780 295.
1726 4721 2016 4781 Affirmat
2034 4719 2266 4780 Molina
2287 4719 2446 4798 disp.

918 4816 1058 4874 307.
1093 4817 1156 4873 et
1182 4812 1353 4887 dicit,
1388 4813 1550 4873 hanc
1574 4831 1708 4872 esse
1727 4813 1970 4890 praxim
1999 4816 2446 4890 mercatorum,

919 4907 1148 4986 quibus
1177 4906 1470 4967 standum
1512 4910 1625 4981 est,
1680 4905 1826 4983 quia
1873 4906 2097 4965 melius
2144 4912 2454 4982 noverunt

911 4999 1221 5080 justitiam
1270 4998 1450 5077 pretii
1505 4997 1569 5056 in
1619 4997 1862 5058 cambio
1911 5016 2101 5077 quam
2150 4997 2445 5077 theologi.

916 5096 1194 5172 Utraque
1221 5091 1527 5152 sententia
1556 5090 1944 5151 reconciliari
1964 5094 2190 5169 potest,
2227 5109 2452 5170 suppo·

918 5187 1149 5264 nendo,
1194 5185 1259 5245 id
1291 5185 1624 5264 dupliciter
1653 5203 1836 5263 posse
1888 5184 2280 5262 contingere,
2331 5185 2454 5264 pri-

915 5300 1042 5357 m0,
1103 5279 1355 5359 quando
1399 5282 1668 5339 moneta}
1712 5278 1833 5338 illae
1876 5277 2136 5338 minutae
2180 5296 2448 5356 quarum

914 5374 1196 5454 pluribus
1251 5372 1583 5452 aequivalet
1639 5376 1891 5432 moneta
1946 5372 2150 5449 maj0r
2202 5371 2265 5430 in
2329 5390 2449 5432 uno

915 5469 1077 5544 loco,
1130 5484 1254 5526 non
1315 5471 1461 5528 sunt
1497 5465 1755 5546 aequalis
1810 5464 2042 5525 valoris
2070 5464 2133 5524 in
2185 5468 2451 5545 utroque

2074 283 2176 342 DE
2219 283 2565 345 JUS'rl'rlA
2617 282 2716 341 ET
2759 280 2960 341 JURE

2547 458 2715 530 loco;
2764 458 3060 533 secunde,
3109 457 3360 537 quando
3404 457 3468 516 in
3509 461 3768 537 utroque
3798 459 3934 518 loco
3960 458 4057 517 ha-

2546 550 2766 611 berent
2795 551 3086 610 eumdem
3114 550 3415 610 valorem.
3451 551 3516 610 In
3541 549 3738 627 primo
3759 570 3946 611 sensu
3965 553 4057 611 ad·

2546 642 2853 703 mittenda
2890 642 3141 702 videtur
3180 642 3490 703 sententia
3527 641 3771 702 Molinae
3794 689 3811 714 ,
3857 648 3922 702 et
3956 643 4057 703 hoc

2548 736 2749 795 solum
2777 735 3027 795 videtur
3055 735 3185 812 ipse
3215 734 3574 805 intendere:
3620 753 3765 793 nam
3793 738 4060 814 exempla

2550 845 2688 905 quae
2720 828 2898 887 affert
2927 827 2988 886 in
3021 845 3094 886 eo
3123 827 3327 887 solum
3353 845 3502 887 casu
3529 827 3902 905 procedunt,
3935 847 3990 887 v.
4003 848 4058 906 g.

2551 918 2801 999 quando
2828 920 3028 980 Julius
3084 924 3422 998 argenteus
3475 920 3640 980 valet
3665 920 3730 978 in
3773 939 3902 979 uno
3941 921 4058 981 loco

2549 1014 2647 1074 30.
2680 1016 2964 1073 monetas
2994 1030 3212 1088 aereaS,
3249 1013 3309 1071 in
3341 1012 3461 1073 alio
3492 1017 3698 1073 autem
3725 1015 3827 1072 40.
3855 1013 4057 1073 velat).

2552 1105 2835 1183 ejusdem
2887 1104 3184 1166 bonitatis
3236 1109 3298 1166 et
3349 1104 3798 1183 magnitudinis
3855 1125 3872 1165 ε
3931 1110 4058 1165 tunc

2550 1198 2718 1256 enim
2744 1196 2945 1259 Julius
2976 1216 3098 1257 non
3127 1198 3295 1258 valet
3322 1216 3468 1268 vere
3496 1198 3632 1277 plus
3657 1198 3715 1257 in
3761 1217 3890 1258 uno
3916 1198 4057 1273 loeo,

2549 1308 2739 1369 quam
2768 1289 2828 1348 in
2860 1290 3005 1363 alio,
3054 1290 3203 1369 quia
3241 1291 3304 1348 in
3335 1297 3599 1369 utroque
3642 1290 3834 1351 habet
3879 1292 4061 1351 solum

2547 1382 2826 1442 valorem
2856 1382 3039 1442 unius
3066 1384 3098 1442 J
3110 1382 3236 1459 ulii,
3288 1382 3396 1441 sed
3436 1387 3701 1443 monetae
3732 1401 3916 1443 aereae
3945 1384 4062 1461 plus

2548 1475 2760 1536 valent
2800 1475 2863 1533 in
2907 1492 3030 1533 uno
3074 1475 3249 1550 locu,
3299 1474 3405 1534 ubi
3437 1476 3836 1553 paucioribus
3879 1482 4063 1554 potest

2550 1566 2766 1627 haberi
2796 1567 2998 1627 Julius
3024 1573 3361 1645 argenteus
3391 1586 3580 1646 quam
3605 1567 3670 1627 in
3699 1568 3845 1628 alio.
3905 1569 4060 1640 Quod

2549 1660 2861 1738 colligitur
2890 1677 2925 1717 a
2955 1660 3285 1737 posteriori
3316 1679 3389 1719 ex
3416 1678 3512 1735 ee,
3549 1660 3715 1739 quod
3747 1661 3853 1720 ubi
3881 1662 4060 1722 Julius

2549 1756 2884 1831 argenteus
2913 1752 3195 1829 pluribus
3223 1753 3491 1813 monetis
3519 1753 3698 1812 aereis
3725 1754 4058 1831 aequivalet,

2551 1845 2759 1923 plures
2810 1863 2878 1903 ex
2943 1845 3016 1904 iis
3064 1845 3335 1905 monetis
3392 1845 3764 1905 necessariae
3820 1853 3960 1906 sunt
3995 1847 4060 1905 ad

2549 1936 3005 2015 comparandas
3047 1954 3312 2012 merces,
3361 1956 3504 2016 quae
3548 1956 3671 1997 uno
3699 1938 3869 1998 Julio
3913 1957 4062 1998 com-

2551 2034 2853 2108 parantur
2899 2050 2911 2089 :
2959 2048 3082 2089 non
3114 2048 3263 2107 ergo
3302 2034 3525 2090 auctus
3563 2030 3681 2090 fuit
3705 2030 3885 2090 valor
3911 2032 4057 2106 Julii,

2550 2123 2660 2182 sed
2689 2121 3032 2182 diminutus
3052 2123 3168 2183 fuit
3187 2122 3366 2182 valor
3391 2128 3660 2183 monetae
3690 2141 3895 2183 aereae.
3929 2124 4062 2195 Quia

2550 2218 2761 2275 tamen
2808 2214 2912 2274 ubi
2956 2214 3159 2276 Julius
3212 2216 3621 2276 reduceretur
3675 2215 3755 2274 ad
3804 2224 4062 2276 monetas

2554 2306 2762 2385 plures
2792 2324 3010 2380 aereaS,
3036 2306 3169 2384 jam
3204 2306 3581 2368 unusJulius
3596 2307 3914 2367 deservire
3943 2326 4061 2386 pos-

2552 2405 2647 2461 set
2675 2399 2754 2458 ad
2783 2399 3153 2459 solvendum
3173 2400 3453 2461 debitum
3484 2406 3671 2461 antea
3696 2407 4062 2462 contractum

2553 2492 2826 2571 plurium
2851 2498 3246 2554 monetarum
3279 2511 3620 2565 oerearum;
3656 2512 3730 2552 ex
3761 2494 3882 2554 hac
3910 2500 4058 2572 parte

2555 2590 2617 2646 et
2652 2589 2910 2663 propter
2953 2585 3113 2645 hanc
3152 2585 3487 2646 utilitatem
3525 2587 3788 2646 diminui
3833 2587 4062 2646 deberet

2553 2678 2822 2756 pretium
2865 2678 3094 2738 cambii
3139 2678 3218 2737 ad
3258 2678 3433 2737 illum
3480 2679 3688 2739 locum
3731 2680 4062 2759 aliquantu-

2553 2770 2705 2845 lum,
2736 2775 2805 2829 ut
2833 2769 3104 2832 advertit
3131 2770 3298 2830 idem
3314 2771 3549 2831 Molina
3575 2773 3630 2849 g.
3665 2771 3836 2831 Illud
3858 2782 4062 2844 tamem

2554 2863 2616 2922 in
2648 2880 2770 2941 quo
2799 2868 3009 2923 tamen
3038 2863 3439 2924 decremento
3483 2865 3759 2924 taxando
3792 2864 4057 2925 standum

2557 2955 2674 3015 erit
2700 2954 2898 3032 pretio
2928 2954 3067 3031 fori,
3114 2958 3177 3015 et
3204 2955 3342 3015 usui
3369 2966 3820 3032 mercatorum,
3879 2957 4059 3035 quide

2555 3048 2660 3107 illo
2691 3048 2916 3106 melius
2945 3052 3241 3125 poterunt
3272 3047 3584 3108 arbitrari.

2636 3142 2705 3201 ln
2759 3140 3034 3202 secundo
3066 3146 3278 3202 autem
3296 3159 3479 3202 sensu
3497 3141 3892 3203 admittenda
3919 3142 4060 3201 vide·

2552 3237 2655 3294 tur
2683 3234 2991 3294 sententia
3019 3235 3302 3311 Navarri,
3335 3234 3435 3295 cui
3465 3234 3820 3296 consentire
3850 3236 4063 3296 videtur

2558 3328 2742 3387 Sotus
2770 3326 2878 3387 lib.
2914 3328 3015 3387 vl.
3049 3325 3120 3386 de
3141 3326 3346 3406 justit.
3393 3347 3501 3406 qu.
3550 3343 3660 3390 xu.
3703 3334 3827 3388 art..
3876 3331 3931 3389 1.
3971 3347 4060 3388 nec

2556 3419 2983 3479 dissensurum
3012 3419 3201 3479 credo
3230 3419 3550 3481 Molinam.
3585 3421 3954 3499 Exemplum
3978 3439 4061 3479 au-

2556 3517 2684 3573 tem
2726 3515 2931 3590 potest
2972 3529 3129 3586 esse,
3189 3512 3357 3590 quod
3399 3512 3639 3572 indicat
3671 3512 3844 3572 idem
3881 3517 4058 3585 Sotns,

2557 3604 2810 3683 quando
2842 3608 3089 3664 scutum
3128 3604 3191 3663 in
3223 3605 3547 3682 Hispania,
3594 3625 3656 3665 v.
3687 3625 3749 3682 g.
3795 3607 3962 3666 valet
3985 3609 4058 3667 13.

2554 3698 2772 3771 Julios‚
2827 3715 2938 3756 seu
2983 3697 3227 3774 regales
3264 3702 3621 3775 argenteOS,
3674 3701 3893 3759 Romae
3937 3717 4058 3758 vero

2555 3790 2722 3851 valet
2752 3793 2846 3850 15.
2894 3790 2928 3850 J
2937 3788 3114 3865 ulios,
3149 3808 3260 3850 seu
3287 3790 3532 3867 regales
3560 3797 3900 3869 argenteos
3926 3793 4058 3869 ejus·

2556 3883 2700 3942 dem
2730 3882 3056 3954 bonitatis;
3088 3887 3238 3943 tunc
3268 3883 3434 3941 enim
3465 3903 3588 3943 non
3621 3884 4059 3944 decrevitvalor

2554 3976 2698 4038 Julii
2740 3975 3042 4051 argentei,
3092 3974 3201 4034 sed
3240 3975 3437 4035 crevit
3474 3977 3655 4036 valor
3691 3978 3854 4038 scuti
3889 3976 4056 4037 aurei.

2557 4072 2772 4147 Neque
2803 4068 2943 4128 ideo
2972 4068 3183 4146 plures
3210 4068 3357 4130 Julii
3397 4070 3739 4148 exiguntur
3765 4073 3974 4131 Romae
3996 4068 4058 4130 ad

2556 4161 2856 4222 emendas
2900 4161 3154 4220 easdem
3195 4180 3470 4235 merce5‚
3523 4181 3716 4240 quam
3755 4164 3809 4224 si
3850 4169 4060 4224 scutum

2557 4272 2817 4315 aureum
2846 4254 3084 4314 valeret
3114 4257 3209 4316 13.
3267 4255 3489 4331 Julios,
3541 4274 3657 4314 nec
3694 4257 3901 4317 minus
3929 4256 4060 4315 valet

2554 4347 2719 4406 idern
2749 4346 2950 4408 Julius
2968 4348 3204 4422 Romae,
3240 4365 3430 4426 quam
3451 4347 3512 4405 in
3532 4348 3858 4427 Hispania.
3892 4351 4060 4422 Quare

2552 4444 2702 4500 tunc
2732 4439 2835 4518 qui
2867 4439 3048 4500 daret
3078 4443 3214 4501 100.
3249 4445 3427 4500 scuta
3455 4458 3654 4501 aurea
3680 4443 3932 4516 Mau-iti,
3962 4459 4058 4501 non

2528 4538 2763 4615 ‘posset
2790 4531 3051 4592 totidem
3080 4533 3359 4612 recipere
3376 4535 3592 4594 Romae
3626 4554 3640 4595 :
3675 4535 3944 4614 alioquin
3971 4550 4059 4612 pro

2556 4629 2728 4686 1300.
2788 4624 2969 4686 Juliis
3007 4644 3163 4703 quos
3201 4625 3433 4687 Matriti
3471 4625 3768 4703 dederat,
3830 4628 4056 4705 recipiet

2555 4721 2730 4780 1500.
2793 4720 3037 4794 Romae,
3095 4719 3201 4796 qui
3242 4723 3459 4796 postea
3502 4719 3805 4781 darentur
3850 4724 4051 4784 Roma·-

2553 4811 2964 4890 recuperandi
2996 4812 3244 4887 Matriti,
3292 4811 3419 4890 jam
3451 4830 3526 4870 ex
3577 4813 3827 4874 cambio
3855 4811 4054 4891 duplici

2554 4905 2655 4964 illo
2701 4906 2978 4964 lucratus
3016 4909 3180 4963 esset
3217 4906 3353 4965 200.
3401 4905 3639 4980 Julios,
3686 4906 3925 4966 secluso
3959 4904 4055 4963 alio

2552 4998 2754 5072 titulo,
2789 4997 2992 5056 solum
3019 5000 3276 5074 propter
3293 4996 3601 5075 majorem
3622 4998 3896 5058 valorem
3924 4997 4052 5058 scuti

2553 5092 2727 5151 aurei
2756 5093 2968 5150 Romae
3008 5108 3197 5169 quam
3225 5090 3494 5163 Matriti,
3541 5092 3717 5169 quod
3761 5111 3884 5151 non
3909 5090 4051 5149 vide-

2550 5188 2654 5245 tur
2682 5183 3177 5259 concedendum,
3225 5201 3429 5262 neque
3460 5183 3581 5244 hoc
3625 5186 3817 5245 credo
3861 5183 4052 5245 esseio

2552 5296 2669 5337 usu
2699 5277 2865 5355 apud
2895 5280 3296 5350 mercatoreS,
3347 5276 3456 5336 sed
3500 5277 3714 5353 potius
3754 5277 3946 5353 taxari
3967 5293 4054 5332 ra·

2552 5371 2750 5431 lorem
2780 5370 2936 5430 scuti
2968 5370 3210 5447 accepti
3240 5369 3471 5430 Matriti
3506 5370 3694 5447 juxta
3722 5371 3917 5432 Julius
3943 5367 4052 5446 qui·

2552 5464 2668 5523 bus
2711 5463 2792 5524 ibi
2839 5463 3192 5542 aequivalet,
3255 5467 3321 5523 ut
3373 5462 3643 5523 totidem
3680 5464 3832 5524 Julii
3875 5465 4051 5522 Roma·
