4263 6376
660 2935 697 2992 5

523 3060 681 3115 Duplex
719 3072 817 3101 mo-

543 3122 650 3157 neue
668 3114 797 3164 valor,

550 3168 715 3223 legalis,
750 3172 792 3208 et

561 3222 776 3267 naturalis.

896 326 1012 384 388

896 522 1020 564 non
1050 504 1272 581 potest,
1293 501 1439 580 quia
1459 516 1679 560 revera
1709 502 1802 558 est
1821 501 2131 573 mutuum,
2168 501 2229 558 et
2254 498 2418 573 ide0‚

898 597 1013 656 nisi
1045 596 1286 655 ratione
1313 593 1469 653 lucri
1499 592 1820 668 cessantis,
1853 590 1952 649 vel
1984 590 2197 649 damni
2228 608 2424 649 emer-

897 687 1120 767 gentis,
1154 685 1308 745 nihil
1334 685 1499 745 ultra
1529 690 1758 746 sortem
1791 682 1986 761 accipi
2019 686 2245 762 potest.
2269 684 2427 753 Qua·

896 802 960 841 re
991 778 1286 840 claritatis
1314 778 1521 856 gratia
1550 778 1629 837 ad
1661 778 1817 836 duas
1832 775 2071 853 species
2101 775 2265 836 solas
2295 793 2424 835 om-

892 874 994 933 nia
1023 872 1267 933 cambia
1296 871 1690 946 reducemuS,
1728 887 1952 946 nempe
1975 868 2055 927 ad
2087 867 2264 940 illud,
2297 883 2421 946 quo

893 985 1014 1025 una
1044 963 1310 1043 pecunia
1340 981 1453 1041 pro
1503 962 1624 1022 alia
1678 961 1916 1020 meliori
1974 960 2072 1019 vel
2127 958 2423 1019 deteriori

888 1062 1330 1131 commutatur,
1390 1055 1557 1134 quod
1595 1059 1687 1115 est
1733 1053 2047 1113 cambium
2102 1052 2415 1127 manuale,

888 1170 997 1211 seu
1025 1150 1367 1221 minutum3
1399 1152 1460 1207 et
1486 1148 1637 1206 illud
1661 1165 1782 1225 quo
1814 1148 2207 1223 permutatur
2234 1163 2419 1224 pecu-

888 1245 990 1303 nia
1018 1260 1129 1321 pro
1159 1240 1423 1320 pecunia
1454 1240 1574 1300 alio
1604 1239 1741 1298 loeo
1772 1237 2118 1314 reddenda,
2152 1238 2283 1297 sive
2317 1255 2416 1297 eo-

884 1337 1051 1412 dem,
1076 1336 1205 1394 sive
1261 1333 1505 1394 diverso
1536 1338 1840 1410 tempore,
1874 1331 2042 1409 quod
2099 1336 2193 1391 est
2247 1349 2417 1390 cam-

882 1430 1057 1488 bium
1083 1426 1318 1498 loeale;
1354 1426 1431 1486 de
1463 1442 1729 1504 quorum
1753 1423 2019 1502 justitia,
2068 1423 2169 1482 vel
2218 1423 2417 1502 injus-

882 1523 1018 1582 titia
1045 1520 1361 1598 agendum
1391 1523 1504 1578 est.
1557 1518 1724 1578 Alias
1768 1516 2005 1594 speeies
2059 1516 2286 1575 cambii
2317 1534 2415 1575 re-

881 1616 999 1674 fert
1027 1632 1102 1672 ex
1129 1612 1264 1672 aliis
1293 1611 1502 1672 Molin.
1539 1610 1698 1690 disp.
1725 1612 1863 1671 398.
1898 1626 2037 1687 quae
2059 1609 2413 1687 velspecies

880 1726 1004 1768 non
1032 1710 1196 1780 sunt,
1229 1705 1326 1764 vel
1361 1705 1419 1764 in
1451 1704 1546 1763 his
1576 1703 1997 1776 continentur,
2026 1704 2087 1760 et
2118 1702 2288 1778 apud
2321 1702 2414 1780 ip-

879 1820 1017 1860 sum
1046 1799 1245 1858 videri
1275 1801 1555 1875 possunt.

1355 2229 1786 2313 SECTlt)
1877 2229 1962 2314 ΙΙ.

869 2540 958 2602 De
984 2539 1204 2601 cambio
1250 2536 1527 2612 manuali,
1561 2546 1615 2596 et
1644 2535 1767 2614 ejus
1780 2534 2044 2615 justitia,
2077 2532 2179 2592 ubi
2203 2532 2271 2593 de
2307 2551 2403 2592 υα-

1267 2645 1388 2705 lore
1408 2644 1570 2724 justo
1598 2650 1978 2701 monetarum.

950 2911 1240 2972 Dicemus
1295 2909 1466 2988 prius
1523 2907 1599 2967 de
1647 2906 1891 2967 cambio
1933 2904 2231 2980 manuali,
2276 2920 2398 2982 quo

874 3022 997 3064 una
1025 3002 1290 3082 pecunia
1314 3020 1424 3079 pro
1455 3000 1579 3061 alia
1608 3004 2050 3074 commutatur,
2086 3002 2156 3059 ut
2183 3001 2401 3076 postea

871 3115 1077 3157 sermo
1107 3096 1185 3155 sit
1213 3094 1289 3154 de
1311 3093 1556 3153 cambio
1589 3092 1788 3165 locali,
1824 3091 2001 3171 cujus
2031 3091 2237 3168 praxis
2265 3090 2398 3168 plu-

866 3210 968 3252 res
1009 3194 1071 3250 et
1115 3187 1434 3267 graviores
1482 3185 1877 3246 difficultates
1924 3184 2220 3245 continet.
2277 3185 2396 3244 Pro

867 3304 991 3364 quo
1024 3280 1479 3343 advertendum
1520 3279 1825 3358 imprimis
1872 3283 1984 3354 est,
2025 3278 2087 3336 in
2119 3277 2398 3357 qualibet

864 3382 1116 3437 moneta
1144 3374 1457 3451 duplicem
1489 3372 1764 3433 valorem
1793 3371 1892 3430 vel
1915 3370 2395 3430 aestimationem

863 3468 1244 3531 considerari
1274 3483 1455 3544 posse
1490 3485 1502 3525 ε
1539 3464 1775 3542 primus
1815 3467 1908 3523 est
1936 3463 2113 3522 valor
2151 3461 2390 3540 legaliS,

863 3562 968 3641 qui
987 3563 1126 3640 lege
1147 3557 1443 3639 principis
1464 3575 1606 3617 cum
1630 3555 1681 3636 ej
1694 3575 1763 3615 us
1783 3556 1984 3634 sigillo
2008 3555 2349 3633 imponitur
2373 3573 2386 3614 ε

859 3657 1017 3717 alter
1051 3659 1144 3713 est
1172 3652 1345 3713 valor
1374 3649 1676 3710 naturalis
1705 3649 2082 3727 proveniens
2112 3667 2188 3707 ex
2217 3647 2391 3708 boni-

856 3754 982 3811 tate
1012 3744 1268 3820 metalli,
1313 3742 1409 3805 vel
1437 3741 1740 3818 materiae,
1776 3759 1849 3801 ex
1880 3741 2271 3820 antiquitate,
2309 3759 2385 3799 ex

858 3841 1120 3903 utilitate
1167 3837 1391 3915 majori
1440 3836 1519 3894 ad
1568 3833 1944 3896 commercia
1981 3834 2278 3909 humana,
2314 3852 2388 3893 ex

857 3931 1302 3994 commoditate
1330 3927 1554 4007 majori
1586 3927 1664 3987 ad
1696 3945 1868 4003 usus,
1895 3945 1968 3986 ex
1989 3926 2213 4005 maJ‘ori
2241 3927 2387 3986 faci-

854 4028 1026 4087 litate
1081 4043 1204 4103 qua
1258 4021 1425 4101 apud
1484 4026 1726 4081 exteros
1766 4025 2151 4098 acceptatur,
2204 4025 2265 4081 et
2312 4038 2386 4079 ex

855 4119 991 4178 aliis
1021 4116 1329 4195 capitibus
1358 4118 1613 4193 propter
1641 4132 1780 4193 quae
1810 4113 1968 4173 solet
1994 4131 2185 4191 supra
2214 4113 2386 4191 lega-

852 4213 976 4272 lem
1018 4209 1296 4269 valorem
1338 4207 1478 4286 plus
1508 4205 1640 4265 dari
1673 4224 1785 4284 pro
1838 4205 1948 4265 tali
1976 4209 2249 4266 moneta.
2286 4205 2385 4266 Ad

854 4305 1130 4364 valorem
1159 4306 1366 4361 autem
1413 4299 1679 4377 legalem
1735 4299 2184 4377 imponendum
2228 4299 2385 4360 solet

854 4403 914 4457 et
979 4395 1165 4455 debet
1233 4392 1522 4471 princeps
1585 4391 1909 4451 attendere
1967 4390 2045 4449 ad
2101 4391 2382 4450 valorem

852 4490 1039 4552 etiam
1114 4485 1465 4547 naturalem
1533 4503 1725 4562 supra
1793 4483 2192 4560 explicatum,
2269 4501 2384 4543 nec

852 4583 1018 4643 enim
1048 4585 1259 4659 posset
1286 4578 1521 4656 absque
1547 4577 1982 4654 urgentissima
2014 4577 2381 4637 necessitate

852 4674 1121 4736 nummis
1178 4692 1250 4732 ex
1298 4672 1466 4732 corio
1515 4670 1692 4730 factis
1732 4668 2053 4747 imponere
2101 4669 2380 4730 valorem

849 4767 1088 4828 nummi
1131 4764 1325 4838 aurei,
1378 4762 1525 4841 quia
1572 4782 1718 4822 usus
1763 4762 1901 4823 talis
1942 4762 2223 4840 pecunia}
2253 4783 2380 4823 non

849 4865 1060 4941 posset
1089 4859 1219 4918 sine
1250 4857 1520 4917 maximo
1549 4856 1947 4916 incommodo
1977 4856 2378 4916 subditorum

847 4953 1183 5027 introduci,
1232 4956 1295 5011 et
1339 4948 1615 5010 retineri.
1668 4951 1796 5009 lmo
1845 4949 1905 5008 in
1938 4968 1990 5009 c.
2031 4949 2277 5025 Quanto,
2311 4949 2381 5010 de

831 5043 1249 5128 jurajuranda,
1293 5043 1604 5102 indicatur
1631 5059 1755 5100 non
1804 5059 1983 5119 posse
2032 5042 2378 5121 principem

849 5141 1209 5219 permittere
1260 5135 1430 5215 quod
1485 5138 1754 5194 monetae
1803 5134 1979 5193 valor
2023 5134 2229 5214 major
2272 5137 2372 5212 sit,

849 5253 1039 5313 quam
1068 5230 1348 5292 materiae
1375 5227 1647 5307 qualitas
1677 5229 1738 5285 et
1767 5225 2036 5303 pretium
2067 5227 2367 5306 exigeret.

852 5332 966 5387 Per
1013 5326 1129 5386 boc
1180 5328 1384 5384 tamen
1429 5339 1551 5381 non
1601 5317 1836 5379 tollitur
1883 5320 2046 5397 quod
2082 5322 2374 5402 princeps

847 5419 1042 5498 possit
1069 5418 1344 5477 valorem
1388 5417 1658 5472 monetoe
1701 5429 1931 5489 augere
1980 5431 2170 5491 supra
2200 5416 2374 5476 valo-

845 5531 975 5573 rem
1008 5509 1264 5585 metalli,
1313 5511 1617 5586 quantum
1665 5505 1812 5565 satis
1861 5504 1941 5564 sit
1987 5511 2055 5565 ut
2083 5526 2372 5585 expensae

2053 318 2152 377 Dm
2198 319 2552 378 JUS'rl'rlA
2598 318 2698 377 ΕΤ
2741 318 2940 378 JURE

2525 495 2920 557 deducantur
2948 514 3088 574 quae
3128 495 3191 556 in
3214 514 3289 555 ea
3317 497 3614 557 cudenda
3637 495 3772 556 fieri
3803 496 4022 571 debent,

2524 591 2594 647 ut
2623 588 2972 648 eommunis
3002 589 3189 648 etiam
3220 589 3430 667 praxis
3459 594 3751 664 testatur,
3781 589 4024 669 quinimo

2525 680 3025 740 necessariumid
3056 681 3324 757 videtur,
3351 700 3429 741 ne
3459 701 3604 742 cum
3636 682 3885 761 publico
3911 700 4027 759 pro-

2522 773 2742 833 vinciae
2773 773 3003 834 damno
3026 774 3293 852 pecunia
3317 780 3450 835 tota
3479 775 3650 836 foras
3673 774 4023 836 extrahatur.

2521 868 2735 945 Neque
2790 866 2980 926 etiam
3027 867 3422 929 damnandus
3472 874 3568 930 est
3613 869 3908 947 princeps
3942 869 4028 947 qui

2522 978 2595 1019 ex
2617 958 2790 1038 justa
2819 978 3009 1020 causa
3037 963 3100 1021 et
3137 960 3529 1036 necessitate,
3564 962 3857 1040 pecunia}
3884 979 4027 1020 eom-

2519 1052 2726 1111 munis
2768 1053 3046 1112 valorem
3087 1053 3355 1130 legalem
3383 1061 3576 1130 auget
3622 1054 4027 1114 consentiente

2519 1144 2770 1221 populo,
2834 1145 2896 1205 in
2941 1145 3118 1225 eujus
3165 1143 3584 1223 prejudicium
3641 1152 4026 1223 augmentum

2517 1237 2669 1297 illud
2714 1257 2848 1298 esse
2892 1242 3122 1317 posset,
3159 1240 3283 1297 imo
3324 1242 3500 1299 tanta
3529 1245 3752 1317 posset
3780 1257 3912 1299 esse
3939 1257 4026 1297 ne·

2517 1330 2772 1391 cessitas
2803 1336 2870 1393 ut
2898 1332 3032 1391 sine
3062 1331 3278 1409 populi
3306 1349 3617 1392 consensu
3651 1331 3718 1391 id
3745 1332 3883 1391 fieri
3909 1350 4029 1410 pos-

2516 1428 2632 1499 set,
2669 1424 2921 1503 quando
2946 1424 3046 1485 hic
3067 1443 3406 1485 consensus
3425 1425 3506 1485 ad
3524 1425 3845 1505 ejusmodi
3865 1443 4028 1485 onera

2514 1516 2897 1595 imponenda
2926 1536 3048 1578 non
3080 1518 3437 1598 requiritur,
3472 1518 3552 1578 de
3585 1519 3821 1597 quibus
3856 1519 4027 1578 videri

2514 1613 2773 1686 possunt
2803 1610 3016 1670 Rebel.
3061 1627 3128 1669 11.
3173 1628 3234 1687 p.
3268 1609 3338 1669 de
3378 1609 3560 1689 obliq.
3610 1611 3759 1688 just.
3805 1612 3912 1672 lib.
3952 1628 4022 1671 xl.

2514 1721 2574 1779 q.
2609 1705 2667 1762 2.
2704 1706 2766 1762 et
2795 1702 2970 1762 Salas
3013 1701 3084 1762 de
3127 1702 3385 1780 cambiis,
3419 1703 3576 1765 duh.
3628 1722 3855 1766 xxxm.
3887 1724 3945 1765 n.
3971 1708 4019 1764 3.

2511 1794 2894 1872 Magnopere
2946 1799 3155 1855 tamen
3205 1795 3438 1857 debent
3475 1797 3801 1877 principes
3847 1804 4026 1859 atten-

2511 1887 2660 1946 dere
2691 1906 2768 1947 ne
2800 1887 2863 1946 id
2898 1888 2961 1947 in
2993 1888 3313 1966 publicum
3343 1890 3718 1969 reipublicae
3746 1892 4024 1952 damnum

2510 1979 2840 2056 redundet,
2877 1986 3063 2058 prout
3091 1982 3461 2061 plerumque
3477 1983 3848 2045 redundare
3864 1985 4020 2045 solet.

2511 2074 2672 2131 Dum
2705 2073 2872 2132 euim
2900 2073 3136 2134 subditi
3164 2080 3481 2152 coguntur
3509 2082 3840 2137 monetam
3865 2078 4026 2137 vilem

2507 2164 2728 2244 majori
2782 2166 2994 2225 valore
3052 2167 3425 2228 aestimatam
3480 2169 3799 2247 accipere,
3855 2171 4026 2248 impe·

2508 2259 2766 2318 diuntur
2820 2259 2900 2317 ab
2949 2259 3118 2319 omni
3166 2261 3549 2321 commercio
3599 2280 3748 2321 cum
3795 2262 4022 2333 extens»,

2506 2351 2611 2430 qui
2645 2351 2956 2429 ejusmodi
2974 2353 3305 2430 pecuniam
3330 2371 3403 2413 eo
3427 2354 3652 2414 valore
3673 2355 4025 2416 aestimatam

2505 2463 2629 2504 non
2659 2444 2994 2521 accipiunt.
3030 2446 3227 2505 Datur
3255 2445 3487 2505 deinde
3507 2447 3764 2508 occasio
3793 2448 4021 2519 exteris,

2504 2541 2574 2597 ut
2614 2536 2923 2616 ejusmodi
2962 2538 3148 2597 vilem
3177 2539 3514 2616 pecuniam
3545 2540 3939 2600 falsificatam
3964 2541 4016 2598 in

2503 2648 2733 2708 magna
2763 2630 2942 2707 copia
2971 2630 3212 2691 occulto
3242 2631 3676 2710 introducant,
3712 2638 3783 2694 ut
3811 2652 3946 2694 eam
3972 2633 4024 2692 iu

2501 2723 2609 2784 tali
2640 2723 2962 2800 provincia
2992 2741 3135 2784 eum
3164 2723 3338 2786 luero
3370 2725 3764 2803 expendant,
3799 2731 3862 2787 et
3881 2745 4023 2785 mer-

2503 2834 2625 2892 ceS‚
2659 2817 2756 2876 vel
2781 2816 2968 2876 etiam
2999 2817 3296 2894 pecunias
3314 2818 3473 2877 alias
3499 2820 3801 2881 meliores
3819 2826 3886 2880 et
3909 2837 4024 2898 pre-

2501 2909 2788 2969 tiosiores
2816 2928 2928 2987 pro
2975 2909 3081 2968 illa
3110 2909 3217 2968 vili
3246 2910 3522 2987 pecunia
3551 2920 3947 2991 comparent,
3974 2917 4024 2970 et

2500 3001 2562 3060 in
2593 3002 2859 3080 patriam
2889 3021 3068 3062 suam
3099 3002 3467 3075 extrahant;
3495 3008 3560 3065 et
3587 3005 3717 3065 alia
3733 3005 4023 3085 ejusmodi

2500 3094 3004 3154 inconvenientia
3072 3095 3448 3173 gravissima
3518 3105 4019 3177 consequuntur,

2498 3207 2637 3267 quac
2685 3187 2969 3267 princeps
3018 3209 3092 3248 ex
3136 3187 3378 3268 justitia
3436 3210 3806 3268 praecavere
3850 3192 4022 3252 debet

2497 3287 2566 3341 ut
2593 3282 2872 3360 praedicti
2902 3286 3189 3343 auctores
3219 3287 3282 3342 et
3307 3283 3594 3363 theologi
3620 3286 3924 3346 fatentur.

2575 3377 2663 3434 De
2709 3375 2969 3435 erimine
2999 3380 3208 3435 autem
3241 3376 3375 3453 ejus
3414 3378 3523 3455 qui
3551 3379 3777 3438 salsam
3824 3397 4022 3438 mone·

2493 3471 2623 3528 tam
2653 3467 2843 3542 cudit,
2879 3471 2940 3528 et
2971 3468 3049 3526 de
3080 3467 3215 3546 ejus
3254 3469 3480 3545 poeniS,
3512 3475 3577 3530 et
3605 3471 3894 3530 omnium
3926 3473 4019 3550 qni
4090 3505 4107 3545 1

2494 3560 2550 3620 ei
2580 3564 3021 3639 cooperantur,
3057 3565 3166 3621 aut
3194 3561 3301 3639 qui
3326 3580 3465 3621 eam
3486 3567 3818 3624 monetam
3847 3565 4021 3625 intro-
4074 3557 4107 3638 ⁶¹¹]

2492 3653 2752 3728 ducunt,
2804 3652 2902 3711 vel
2934 3651 3205 3713 scienter
3247 3654 3630 3732 expendunt,
3665 3656 3874 3717 videri
3923 3675 4023 3735 po-
4077 3643 4107 3714 φ’

2489 3750 2611 3806 test
2656 3745 2888 3806 Molina
2928 3749 3076 3807 tom.
3128 3746 3237 3806 111.
3287 3751 3365 3806 tr.
3420 3763 3489 3807 11.
3541 3747 3704 3827 disp.
3764 3753 3913 3810 702.
3967 3755 4021 3810 et
4055 3719 4107 3811 ἵ

2490 3838 2658 3916 quod
2701 3837 2922 3898 attinet
2963 3837 3044 3897 ad
3087 3842 3369 3898 nostrum
3416 3841 3843 3918 propositum,
3903 3861 4021 3903 cer-

2486 3935 2620 3990 tum
2650 3935 2745 3991 est
2772 3948 2847 3989 ex
2877 3948 2950 3990 eo
2981 3929 3208 3991 delicto
3240 3931 3386 3990 oriri
3412 3931 3876 4010 obligationem
3903 3954 4022 3995 ιω-

2485 4023 2772 4099 tituendi,
2825 4025 2887 4082 et
2923 4022 3188 4101 principi
3235 4022 3297 4082 in
3346 4023 3526 4102 cujus
3581 4025 4018 4103 praejudicium

2487 4114 2550 4174 id
2597 4116 2687 4190 fit,
2755 4119 2818 4175 ct
2889 4114 3029 4190 illis,
3077 4115 3304 4193 quibus
3350 4120 3603 4177 moneta
3658 4118 3832 4180 falsa
3879 4120 4016 4180 data

2486 4208 2782 4268 damnum
2860 4207 3066 4268 intulit
3097 4256 3111 4280 ,
3178 4226 3249 4268 eo
3321 4209 3488 4288 quod
3558 4208 3732 4270 illam
3804 4219 4020 4292 postea

2484 4319 2608 4360 non
2638 4305 2901 4379 possunt
2944 4318 3122 4379 aeque
3170 4301 3406 4361 utiliter
3432 4302 3792 4380 expendere
3847 4324 4021 4384 prop-

2483 4397 2578 4454 ter
2644 4393 2873 4453 valoris
2944 4392 3279 4454 defectum.
3338 4393 3492 4455 lllud
3566 4395 3772 4455 solum
3861 4398 4017 4458 diffi-

2482 4487 2776 4547 cultatem
2807 4485 3039 4546 hobere
3067 4489 3298 4564 posset,
3332 4505 3414 4547 an
3441 4487 3491 4547 si
3520 4487 3686 4548 bona
3715 4489 3854 4550 fide
3883 4508 4014 4551 mo-

2483 4584 2692 4639 netam
2720 4579 2938 4638 falsam
2965 4579 3045 4638 ab
3074 4577 3194 4639 alio
3212 4579 3523 4658 accepisti,
3549 4580 3796 4642 etbona
3829 4585 4015 4644 etiam

2480 4672 2603 4732 fide
2647 4671 2994 4751 expendisti
3041 4671 3118 4731 ad
3169 4672 3433 4734 emenda
3472 4673 3581 4733 tibi
3625 4678 4009 4752 necessaria,

2481 4769 2698 4845 postea
2726 4769 3047 4844 comperta
3077 4764 3359 4841 veritate,
3408 4765 3635 4826 debeas
3672 4770 4014 4829 restituere

2479 4857 2731 4937 quando
2786 4875 2909 4917 non
2956 4876 3022 4917 es
3053 4857 3252 4918 faetus
3282 4878 3357 4917 ea
3388 4858 3464 4917 de
3506 4877 3697 4918 eausa
3726 4862 4014 4942 locuple·

2477 4952 2619 5027 tior,
2681 4950 2828 5030 quia
2870 4969 2943 5009 ex
2975 4954 3295 5011 contractu
3342 4969 3605 5012 oneroso
3633 4971 4006 5033 acceperas,

2481 5050 2541 5104 et
2570 5062 2677 5122 pro
2718 5043 2942 5103 eodem
2979 5043 3191 5104 valore
3240 5062 3354 5120 per
3380 5049 3776 5107 contractum
3819 5049 4012 5109 etiam

2479 5156 2811 5198 onerosum
2840 5155 2979 5197 eam
3010 5136 3381 5215 expendisti.

2555 5233 2622 5291 In
2673 5249 2794 5308 quo
2852 5248 3000 5289 casu
3049 5228 3237 5308 aliqui
3287 5235 3520 5308 negant
3558 5231 4008 5311 obligationem

2475 5321 2863 5384 restituendi.
2898 5323 2989 5383 Ita
3017 5322 3214 5382 Diana
3234 5323 3310 5383 11.
3343 5329 3496 5384 tom.
3522 5329 3601 5386 tr.
3627 5342 3716 5386 vt.
3740 5325 4004 5387 miscell.

2473 5416 2656 5476 solut.
2690 5420 2748 5476 3.
2782 5415 3018 5490 dicens,
3051 5415 3115 5476 id
3146 5435 3280 5477 esse
3310 5417 3658 5496 probabile,
3696 5426 3760 5482 et
3791 5420 4009 5480 addu-

2471 5528 2617 5568 cens
2647 5509 3013 5570 Silvestrum
3044 5508 3215 5570 verb.
3256 5509 3516 5589 falsarii,
3554 5531 3614 5591 q.
3650 5530 3739 5574 vt.
3773 5520 3840 5575 et
3871 5519 4004 5576 Au·
