4263 6376
1230 342 1699 402 DlSPUTATlO
1743 342 1931 416 XXV,
1981 341 2253 401 SECTIO
2301 342 2399 402 Vl.

906 812 963 890 g.
1002 816 1057 873 1.

279 1083 346 1141 De
378 1075 539 1140 lucro
577 1088 875 1141 cessante.
929 1078 1257 1154 Quomodo
1288 1085 1552 1161 propter
1594 1073 1765 1138 illud

416 1181 660 1266 aliquid
685 1182 870 1247 ultra
899 1194 1133 1247 sortem
1160 1182 1326 1265 8τίρί
1348 1181 1568 1265 possit..

115 1451 168 1506 ευ
331 1436 569 1493 Lucrum
626 1453 876 1494 cessare
932 1433 1183 1508 dicitur,
1243 1433 1495 1512 quando
1554 1453 1627 1492 ex
1685 1452 1759 1493 eo

61 1583 113 1617 un
132 1575 222 1627 ἡ,
270 1526 406 1605 quod
448 1530 716 1602 mutuas,
759 1526 992 1586 amittis
1034 1526 1430 1586 occasionem
1475 1525 1760 1585 lucrandi

70 1630 194 1671 then
269 1624 355 1680 tua
387 1619 674 1696 pecunia,
709 1637 834 1698 qua
884 1618 1135 1679 volebas
1182 1619 1279 1678 vel
1325 1635 1603 1694 censum,
1653 1622 1765 1679 aut

66 1689 201 1725 ΜΕ
268 1712 505 1785 domum,
537 1712 639 1771 vel
686 1729 910 1790 agrum
962 1711 1349 1771 tructiferum
1396 1728 1627 1785 emere,
1662 1710 1759 1770 vel

267 1804 650 1882 negotiatione
680 1805 848 1864 licite
878 1803 1046 1863 aliud
1103 1804 1348 1863 lucrum
1413 1821 1701 1881 quaerere
1748 1822 1762 1862 ε

265 1896 476 1976 quando
504 1897 677 1956 enim
722 1897 966 1957 lucrum
1009 1895 1220 1955 illicite
1264 1894 1758 1974 comparandum

264 1994 390 2061 erat,
418 2007 523 2067 pro
549 2007 627 2049 eo
689 1994 857 2050 certe
906 1988 1057 2047 nihil
1088 2006 1125 2047 a
1167 1988 1547 2049 mutuatario
1596 1986 1761 2064 exigi

262 2085 535 2160 potest,ut
561 2080 614 2141 si
666 2081 928 2142 daturus
975 2100 1111 2139 eras
1157 2081 1454 2157 pecunias
1495 2079 1631 2140 illas
1679 2078 1758 2139 ad

261 2192 462 2247 usuras,
494 2192 608 2252 pro
642 2191 717 2233 eo
746 2173 921 2233 lucro
952 2191 1155 2233 cessar
1172 2178 1232 2231 te
1262 2171 1416 2232 nihil
1445 2171 1758 2249 potetisin

256 2272 470 2345 paetum
500 2266 841 2326 deducere.
890 2266 1117 2344 Aliqua
1164 2282 1315 2342 ergo
1362 2269 1507 2324 sunt
1561 2269 1752 2339 certa,

258 2364 308 2419 et
330 2365 485 2419 extra
511 2358 1009 2419 controversiam
1053 2358 1114 2417 in
1146 2357 1280 2417 hoc·
1319 2361 1573 2435 puncta.
1628 2356 1759 2417 Pri-

255 2470 399 2513 mum
441 2456 554 2528 est,
588 2450 850 2530 quando
895 2469 1009 2530 per
1054 2450 1178 2510 vim
1210 2449 1308 2509 vel
1354 2449 1641 2510 fraudem
1669 2448 1757 2508 iu-

247 2546 386 2622 juste
426 2543 561 2623 quis
609 2544 862 2622 cogitur
903 2544 984 2602 ad
1031 2541 1469 2618 mutuandum,
1527 2541 1757 2602 dehere

252 2637 324 2698 illi
346 2637 620 2698 resarciri
656 2636 845 2696 etiam
890 2636 1134 2697 lucrum
1182 2654 1455 2710 cessans,
1502 2634 1650 2694 licet
1693 2633 1757 2693 id

253 2729 303 2788 in
343 2734 580 2808 pactum
636 2747 762 2787 non
820 2728 1011 2788 fuerit
1058 2728 1419 2804 deductum,
1452 2730 1638 2804 prout
1663 2724 1759 2783 di-

252 2826 394 2882 ctum
420 2820 609 2882 etiam
665 2824 759 2880 est
787 2820 865 2880 de
914 2819 1143 2881 damno
1188 2823 1577 2897 emergente3
1611 2818 1756 2896 quia

251 2914 496 2974 carentia
520 2913 695 2973 illius
725 2912 879 2974 lucri
910 2917 1005 2974 est
1031 2912 1331 2973 damnum
1370 2910 1596 2988 injuste
1624 2909 1752 2969 illa-

252 3010 380 3081 tum,
406 3005 580 3085 cujus
612 3004 1040 3083 compensatio
1069 3004 1375 3065 incumbit
1390 3003 1447 3063 ei
1475 3002 1579 3081 qui
1611 3020 1752 3061 cau-

252 3118 361 3158 sam
412 3097 625 3159 damni
675 3098 904 3176 injuste
946 3097 1142 3158 dedit.
1178 3096 1479 3158 Videatur
1522 3093 1753 3155 Molina

254 3191 391 3270 disp.
436 3194 575 3253 315.
611 3191 678 3250 in
709 3191 909 3269 princ.
960 3190 1209 3249 Lessius
1261 3208 1399 3266 cap.
1433 3188 1564 3248 XX.
1599 3185 1748 3246 dub.

249 3301 320 3345 xl.
365 3303 531 3346 num.
563 3287 670 3346 79.
733 3283 913 3345 Salas
955 3283 1106 3343 dub.
1158 3299 1285 3343 xlx.
1330 3299 1502 3341 num.
1554 3283 1612 3341 6.
1649 3279 1757 3359 qui

250 3378 382 3439 alios
430 3378 724 3451 afferunt,
777 3380 840 3436 et
882 3375 1043 3435 bene
1098 3374 1360 3449 addunt,
1408 3373 1574 3433 idem
1621 3389 1755 3431 esse

250 3471 473 3549 quando
502 3470 644 3529 sinc
675 3469 974 3546 injustitia
1010 3467 1254 3545 cogitur
1282 3485 1321 3527 a
1350 3464 1761 3545 principe‚vel

249 3563 543 3642 republica
587 3567 882 3622 mutuare
913 3565 1170 3638 propter
1214 3558 1615 3619 necessitates
1644 3575 1758 3634 pu-

249 3656 452 3725 blicas;
486 3672 697 3734 neque
727 3653 893 3714 enim
941 3652 1127 3713 debet
1147 3652 1313 3712 solus
1342 3650 1758 3711 mutuatarius

249 3747 377 3808 illud
403 3748 709 3808 damnum
737 3746 1065 3821 sustinere,
1091 3745 1200 3804 sed
1219 3745 1407 3805 debet
1434 3745 1594 3804 inter
1622 3759 1760 3803 om-

251 3860 343 3901 noe
366 3841 651 3902 subditos
696 3838 1010 3911 distribui,
1061 3842 1131 3898 ut
1172 3856 1361 3915 supra
1407 3837 1484 3896 de
1529 3835 1758 3895 damno

251 3940 586 4012 emergente
618 3933 857 3992 dictum
885 3937 1006 3992 est.

78 4041 126 4097 57
317 4027 599 4087 Secundo
618 4030 861 4085 certum
891 4028 1007 4098 est,
1027 4022 1078 4083 si
1108 4025 1402 4083 mutuans
1422 4021 1760 4083 terminum

134 4170 138 4174 .
251 4120 422 4180 mutui
452 4122 714 4192 statuat,
763 4135 887 4196 quo
931 4114 1327 4176 reddendum
1348 4115 1428 4174 sit
1456 4119 1601 4192 post
1638 4117 1764 4173 ter-

62 4175 209 4270 -μᾙ-Ϊι·
249 4214 486 4289 minum,
519 4211 698 4271 illum
729 4210 973 4269 lucrum
1004 4227 1080 4268 ex
1108 4225 1286 4266 mora
1307 4205 1603 4266 debitoris
1632 4225 1765 4265 ces-

61 4285 182 4322 ''m'
249 4324 373 4365 sans
397 4303 692 4365 resarciri
722 4302 974 4377 debere,
1002 4300 1191 4360 etiam
1223 4317 1345 4359 non
1369 4299 1764 4376 praecedente

248 4404 407 4476 pacto
451 4395 747 4476 explicito
790 4395 957 4455 circa
996 4393 1136 4453 hoc.
1172 4391 1476 4452 Videatur
1533 4391 1767 4451 Melina

250 4491 339 4549 ubi
366 4508 551 4567 supra
580 4489 641 4567 ἓ.
674 4486 945 4548 Secunda
972 4483 1282 4559 conclusio,
1329 4483 1578 4544 Lessius
1604 4483 1664 4542 d.
1701 4501 1762 4542 n.

250 4587 332 4644 79.
364 4583 539 4643 Salas
587 4598 761 4642 num.
808 4584 868 4641 7.
904 4583 967 4640 et
991 4576 1416 4656 sequentibus
1466 4578 1561 4636 An
1593 4593 1764 4650 vera,

253 4681 303 4734 et
328 4673 575 4753 quando
627 4672 867 4733 latione
910 4687 1107 4730 morae
1164 4668 1478 4747 obligetur
1523 4668 1770 4728 debitor

252 4767 321 4828 ad
344 4768 588 4827 luesum
619 4782 893 4840 cessans,
913 4762 1183 4822 diximus
1200 4779 1390 4839 supra
1428 4761 1589 4838 disp.
1612 4776 1764 4821 xxn.

254 4857 314 4918 de
353 4859 533 4919 rectit.
587 4875 665 4917 ex
716 4856 935 4936 injusta
986 4853 1236 4927 loesione,
1269 4857 1421 4913 sect.
1459 4869 1524 4913 11.
1569 4871 1772 4932 neque

256 4970 397 5031 opus
422 4955 520 5012 est
543 4948 787 5028 aliquid
820 4965 985 5008 nunc
1023 4946 1283 5006 addere.

328 5043 596 5117 Quaestio
628 5040 945 5120 praecipua
974 5043 1090 5115 est,
1124 5058 1206 5098 an
1234 5038 1367 5098 sine
1395 5055 1572 5098 mora
1602 5037 1777 5098 debi-

262 5137 395 5196 tnris
439 5141 503 5196 et
543 5134 681 5196 sine
721 5133 1068 5208 coactione,
1127 5130 1323 5210 possit
1375 5134 1594 5208 sponte
1644 5149 1776 5190 mu-

260 5235 423 5288 tuans
451 5227 768 5287 deducere
800 5227 864 5286 in
893 5229 1145 5304 pactum
1165 5244 1201 5284 a
1222 5222 1527 5304 principio
1545 5222 1778 5301 aliquid

258 5321 402 5382 ultra
428 5326 669 5382 sortem
696 5318 1067 5379 solvendum
1085 5317 1326 5377 ratione
1354 5315 1511 5376 lucri
1536 5334 1780 5376 cessan-

262 5414 367 5473 tis?
394 5415 647 5490 Negant
687 5410 881 5489 aliqui
911 5410 973 5469 id
1021 5409 1262 5469 licitum
1293 5426 1449 5483 esse,
1498 5408 1776 5468 Durand.

265 5510 384 5568 Sat.
414 5507 736 5565 innocent.
775 5509 838 5564 et
857 5505 1039 5565 Joan.
1076 5501 1270 5562 Andr.
1305 5501 1471 5578 apud
1502 5500 1779 5561 Lessium

3280 347 3392 404 199

1860 535 2031 576 num.
2064 520 2163 576 79.
2200 515 2530 575 Abulensis
2560 516 2769 591 etiam,
2806 521 2869 577 et
2889 519 3057 577 Scot.
3090 519 3258 595 apud
3291 520 3395 579 Sa-

1858 609 1949 669 las
1980 608 2128 668 duh.
2161 624 2288 671 x1x.
2324 626 2495 668 num.
2538 611 2593 667 1.
2631 608 2855 687 quibus
2885 609 3055 669 favet
3083 612 3144 672 S.
3172 610 3288 671 Th.
3325 630 3387 690 q.

1858 717 2111 761 Lxxvm.
2148 700 2323 761 artic.
2391 717 2457 759 ιι.
2495 700 2572 758 ad
2607 704 2661 760 1.
2706 707 2769 761 et
2796 719 2902 779 qu.
2938 717 3075 761 xm.
3111 701 3181 761 de
3211 701 3388 777 malo,

1860 799 1976 853 art.
2014 810 2099 853 lv.
2135 792 2216 852 ad
2268 797 2362 853 14.
2399 810 2586 871 quem
2636 792 2885 868 Melina,
2940 800 3002 854 et
3049 795 3156 854 alii
3201 794 3396 872 expli-

1860 891 2025 960 cant,
2061 885 2234 963 loqui
2265 885 2343 944 de
2373 885 2544 945 lucro
2568 885 2628 944 in
2661 886 2941 962 potentia
2970 890 3232 961 remota,
3268 904 3392 945 non

1859 976 1920 1037 in
1952 977 2231 1056 potentia
2260 976 2546 1055 proxima
2579 997 2591 1037 ε
2627 977 2728 1035 alii
2760 977 3207 1056 explicationes
3240 977 3394 1037 alias

1858 1071 2129 1129 afferunt
2158 1088 2312 1148 quas
2357 1068 2549 1128 refert
2578 1068 2755 1128 Salas
2803 1088 2908 1129 nu.
2942 1073 3001 1130 4.
3035 1069 3144 1130 sed
3176 1088 3396 1130 revera

1858 1161 2109 1221 difficile
2168 1161 2546 1239 explicatur,
2599 1165 2666 1220 ut
2716 1160 2985 1221 fatentur
3036 1160 3388 1237 Adrianus,

1860 1254 2069 1315 Sutus.
2121 1255 2379 1314 Covarr.
2428 1252 2682 1329 AnglcS‚
2733 1257 3012 1331 Aragon.
3062 1259 3125 1314 et
3164 1256 3389 1332 Lopez,

1859 1364 2016 1424 quos
2042 1346 2236 1405 refert
2264 1345 2462 1418 SalaS,
2498 1345 2584 1403 ibi
2605 1345 2769 1404 idem
2801 1346 3141 1406 affirmans

1941 1437 2231 1497 Secunda
2276 1437 2582 1497 sententia
2627 1438 2977 1497 communis
3006 1442 3068 1497 et
3113 1438 3393 1497 omnium

1858 1550 1973 1591 usu
2021 1530 2081 1588 in
2111 1530 2285 1607 praxi
2329 1533 2581 1607 recepta
2627 1530 2917 1604 affirmat,
2975 1531 3210 1590 licitum
3259 1549 3392 1591 esse

1859 1623 1981 1683 tale
2010 1628 2287 1700 pactum,
2346 1621 2612 1681 servatis
2659 1621 2885 1682 debitis
2933 1622 3394 1683 conditionibus

1857 1714 2017 1774 infra
2071 1715 2399 1793 ponendis,
2459 1716 2551 1774 Ita
2606 1712 2798 1791 Cajet.
2876 1716 3140 1776 conrad.
3202 1715 3386 1776 Gabr.

1856 1807 2078 1884 Major,
2130 1806 2474 1877 AlmainuS,
2528 1806 2815 1883 Mediam?
2843 1807 3063 1884 Angel.
3117 1808 3385 1884 Sylvest.

1857 1901 2118 1960 Navarr.
2156 1902 2375 1960 Covar.
2429 1901 2721 1960 Punorm.
2764 1918 2921 1977 quos
2962 1901 3142 1961 affert
3190 1905 3252 1959 et
3294 1918 3393 1959 se·-

1856 1991 2067 2071 quitur
2085 1991 2313 2052 Molina
2345 1991 2480 2051 loco
2509 1990 2616 2054 cit.
2648 1990 2895 2051 Lessius
2925 2010 3096 2052 num.
3131 1994 3232 2053 80.
3265 1993 3388 2051 Na-

1854 2103 2040 2145 varra
2060 2084 2305 2144 Valent.
2340 2084 2523 2161 Angl.
2557 2083 2869 2158 Corduba,
2890 2083 3206 2159 Mercad0‚
3231 2085 3391 2144 Ban-

1855 2196 1988 2252 nes,
2020 2180 2299 2254 Aragon.
2351 2176 2563 2237 Salon.
2597 2181 2660 2237 et
2703 2175 2805 2234 alii
2856 2176 3189 2252 innumeri,
3238 2195 3395 2255 quos

1854 2268 2138 2347 congerit
2158 2274 2221 2330 et
2246 2268 2530 2346 sequitur
2559 2268 2734 2330 Salas
2765 2287 2935 2329 num.
2970 2273 3030 2330 2.
3065 2288 3206 2348 quae
3245 2287 3386 2329 sen-

1852 2362 2050 2424 tentia
2079 2361 2333 2421 omnino
2366 2362 2638 2421 tenenda
2667 2364 2780 2425 est.
2826 2362 3136 2422 Probatur
3163 2360 3387 2441 prima,

1855 2474 1929 2515 ex
1960 2454 2142 2515 dictis
2171 2453 2248 2513 de
2278 2453 2507 2514 damno
2537 2454 2915 2531 emergenti;
2948 2454 3095 2532 quia
3114 2454 3393 2515 carentia

1856 2547 2014 2608 lucri
2045 2546 2212 2625 quod
2239 2545 2371 2623 jam
2401 2546 2462 2606 in
2484 2563 2594 2622 spe
2625 2545 2913 2621 habetur,
2949 2546 3251 2605 damnum
3279 2545 3390 2605 ali·

1856 2640 2024 2720 quod
2069 2638 2434 2712 aestimatur,
2489 2642 2550 2698 et
2604 2637 2798 2715 pluris
2860 2639 2932 2699 tit
2968 2637 3103 2717 ejus
3141 2637 3389 2716 Jactura

1856 2750 2045 2812 quam
2075 2732 2198 2791 alia
2240 2730 2472 2789 damna
2518 2730 2903 2807 emergentia
2947 2730 3213 2790 minora.
3275 2730 3387 2790 Se-

1854 2824 2083 2899 cnndo,
2111 2822 2259 2903 quia
2285 2823 2535 2900 quando
2559 2821 2787 2881 invitus
2818 2822 2956 2901 quis
2986 2821 3232 2898 cogitur
3249 2839 3388 2880 mu-

1850 2922 2052 2992 tuare,
2084 2916 2182 2976 vel
2214 2914 2465 2994 quando
2497 2934 2570 2973 ex
2592 2932 2769 2973 mora
2798 2914 3124 2974 solutionis
3144 2914 3384 2974 lucrum

1854 3014 2076 3071 cessat:
2111 3007 2300 3069 debet
2327 3006 2390 3065 id
2421 3011 2622 3067 totum
2649 3006 2955 3082 resarciri,
2990 3006 3380 3082 utvidimus,

1853 3119 2056 3181 neque
2085 3100 2150 3159 id
2196 3101 2267 3161 fit
2320 3098 2560 3160 ratione
2598 3098 2790 3159 solius
2835 3098 3101 3176 injuriae,
3150 3102 3221 3159 ut
3245 3116 3388 3159 eon-

1853 3199 1997 3270 stat,
2032 3192 2283 3272 quando
2313 3192 2444 3252 sine
2474 3191 2704 3270 injuria
2732 3191 3129 3269 compellitur
3165 3191 3388 3270 aliquis

1852 3291 2163 3358 mutuare,
2199 3290 2266 3346 ut
2317 3284 2620 3354 diximus;
2682 3303 2834 3362 ergo
2882 3285 3087 3362 ipsum
3143 3285 3385 3344 lucrum

1853 3397 2103 3440 cessans
2133 3377 2392 3454 dignum
2440 3380 2535 3437 est
2586 3377 3094 3454 compensatione
3152 3376 3382 3455 aliqua,

1855 3476 1919 3533 et
1945 3475 2150 3550 potest
2175 3469 2239 3528 in
2268 3473 2524 3548 pactum
2543 3467 2790 3528 deduci.
2827 3468 3058 3545 TertiO,
3078 3468 3220 3547 quia
3244 3488 3389 3528 ven-

1856 3563 2021 3624 ditor
2049 3565 2256 3640 potest
2298 3579 2487 3638 supra
2531 3559 2770 3639 justum
2831 3561 3099 3638 pretium
3152 3560 3390 3640 aliquid

1857 3661 2091 3735 petere,
2126 3652 2373 3732 qnando
2405 3671 2504 3712 res
2532 3653 2668 3730 ipsa
2713 3653 3008 3713 vendenti
3058 3654 3194 3731 plus
3221 3652 3391 3713 vale-

1857 3748 1995 3823 bat,
2057 3747 2154 3807 vel
2210 3745 2522 3824 peculiare
2581 3745 2981 3806 commodum
3041 3746 3343 3806 afferebat
3373 3764 3386 3805 ε

1859 3858 2002 3901 cum
2033 3857 2182 3917 ergo
2215 3838 2481 3917 pecunia
2533 3855 2606 3897 eo
2656 3856 2805 3897 casu
2833 3838 2972 3916 plus
3000 3837 3210 3898 valeat
3254 3855 3392 3896 mu-

1858 3932 2057 3995 tuanti
2087 3935 2345 4010 propter
2374 3929 2765 3990 occasionem
2817 3928 3181 4007 negotiandi
3211 3932 3274 3989 et
3298 3929 3393 3987 lu-

1859 4024 2065 4099 candi,
2119 4023 2350 4102 poterit
2402 4021 2636 4100 aliquid
2692 4040 2878 4100 supra
2930 4022 3064 4099 ejus
3117 4022 3394 4082 valorem

1861 4116 2045 4195 exigi.
2073 4118 2328 4190 QuartO,
2360 4115 2411 4174 si
2441 4120 2617 4193 petas
2647 4114 2725 4174 ab
2766 4113 3078 4192 operarie,
3113 4117 3180 4174 ut
3209 4113 3393 4174 hodic

1861 4211 1941 4269 ab
2006 4207 2323 4288 operando
2356 4211 2556 4282 vacet,
2615 4213 2676 4268 et
2718 4211 2777 4267 te
2809 4206 2889 4265 ad
2944 4206 3396 4268 recreationem

1864 4301 2216 4375 comitetur,
2277 4304 2483 4378 potest
2536 4299 2667 4378 ipse
2717 4304 2928 4377 petere
2957 4300 3201 4359 lucrum
3230 4299 3397 4378 quod

1867 4414 1941 4454 ex
1972 4393 2100 4453 suis
2131 4392 2337 4471 operis
2370 4397 2615 4469 poterat
2659 4392 2918 4467 habere,
2979 4397 3041 4452 et
3068 4410 3191 4471 quo
3220 4392 3283 4452 in
3311 4390 3400 4452 tui

1865 4487 2133 4566 gratiam
2167 4486 2465 4564 privatur.
2526 4484 2808 4545 Piscator
2848 4484 2997 4545 item
3045 4490 3252 4563 potest
3293 4503 3401 4562 pe-

1866 4586 1997 4641 tere
2028 4597 2137 4656 pro
2170 4597 2278 4656 spe
2308 4576 2690 4656 piscationis,
2713 4594 2904 4655 quam
2932 4576 2997 4635 in
3027 4576 3401 4655 tuigratiam

1868 4671 2056 4731 hodie
2104 4670 2368 4741 omittit;
2421 4688 2569 4747 ergo
2618 4674 2681 4730 et
2722 4669 3154 4746 negotiaturus
3201 4674 3406 4747 potest

1870 4763 2117 4841 exigere
2148 4762 2440 4840 pretium,
2465 4767 2535 4822 ut
2563 4762 2623 4821 in
2657 4761 2746 4822 tui
2775 4761 3043 4839 gratiam
3071 4781 3110 4822 a
3131 4762 3406 4840 negotia-

1870 4856 2039 4917 tione
2064 4859 2282 4915 cesset.
2328 4854 2579 4928 Quinto,
2614 4855 2664 4913 si
2693 4872 2932 4914 merces
2962 4873 3117 4932 quas
3145 4854 3208 4913 in
3239 4853 3408 4913 aliud

1871 4951 2120 5025 tempus
2166 4965 2415 5006 servare
2459 4945 2853 5021 decreveraS,
2908 4964 3031 5024 quo
3075 4945 3214 5025 plus
3242 4945 3408 5005 vale-

1874 5040 2052 5115 bunt,
2085 5038 2324 5100 vendas
2352 5039 2416 5098 in
2456 5038 2726 5116 gratiam
2771 5039 3048 5113 alteriuS,
3102 5043 3282 5117 potes
3308 5057 3408 5099 ra·

1871 5133 2039 5193 tione
2069 5131 2233 5191 illius
2263 5130 2418 5191 lucri
2449 5130 2751 5191 cessantis
2778 5128 3014 5208 aliquid
3044 5149 3237 5207 supra
3265 5149 3408 5209 prc-

1876 5225 2032 5286 tium
2064 5242 2339 5301 praesens
2369 5223 2639 5300 exigere,
2672 5226 2742 5282 ut
2770 5222 3082 5300 colligitur
3111 5241 3185 5282 ex
3215 5242 3269 5284 c,
3291 5222 3414 5282 Να-

1880 5315 2124 5396 viqanti,
2157 5314 2227 5376 de
2253 5334 2413 5375 usur.
2448 5333 2598 5394 ergo
2629 5319 2691 5374 et
2719 5314 2781 5374 in
2802 5319 3019 5376 mutuo
3053 5315 3294 5376 ratione
3326 5317 3415 5376 lu·

1881 5408 1968 5471 cri
2024 5407 2357 5482 cessantis,
2416 5406 2646 5483 poterit
2698 5424 2891 5485 supra
2946 5412 3176 5469 sortem
3226 5408 3412 5486 exigi.

1879 5500 2055 5562 Alias
2105 5500 2377 5561 rationes
2421 5499 2565 5559 vide
2595 5499 2763 5578 apud
2796 5499 2971 5560 Salas
3005 5500 3067 5562 (1.
3101 5500 3252 5562 dub.
3288 5517 3412 5561 xix.
