4263 6376
1239 331 1706 390 DISPUTATIO
1751 329 1965 404 xxvi,
2015 330 2290 392 Sfflx'rlo
2332 331 2432 392 ΙΙΙ.

264 527 398 568 vero
425 506 797 586 generaliter
835 506 1037 570 solum
1083 507 1345 583 docent,
1396 507 1772 586 negotiatio-

265 619 393 659 nem
436 618 570 661 esse
611 599 725 660 sub
771 600 1020 660 mortali
1066 599 1483 679 prohibitam,
1536 600 1770 660 nullam

263 693 540 755 facientes
569 693 999 771 exceptionem
1028 692 1106 752 de
1135 693 1340 769 unica,
1374 693 1473 752 vel
1502 710 1645 753 rara
1667 711 1773 753 ne-

262 785 608 864 gotiatione,
641 790 711 846 ιιι
737 784 968 845 Molina
996 785 1059 846 d.
1097 785 1256 863 disp.
1290 788 1428 845 342.
1465 789 1528 845 et
1555 783 1772 844 Rebel-

266 878 350 938 lus
375 882 527 956 part.
563 880 637 938 11.
677 877 785 938 lib.
820 893 905 938 lx.
951 882 1172 957 quaest.
1206 878 1429 939 ultima
1452 923 1468 953 ,
1520 882 1672 938 sect.
1706 881 1765 937 2.

262 978 319 1032 et
339 970 438 1031 alii
464 990 535 1030 ex
564 971 662 1047 iis,
695 988 853 1049 quos
881 971 1166 1049 congerit
1191 971 1389 1031 Diana
1409 986 1452 1032 1.
1487 974 1668 1032 tract.
1702 969 1775 1030 de

260 1073 519 1125 contract.
551 1082 674 1124 reS.
708 1068 808 1124 72.

330 1158 442 1218 Alii
461 1162 670 1217 tamen
690 1154 1126 1233 communiter,
1148 1159 1210 1218 et
1227 1156 1451 1219 melius
1469 1158 1764 1234 fatentur,

260 1250 366 1310 hoc
392 1268 522 1309 esse
550 1254 939 1327 praeceptum
967 1266 1182 1327 grave,
1215 1254 1285 1310 ut
1313 1268 1515 1328 poenae
1547 1269 1770 1310 censu-

259 1360 451 1403 rarum
476 1343 798 1414 indicant;
833 1341 1050 1402 dicunt
1076 1360 1247 1414 vero,
1281 1361 1471 1403 unam
1499 1342 1597 1403 vel
1617 1341 1768 1403 alte-

257 1452 376 1494 ram
402 1435 783 1513 emptionem
825 1435 906 1494 ad
951 1433 1326 1494 lucrandum
1359 1435 1621 1511 factam,
1669 1453 1770 1495 se·-

259 1529 410 1588 cluso
448 1527 784 1599 scandalo,
837 1531 899 1587 et
942 1526 1062 1587 nisi
1110 1527 1454 1604 negotiatio
1499 1533 1665 1589 esset
1702 1529 1768 1588 in

255 1621 507 1680 maxima
527 1638 795 1696 summa,
832 1638 954 1680 non
977 1638 1113 1680 esse
1134 1620 1461 1681 materiam
1482 1639 1763 1699 gravem,

256 1713 386 1792 quia
404 1713 547 1789 jura
592 1713 786 1774 citata
815 1713 985 1791 loqui
1015 1712 1305 1774 videntur
1350 1714 1479 1774 fere
1519 1732 1769 1792 semper

255 1806 324 1866 de
338 1805 552 1865 clerico
574 1802 905 1865 exercente
923 1806 1431 1883 negotiationem,
1456 1807 1587 1867 sive
1613 1806 1763 1867 insi-

256 1903 523 1972 stentem,
545 1897 973 1976 negotiatione
993 1898 1227 1959 victum
1259 1905 1597 1977 quaerente‚
1641 1905 1758 1961 etc.

254 2010 378 2070 quoe
397 1991 600 2051 omnia
627 2009 753 2050 non
775 1990 1177 2051 verificantur
1205 1991 1283 2051 de
1304 2010 1427 2052 uno
1447 1993 1547 2053 vel
1568 1993 1762 2054 altero

254 2089 400 2144 actu.
444 2085 531 2145 lta
574 2083 817 2143 indicat
855 2085 1025 2143 Less.
1074 2083 1224 2144 dub.
1259 2100 1301 2144 1.
1350 2103 1523 2146 num.
1551 2090 1611 2147 4.
1666 2085 1767 2145 di-

254 2193 407 2251 cenS,
441 2194 574 2237 esse
602 2180 935 2255 peccatum
963 2176 1249 2252 mortale,
1284 2177 1336 2236 si
1364 2178 1630 2239 multum
1661 2196 1765 2238 ne-

251 2269 555 2346 gotiationi
579 2268 693 2329 det
711 2286 989 2347 operam,
1024 2273 1086 2329 et
1113 2268 1340 2329 clarina
1358 2270 1672 2331 Malderus
1699 2271 1765 2331 in

254 2362 521 2439 praesenti
562 2366 749 2423 tract.
786 2363 859 2422 V.
908 2379 1046 2439 cap.
1081 2377 1148 2423 11.
1201 2360 1352 2422 dub.
1385 2366 1445 2423 4.
1488 2362 1762 2439 Zenedo,

251 2460 307 2515 et
330 2454 581 2515 Salzedo
603 2501 618 2530 ‚
683 2472 840 2532 quos
871 2455 1080 2529 affert,
1141 2458 1204 2514 et
1253 2455 1536 2534 sequitur
1587 2455 1765 2516 Salas

250 2546 383 2607 dub.
417 2563 486 2611 11.
517 2565 699 2606 num.
721 2550 779 2607 4.
817 2545 1064 2621 dicenS,
1100 2563 1225 2606 non
1255 2564 1390 2605 esse
1419 2548 1682 2607 mortale
1711 2547 1764 2607 si

251 2639 462 2714 semel,
495 2644 606 2701 aut
634 2639 864 2699 iterum
908 2638 1133 2714 libroS,
1167 2656 1414 2714 eruceS,
1465 2640 1563 2699 vel
1609 2640 1759 2700 reli-

250 2732 470 2809 quiaria
497 2731 745 2793 occulte
774 2735 964 2806 emat,
999 2736 1067 2791 ut
1093 2730 1298 2791 carius
1326 2731 1578 2808 vendat,
1610 2732 1761 2810 'quia

250 2824 370 2885 haec
397 2843 518 2885 non
547 2825 802 2885 videtur
828 2824 1040 2902 gravis
1066 2823 1441 2885 indecentia.
1475 2825 1631 2885 Item
1651 2825 1759 2885 do-

249 2924 337 2979 cet
357 2919 639 2979 Turrian.
693 2910 853 2996 disp,
888 2919 1040 2977 LIX.
1077 2917 1226 2978 duh.
1263 2932 1331 2977 11.
1366 2936 1428 2978 n.
1459 2922 1520 2978 4.
1554 2918 1760 2978 Filliu-

249 3011 366 3070 cius
390 3016 539 3072 tom.
574 3013 651 3072 ll.
687 3016 869 3072 tract.
902 3026 1088 3070 xxxv.
1123 3029 1261 3089 cap.
1287 3027 1333 3072 1.
1364 3016 1581 3090 quaest.
1619 3027 1757 3074 vm.

249 3122 340 3164 nu.
369 3107 462 3165 20.
496 3113 560 3165 et
587 3103 718 3180 alii,
759 3121 917 3183 quos
938 3103 1137 3178 affert,
1173 3108 1235 3165 et
1261 3103 1543 3183 sequitur
1562 3104 1762 3164 Diana

247 3194 368 3258 ioco
397 3198 498 3258 cil.
1711 3199 1714 3202 ’

318 3291 598 3351 Secunda
640 3291 976 3352 difficultas
1014 3295 1146 3363 est,
1196 3309 1278 3351 an
1307 3308 1524 3351 omnes
1554 3289 1762 3351 clerici

165 3453 166 3456 Ἴ
247 3382 352 3443 hac
377 3384 795 3462 prohibitione
823 3382 1481 3462 comprehendantur?
1508 3384 1760 3444 Certum

165 3519 168 3525 .
249 3483 359 3550 est,
401 3477 854 3556 comprehendi
881 3470 1207 3554 religiosos
1226 3523 1241 3552 ,
1289 3476 1420 3536 sive
1468 3475 1756 3535 ordinem

165 3621 167 3632 ,
247 3568 576 3629 clericalem
607 3568 907 3644 habeant,
939 3567 1069 3628 sive
1100 3586 1222 3630 non
1255 3568 1568 3640 habeant3
1614 3585 1759 3628 cum

164 3677 169 3687 ·
246 3665 431 3723 textus
459 3663 536 3722 de
566 3662 815 3722 clericis
838 3707 854 3737 ,
903 3661 1002 3721 vel
1042 3661 1350 3740 religiosis
1397 3660 1758 3740 disjunctim

245 3754 597 3834 loquantur,
649 3755 716 3815 in
763 3755 884 3816 hoc
932 3773 1150 3815 omnes
1187 3754 1589 3816 conveniunt.
1625 3754 1756 3814 Imo

245 3849 563 3908 Turrianus
604 3847 716 3908 ubi
744 3866 937 3926 supra
965 3866 1138 3908 num.
1171 3851 1231 3909 6.
1275 3847 1339 3907 id
1369 3846 1650 3908 extendit
1674 3845 1757 3907 ad

167 3931 173 3938 ’
245 3940 487 4002 novitios
519 3942 711 4003 etiam
747 3942 916 4000 nullo
947 3940 1164 4000 ordine
1194 3938 1464 4001 clericali
1496 3939 1758 4018 insigni-

245 4037 362 4104 tos;
402 4034 567 4113 quod
612 4040 828 4096 tamen
860 4032 1121 4093 dubium
1151 4032 1429 4107 videtur,
1477 4050 1619 4092 cum
1656 4033 1757 4093 lex

243 4127 312 4186 sit
335 4127 633 4206 poenalis;
667 4132 733 4188 et
759 4125 976 4186 novitii
1006 4126 1068 4184 in
1100 4125 1336 4185 odiosis
1364 4143 1488 4185 non
1513 4125 1758 4186 soleant

242 4220 670 4300 comprehendi
729 4220 981 4280 nomine
1045 4219 1502 4296 religiosorum.
1575 4217 1756 4279 Circa

242 4311 480 4374 clericos
505 4332 661 4374 vero
702 4312 1052 4373 communis
1082 4312 1413 4372 doctorum
1441 4311 1757 4372 sententia

244 4405 450 4468 limitat
475 4407 643 4467 hanc
673 4405 1167 4484 prohibitionem
1210 4403 1291 4463 ad
1322 4421 1464 4478 eoa,
1512 4403 1619 4482 qui
1658 4421 1755 4463 sa-

241 4516 396 4558 crum
428 4499 719 4559 ordinem
762 4497 1031 4573 habent,
1079 4497 1322 4558 caeteris
1351 4497 1518 4556 enim
1543 4541 1559 4571 ,
1610 4514 1756 4556 cum

240 4591 311 4650 ad
329 4593 568 4670 nuptias
589 4591 859 4653 transire
882 4588 1142 4668 possint,
1167 4593 1229 4650 et
1247 4593 1479 4650 statum
1498 4588 1754 4650 omnino

242 4682 476 4760 laicum,
515 4685 643 4745 non‘
671 4683 919 4744 videtur
946 4682 1034 4744 ita
1061 4681 1359 4742 indecens
1387 4681 1750 4759 negotiati0.

242 4777 578 4837 Notandum
609 4783 824 4838 tamen
873 4780 967 4836 est
994 4793 1139 4835 cum
1166 4773 1400 4835 Molina
1428 4773 1539 4834 ubi
1567 4792 1758 4852 supra

237 4868 286 4946 ἓ.
318 4868 670 4932 Clementiae
691 4917 707 4947 ,
740 4887 991 4949 poenam
1022 4867 1360 4947 quamdam
1399 4866 1755 4944 impositam

240 4978 359 5021 esse
383 4963 445 5023 in
471 4964 642 5024 dicta
664 4962 1050 5024 clementina
1066 4976 1110 5021 1.
1144 4959 1214 5021 de
1239 4959 1361 5020 vita
1388 4969 1442 5019 et
1461 4960 1756 5023 honestate

241 5053 581 5133 clericorum,
606 5054 851 5118 clericis
871 5054 1162 5116 omnibus
1178 5053 1366 5115 etiam
1382 5051 1751 5129 minoribuS,

241 5147 335 5224 qui
377 5168 483 5227 per
528 5169 594 5210 se
629 5150 799 5227 ipsos
845 5148 1119 5209 officium
1150 5144 1493 5220 carnificis,
1546 5145 1753 5206 taber-

241 5242 403 5315 narii,
432 5243 527 5302 vel
557 5240 902 5302 macellarii
928 5244 1242 5312 exercent,
1275 5237 1394 5297 nisi
1423 5242 1515 5298 ter
1533 5236 1756 5298 moniti

244 5349 275 5389 a
299 5332 652 5394 Dioecesano
683 5333 764 5394 ab
794 5351 867 5394 eo
898 5333 1103 5394 officio
1133 5331 1457 5391 desistant.

314 5426 571 5486 Dubiam
621 5430 718 5488 est
744 5425 822 5484 de
849 5423 1268 5485 beneficiariis
1313 5441 1438 5482 non
1468 5420 1756 5482 habenti-

247 5516 351 5578 bus
376 5519 654 5580 ordinem
684 5536 965 5592 sacrnm,
1025 5535 1106 5579 an
1139 5515 1556 5594 prohibitione
1587 5533 1748 5592 prae-

3292 338 3408 395 269

1869 506 2036 568 dicta
2063 507 2425 585 negotiandi
2455 508 3073 588 comprehendantur
3090 510 3121 571 Ῥ
3160 513 3406 589 Negant

1870 599 2062 678 aliqui
2089 618 2351 677 peccare
2379 601 2690 679 graviter,
2725 621 2993 681 quorum
3024 604 3396 665 sententiam

1870 690 2258 771 probabilem
2289 698 2468 772 putat
2495 693 2811 754 Filliucius
2844 695 2948 755 ubi
2976 714 3186 774 supra,
3222 701 3285 757 et
3311 697 3403 756 in-

1870 784 2081 846 dicant
2108 784 2359 861 Molina,
2395 785 2712 862 Silvester,
2749 791 2811 847 et
2839 788 2943 847 alii
2972 789 3141 867 apud
3171 789 3397 867 ipsum.

1870 878 2234 938 Communis
2273 883 2485 939 tamen
2526 879 2856 940 doctorum
2898 881 3206 942 sententia
3234 882 3403 942 affir-

1868 975 2033 1045 mat,
2081 988 2189 1031 eos
2232 970 2453 1032 eadem
2486 972 2867 1050 obligatione
2908 974 3085 1050 gravi
3116 992 3401 1053 compre·

1868 1062 2060 1123 hendi
2090 1063 2138 1122 si
2170 1063 2546 1124 beneficium
2588 1065 2860 1126 sufficiat
2885 1066 2967 1126 ad
2995 1067 3398 1129 sustentatio-

1869 1174 2034 1217 nem.
2066 1157 2161 1217 Ita
2189 1157 2385 1235 Vega,
2409 1157 2711 1233 Tabiena,
2772 1159 2877 1234 Sa,
2940 1163 3002 1220 et
3054 1159 3182 1235 alii,
3245 1178 3402 1238 quos

1867 1249 2069 1324 affert,
2101 1252 2166 1310 et
2190 1249 2475 1327 sequitur
2503 1250 2680 1311 Salas
2710 1250 2860 1311 dict.
2904 1250 3054 1311 dub.
3092 1267 3159 1312 11.
3196 1270 3302 1313 nu.
3335 1254 3395 1314 6.

1865 1340 2203 1416 MolfesiuS,
2239 1348 2300 1402 et
2327 1342 2600 1403 Belletus
2631 1360 2788 1421 quos
2817 1344 2999 1404 affert
3018 1343 3219 1404 Diana
3247 1344 3394 1406 dict.

1865 1436 2046 1494 tract.
2077 1432 2148 1494 de
2173 1442 2454 1496 contract.
2479 1435 2663 1496 resol.
2687 1438 2789 1496 73.
2821 1440 2883 1497 et
2905 1454 3121 1496 verum
3143 1437 3398 1498 omnino

1866 1526 2142 1602 videtur,
2189 1532 2248 1587 et
2270 1526 2454 1604 juxta
2492 1546 2891 1589 communem
2936 1529 3216 1589 omnium
3261 1548 3400 1608 pra-

1864 1618 2014 1681 xim.
2073 1617 2459 1697 Probarique
2516 1625 2720 1698 potest
2780 1621 2983 1699 primo
3033 1640 3108 1681 ex
3155 1622 3398 1682 ratione

1864 1709 2336 1788 prohibitioniS,
2385 1731 2525 1790 quae
2556 1716 2651 1773 est
2693 1718 2761 1775 ut
2788 1714 2894 1792 qui
2925 1716 3052 1773 Deo
3083 1720 3312 1776 vacant
3338 1720 3401 1777 et

1865 1802 2148 1863 serviunt
2168 1849 2183 1877 ‚
2239 1822 2362 1863 non
2393 1823 2458 1864 se
2494 1805 2819 1884 implicent
2845 1806 3113 1885 negotiis
3143 1808 3397 1869 saecula·

1862 1895 2035 1955 ribus
2061 1915 2074 1955 ε
2136 1896 2283 1974 quia
2335 1915 2520 1957 nemo
2576 1902 2782 1975 potest
2837 1899 3080 1959 duobus
3128 1899 3398 1961 dominis

1864 1988 2099 2047 servire
2135 2007 2149 2048 ε
2209 1988 2653 2050 beneficiarius
2701 1995 2909 2052 autem
2965 1992 3253 2053 addictus
3306 1995 3401 2055 est

1861 2081 2208 2141 ministerio
2231 2086 2292 2142 et
2315 2081 2521 2142 officio
2544 2083 2989 2160 ecclesiastico,
3023 2090 3086 2147 et
3104 2084 3294 2148 debet
3321 2104 3397 2146 ex

1864 2172 2074 2233 officio
2100 2174 2381 2235 ecclesiae
2410 2175 2716 2235 inservire
2756 2180 2818 2237 et
2853 2195 3079 2237 canere
3114 2178 3214 2238 vel
3243 2179 3396 2239 reci-

1862 2270 1994 2327 tare
2025 2265 2308 2326 divinum
2338 2266 2611 2327 officium
2646 2287 2660 2329 :
2708 2274 2771 2330 et
2799 2269 3053 2348 quidem
3081 2269 3133 2330 si
3160 2270 3400 2331 benefi-

1863 2358 2029 2418 cium
2060 2365 2225 2419 esset
2251 2365 2538 2421 curatum
2561 2407 2576 2437 ,
2624 2362 2828 2439 magis
2867 2361 3163 2423 indecens
3207 2369 3390 2440 esset,

1863 2448 2173 2528 ejusmodi
2228 2450 2679 2513 beneficiarum
2723 2454 2911 2514 etiam
2954 2460 3100 2516 ante
3141 2455 3403 2525 ordines

1860 2560 2072 2604 sacros
2104 2550 2427 2623 susceptos
2473 2546 2801 2623 negotiari,
2853 2566 3041 2626 quam
3071 2549 3397 2611 subdiaco-

1861 2653 2011 2694 num
2022 2634 2618 2714 simplicemnullum
2634 2637 2970 2699 habentem
2989 2640 3384 2702 beneficium.

1860 2727 2171 2803 Secund0,
2197 2729 2580 2807 aposteriori
2610 2730 2861 2808 probari
2885 2737 3110 2810 potest,
3141 2733 3289 2811 quia
3318 2752 3393 2794 ex

1858 2820 2045 2880 bullis
2074 2820 2448 2882 Pontificum
2477 2823 2675 2900 spolia
2697 2824 3091 2902 accipiuntur
3119 2844 3193 2885 ex
3213 2826 3394 2887 bonis

1860 2931 1985 2973 non
2016 2913 2219 2974 solum
2251 2914 2686 2975 ecclesiasticis
2714 2915 3101 2977 beneficiarii
3126 2919 3395 2979 morien-

1855 3006 1953 3081 tia,
1970 3006 2079 3066 sed
2098 3007 2289 3067 etiam
2309 3025 2383 3066 ex
2413 3008 2732 3087 acquisitis
2761 3028 2872 3088 per
2902 3011 3394 3088 negotiationem

1859 3099 2242 3177 prohibitam
2290 3103 2354 3160 et
2380 3100 2705 3162 illicitam:
2762 3101 2897 3162 haec
2938 3109 3150 3164 autem
3195 3104 3393 3182 spolia

1860 3210 1982 3253 non
2015 3193 2223 3252 minus
2250 3194 2429 3270 fiunt,
2463 3195 2717 3272 quando
2746 3194 3185 3259 beneficiarius
3215 3215 3392 3259 care-

1858 3284 1969 3345 bat
1993 3285 2213 3345 ordine
2261 3304 2476 3362 sacro,
2538 3305 2729 3365 quam
2777 3288 2825 3347 si
2882 3290 3057 3349 illum
3087 3289 3386 3366 haberet;

1860 3396 2009 3456 ergo
2039 3378 2414 3457 supponitur
2442 3380 2782 3458 negotiatio
2830 3380 2892 3440 in
2942 3387 3209 3461 utroque
3256 3402 3390 3445 esse

1856 3470 2072 3531 illicita
2126 3478 2190 3532 et
2238 3471 2586 3549 prohibita,
2646 3473 2795 3551 quia
2848 3480 3112 3554 uterque
3166 3494 3390 3538 vacare

1859 3564 2049 3625 debet
2116 3566 2246 3624 Deo
2279 3609 2295 3639 ‚
2383 3571 2447 3626 et
2524 3583 2649 3626 non
2731 3567 3141 3645 negotiationi
3208 3589 3392 3630 mun-

1859 3656 2063 3718 danae.

1936 3750 2145 3812 Tertia
2179 3750 2514 3811 difficultas
2543 3754 2671 3825 est,
2705 3769 2785 3810 an
2815 3753 3018 3814 omnis
3046 3754 3278 3831 emptio
3307 3756 3388 3816 ad

1858 3842 2261 3903 vendendum
2291 3843 2372 3903 sit
2399 3842 2704 3922 ejusmodi
2736 3845 3169 3907 ecclesiasticis
3198 3847 3391 3908 inter-

1856 3935 2070 3996 dicta?
2120 3936 2555 4014 Respondetur
2580 3936 2897 4015 imprimis
2925 3956 3048 3999 non
3079 3956 3213 3999 esse
3242 3959 3390 4018 pro-

1855 4028 2121 4089 hibitum
2153 4046 2361 4088 emere
2400 4028 2612 4088 animo
2642 4030 2955 4089 vendendi
3006 4032 3140 4091 sine
3186 4033 3382 4110 lucro,

1854 4140 1913 4182 v.
1946 4140 2042 4199 gr.
2078 4121 2130 4180 si
2159 4124 2329 4181 emat
2356 4120 2558 4198 pisces
2587 4167 2602 4197 ,
2650 4121 2748 4181 vel
2780 4121 2994 4182 vinum
3023 4125 3224 4203 pretio
3252 4126 3383 4201 vili,

1853 4214 2103 4294 quando
2160 4217 2254 4273 est
2309 4213 2730 4290 abundantia,
2791 4219 2860 4276 ut
2915 4216 3112 4294 possit
3165 4224 3387 4297 postea

1853 4307 2071 4368 amicis
2118 4307 2340 4367 eodem
2383 4306 2582 4384 pretio
2631 4307 2817 4381 dare;
2865 4309 3173 4388 negotiari
3220 4313 3385 4371 enim

1855 4400 2180 4461 ordinatur
2207 4399 2283 4460 ad
2316 4400 2581 4460 lucrum.
2615 4400 2852 4460 Deinde
2874 4420 2995 4461 non
3019 4403 3390 4480 prohibetur

1855 4511 2063 4552 emere
2094 4492 2339 4570 aliqua,
2386 4509 2527 4569 quoe
2566 4497 2807 4553 mutata
2846 4500 3063 4570 postea
3109 4496 3385 4557 vendere

1855 4585 2055 4663 possit
2081 4584 2270 4645 etiam
2301 4602 2443 4643 cum
2473 4584 2670 4645 lucr0.
2715 4584 2892 4646 Unde
2924 4585 3017 4645 fas
3047 4593 3142 4648 est
3166 4588 3383 4666 impri-

1853 4677 1973 4737 mis
2001 4677 2442 4737 ecclesiasticis
2471 4676 2707 4751 fructus
2738 4696 2812 4737 ex
2842 4679 3112 4757 propriis
3143 4681 3375 4759 fundiS,

1856 4788 2012 4849 quos
2042 4770 2227 4830 etiam
2274 4787 2386 4846 per
2412 4769 2734 4846 operarios
2776 4771 3117 4832 conductos
3148 4773 3379 4850 colunt,

1855 4862 2124 4923 vendere
2151 4881 2166 4933 ς
2216 4867 2414 4921 artem
2444 4861 2632 4922 etiam
2660 4863 2957 4923 rusticam
2977 4909 2992 4940 ,
3027 4868 3090 4924 et
3114 4864 3384 4943 agricul-

1853 4961 2059 5016 turam
2105 4973 2219 5034 per
2273 4973 2339 5014 se
2385 4954 2552 5033 ipsos
2606 4973 2898 5015 exercere
2931 4976 2946 5026 ;
3011 4963 3081 5017 ιιι
3146 4957 3384 5017 fructus

1853 5048 2150 5109 vendant.
2211 5048 2478 5107 Possunt
2532 5046 2719 5108 etiam
2779 5048 3107 5109 materiam
3176 5068 3383 5109 emere

1853 5142 1934 5202 ad
1988 5139 2276 5201 facienda
2322 5139 2619 5201 artefacta
2669 5159 2807 5220 quae
2838 5141 3145 5214 vendant:
3206 5142 3382 5203 verbi

1852 5235 2055 5314 gratia
2113 5234 2348 5294 ferrum
2370 5280 2387 5309 ,
2452 5252 2527 5293 ex
2577 5253 2699 5312 quo
2751 5234 3033 5295 cultellos
3086 5235 3185 5295 vel
3232 5236 3381 5314 quid

1855 5328 2024 5387 aliud
2054 5326 2424 5397 conficiant;
2475 5326 2720 5387 tabulas
2750 5326 2828 5386 ad
2859 5326 3279 5405 pingendum,
3322 5335 3385 5392 et

1852 5420 1942 5480 sic
1970 5419 2048 5479 de
2079 5419 2217 5478 aliis
2258 5418 2497 5479 artibus
2526 5418 2834 5494 honestiS,
2882 5419 3169 5497 exemplo
3211 5421 3383 5482 Pauli

1851 5512 2165 5591 Apostoli,
2219 5513 2498 5591 quicum
2546 5511 2874 5590 episcopus
2923 5517 3122 5588 esset,
3168 5530 3382 5576 sceno·

3509 528 3612 579 Quid
3645 529 3696 572 de

3482 582 3725 626 lubentibus

3473 635 3729 679 beneficium.

3558 3773 3632 3829 27

3452 3895 3620 3947 Quando
3639 3910 3719 3941 non

3465 3951 3707 3993 interveniat

3480 4004 3704 4057 negotiatio
3750 4011 3753 4020 '

3473 4057 3690 4110 prohibita.
