4263 6376
1136 307 1606 369 DISPUTATIO
1650 307 1839 382 XXX,
1889 307 2163 368 SECTIO
2207 308 2313 370 lv.
3186 308 3297 366 481

193 505 265 547 1·ae
289 484 589 565 rejiciatur
615 484 679 544 in
708 501 901 544 unum
930 483 1129 544 solum
1161 503 1236 544 ex
1265 482 1481 555 sociis3
1533 500 1679 544 nam

192 584 424 656 uterque
453 577 609 637 sicut
636 581 699 637 et
726 577 1039 654 particeps
1066 576 1224 636 lucri
1248 622 1264 652 ,
1315 575 1503 636 debet
1544 592 1679 635 esse

190 669 471 749 particeps
500 673 558 729 et
584 667 862 747 periculi.
897 670 1028 729 Hoc
1068 672 1162 729 est
1203 668 1679 728 fundamentum

190 761 600 822 panormitani.
654 760 778 821 Sed
815 763 1070 837 contra,
1121 759 1267 839 quia
1311 761 1458 821 licet
1499 779 1573 819 ex
1617 758 1679 819 vi

189 854 424 933 praecisa
464 852 776 913 societatis
817 852 903 912 ita
932 852 1065 911 ficri
1103 852 1367 925 debeat;
1417 871 1541 912 non
1570 851 1680 911 de-

188 946 419 1007 struitur
440 949 644 1006 tamen
677 945 941 1005 societas
970 962 1043 1003 ex
1074 962 1147 1004 eo
1169 945 1337 1023 quod
1359 963 1470 1024 per
1489 945 1679 1004 alium

188 1043 545 1098 contractum
573 1036 734 1097 sicut
760 1055 974 1114 posses
1003 1037 1083 1096 ab
1114 1037 1322 1115 aliquo
1351 1038 1557 1113 tertio,
1590 1037 1680 1097 sic

186 1130 254 1190 ab
280 1131 402 1208 ipso
443 1130 609 1191 socio
654 1128 854 1208 possis
896 1133 1074 1188 tuum
1118 1129 1465 1208 periculum
1511 1128 1677 1188 redi-

186 1241 353 1298 mere,
385 1223 527 1283 dato
552 1222 642 1281 illi
671 1221 870 1299 pretio
901 1220 1233 1281 sufficienti
1273 1220 1352 1281 ad
1385 1239 1680 1299 compen-

186 1314 422 1375 sandum
446 1314 596 1374 illud
631 1313 1003 1392 periculum.
1058 1312 1162 1373 Sic
1211 1312 1399 1388 enim,
1445 1313 1591 1373 licet
1615 1312 1680 1372 in

185 1407 550 1468 commodato
595 1406 940 1486 periculum
1000 1405 1091 1464 rei
1136 1406 1548 1466 commodatae
1605 1424 1681 1466 ex

183 1518 313 1560 casu
336 1518 502 1559 mere
532 1499 785 1559 fortuito
834 1498 1143 1575 pertineat
1178 1499 1257 1557 ad
1304 1497 1627 1558 dominum
1659 1516 1676 1559 z

182 1596 365 1670 potest
388 1596 593 1652 tamen
623 1595 807 1670 pacto
844 1589 1013 1670 justo
1045 1593 1107 1650 et
1147 1590 1292 1650 data
1319 1607 1680 1669 compensa-

184 1685 328 1745 tione
355 1683 526 1763 rejici
550 1689 751 1744 totum
783 1682 933 1742 illud
956 1682 1299 1759 periculum
1319 1682 1384 1742 in
1405 1700 1682 1744 commo-

183 1776 488 1852 datarium,
520 1776 682 1836 sicut
710 1775 900 1836 etiam
927 1775 989 1833 in
1020 1773 1503 1852 depositarium,
1537 1793 1682 1834 con-

182 1869 507 1943 ductorem,
560 1871 624 1929 et
650 1867 915 1927 similem
955 1865 1037 1927 ad
1081 1885 1237 1945 quos
1264 1866 1491 1928 virtute
1522 1885 1682 1945 prae-

180 1962 290 2020 cisa
316 1960 609 2038 depositi,
643 1958 1064 2034 commodati,
1098 1957 1198 2018 vel
1246 1958 1680 2019 conductionis

180 2054 285 2114 tale
309 2052 649 2132 periculum
683 2069 805 2113 non
834 2051 1195 2130 pertineret.

246 2146 413 2208 Unde
440 2144 627 2206 tertio
657 2143 941 2223 probari,
989 2147 1052 2205 et
1092 2142 1449 2203 confirmari
1480 2146 1684 2221 potest

178 2257 209 2298 a
233 2237 432 2317 priori,
465 2237 615 2316 quia
642 2239 774 2297 tota
799 2234 1123 2313 aequalitas
1152 2238 1506 2296 contractus
1534 2252 1686 2294 con-

176 2332 317 2392 sistit
344 2330 404 2390 in
452 2348 525 2390 eo
575 2328 743 2408 quod
774 2327 1041 2407 aequalia
1084 2328 1209 2388 sint
1249 2326 1581 2388 commoda
1621 2330 1684 2388 et

177 2421 551 2485 incommoda
574 2469 590 2498 ,
638 2440 779 2500 quae
810 2420 1202 2482 contrahenti
1233 2423 1633 2497 apponuntur
1663 2435 1679 2483 ε

174 2514 320 2574 unde
348 2514 403 2574 ei
431 2514 622 2574 etiam
653 2513 759 2592 qui
786 2511 984 2572 solam
1013 2511 1254 2573 confert
1274 2530 1553 2588 operam,
1577 2511 1686 2572 ali-

174 2606 403 2685 quando
431 2606 781 2683 imponitur
821 2608 893 2665 ut
927 2604 1151 2664 subeat
1195 2603 1541 2682 periculum
1579 2622 1685 2664 ca-

172 2698 357 2777 pitalis
403 2697 617 2776 quoad
665 2700 936 2775 partem,
973 2696 1224 2775 quando
1268 2696 1517 2756 aliunde
1545 2697 1685 2776 plus

171 2791 308 2850 lucri
337 2791 390 2850 ei
422 2790 783 2868 assignatur
803 2835 819 2865 ‚
872 2807 1060 2868 quam
1089 2789 1223 2849 sine
1253 2807 1325 2849 eo
1358 2807 1546 2849 onere
1576 2789 1684 2849 ha-

172 2882 329 2944 beret
363 2883 607 2943 ratione
662 2881 856 2942 solius
906 2899 1112 2959 operae
1162 2900 1174 2941 :
1223 2885 1286 2942 et
1313 2900 1346 2940 e
1377 2885 1595 2946 contra
1624 2882 1684 2941 ei

172 2975 264 3052 qui
289 2975 525 3036 confert
550 2978 751 3035 totum
778 2973 1042 3050 capitale
1068 3018 1083 3048 ‚
1116 2973 1490 3052 relinquitur
1516 2992 1682 3052 saepe

170 3072 349 3128 totum
378 3067 728 3147 periculum
759 3066 1041 3144 capitalis
1068 3112 1084 3141 ,
1127 3066 1377 3144 quando
1419 3071 1686 3145 augetur
1718 3105 1726 3113 ·

171 3159 222 3219 ei
246 3179 382 3239 pars
416 3159 579 3221 lucri
619 3176 811 3237 supra
854 3157 917 3218 id
964 3157 1133 3237 quod
1175 3158 1308 3219 sine
1352 3158 1461 3220 tali
1495 3177 1683 3220 onere

170 3252 410 3314 haberet
442 3274 455 3315 ε
497 3269 651 3330 ergo
680 3251 735 3311 si
764 3255 1071 3328 augeatur
1096 3251 1292 3312 multo
1336 3251 1475 3329 plus
1505 3252 1568 3311 in
1596 3252 1687 3312 lu-

169 3363 264 3405 cro
292 3346 345 3406 ei
372 3346 475 3424 qui
520 3345 722 3406 solam
769 3362 1026 3423 operam
1064 3343 1335 3420 confert,
1389 3349 1595 3422 potest
1630 3345 1688 3404 ei

171 3439 388 3517 imponi
417 3437 769 3516 periculum
800 3435 989 3497 totius
1018 3435 1323 3513 capitaliS.
1372 3438 1550 3498 Ratio
1581 3456 1686 3497 au-

168 3534 281 3590 tem
309 3549 344 3589 a
371 3530 569 3608 priori
599 3533 694 3590 est
713 3575 729 3604 ,
782 3527 949 3606 quod
978 3528 1058 3588 ad
1088 3528 1511 3605 aequalitatem
1540 3547 1690 3589 con-

168 3624 384 3683 tractus
411 3620 668 3697 sufficit,
705 3619 873 3698 quod
904 3619 1234 3679 commoda
1274 3620 1691 3699 aequivaleant

169 3714 570 3775 incommodis
605 3734 619 3774 :
654 3731 781 3773 non
806 3716 1119 3790 repugnat
1140 3717 1348 3773 autem
1367 3713 1533 3792 quod
1546 3731 1689 3791 spes

169 3808 405 3886 majoris
435 3805 597 3868 lucri
628 3805 790 3868 tanti
818 3805 918 3880 sit,
952 3808 1014 3865 et
1041 3823 1074 3864 e
1104 3807 1321 3865 contra
1343 3805 1689 3883 periculum

168 3900 432 3978 capitalis
490 3899 577 3961 sit
631 3897 790 3958 adeo
846 3896 1171 3975 exiguum,
1222 3902 1292 3958 ut
1321 3898 1694 3976 aequivaleat

168 4011 295 4070 spes
324 3993 426 4053 illa
462 3991 727 4071 maj0ris
753 3989 909 4050 lucri
940 3990 1054 4052 toti
1085 3988 1260 4050 oneri
1290 3990 1692 4052 assecurandi

168 4086 439 4163 capitale,
474 4090 539 4146 et
575 4083 871 4162 exiguam
900 4087 1145 4161 partem
1175 4082 1330 4142 lucri
1356 4102 1370 4142 :
1395 4102 1518 4144 non
1541 4101 1690 4161 ergo

168 4183 463 4257 repugnat
519 4175 695 4256 quod
770 4178 1127 4236 contractus
1183 4174 1284 4234 ille
1340 4174 1548 4255 justus
1615 4175 1695 4236 sit

168 4273 223 4328 et
271 4268 531 4348 aequalis
554 4313 572 4343 ‚
631 4266 685 4326 si
741 4284 935 4325 onera
991 4270 1054 4327 et
1108 4267 1438 4328 commoda
1496 4267 1688 4347 juste,

168 4364 222 4422 et
245 4361 628 4440 prudentum
657 4357 913 4419 arbitrio
942 4359 1265 4437 aequaliter
1290 4377 1693 4439 compensen-

167 4459 275 4514 tur.

239 4546 509 4626 Opponit
538 4546 752 4620 SotuS,
788 4562 910 4604 non
939 4561 1123 4622 posse
1153 4543 1272 4604 hoc
1288 4548 1471 4622 pacto
1497 4562 1694 4604 rema-

169 4658 303 4700 nere
332 4640 732 4712 societatem,
756 4637 866 4696 sed
885 4636 1115 4697 debere
1146 4637 1400 4698 omnino
1429 4638 1695 4699 transire

169 4733 223 4791 in
250 4737 540 4794 mutuum
578 4751 592 4790 :
626 4748 772 4790 nam
802 4747 875 4788 eo
924 4730 1059 4806 ipso
1099 4729 1264 4808 quod
1303 4734 1501 4791 totum
1532 4730 1699 4808 peri-

168 4826 364 4886 culum
392 4822 687 4903 capitalis
717 4821 998 4901 rejicitur
1028 4822 1089 4881 in
1119 4822 1380 4898 socium,
1401 4823 1697 4884 transfer-

169 4923 259 4976 tur
284 4918 471 4978 etiam
502 4917 571 4975 in
603 4913 896 4975 eumdem
924 4913 1270 4974 dominium
1298 4915 1602 4993 capitaliS,
1637 4919 1699 4977 et

168 5013 359 5088 potest
388 5010 468 5070 de
499 5008 611 5068 illo
643 5006 722 5067 ad
753 5005 1001 5066 libitum
1031 5006 1364 5085 disponere
1383 5053 1398 5083 ,
1431 5007 1592 5068 sicut
1620 5007 1698 5067 de

172 5120 229 5160 re
258 5121 367 5162 sua
395 5102 642 5180 absque
671 5099 826 5159 socii
858 5099 1087 5178 injuria
1121 5119 1134 5159 :
1169 5099 1323 5159 nihil
1353 5119 1501 5178 ergo
1525 5101 1701 5161 deest

167 5195 240 5253 ad
266 5212 486 5255 verum
534 5196 864 5266 mutuum,
897 5196 1088 5270 atque
1118 5191 1259 5251 ideo
1290 5209 1434 5252 cum
1462 5211 1537 5252 ex
1564 5211 1699 5253 mu-

166 5295 265 5347 tuo
291 5287 543 5348 lucrum
577 5283 797 5344 haberi
832 5302 957 5344 non
988 5284 1203 5362 possit,
1238 5284 1581 5346 destruitur
1608 5286 1699 5346 lu-

476 5473 639 5532 Tou.
673 5470 835 5532 VIII.

1778 499 1852 541 ex
1892 480 2217 542 intervasso
2258 485 2630 561 apponatur.
2663 482 2761 544 Ad
2803 481 2922 542 hoc
2959 484 3168 542 tamen
3212 494 3305 541 ar-

1776 578 2146 652 gumentum
2174 575 2556 652 respondent
2568 575 2801 654 optime
2827 574 3059 635 Molina
3089 578 3148 634 et
3176 572 3300 647 alii,

1778 666 2066 743 negando
2097 666 2424 727 transferri
2462 667 2713 727 omnino
2754 666 3101 726 dominium
3141 666 3307 744 capi-

1776 758 1915 819 talis
1946 759 2006 817 in
2036 759 2276 819 socium
2305 764 2766 820 assecurantem
2802 778 2815 819 :
2846 762 3060 819 manet
3075 758 3307 837 quippe

1777 850 1985 911 adhuc
2012 851 2127 912 sub
2158 850 2434 912 dominio
2465 851 2672 913 dantis
2703 851 3007 931 quamdiu
3049 869 3174 912 non
3206 869 3306 910 ex-

1776 943 2091 1024 penditur.

1855 1037 2086 1113 Primo,
2105 1036 2253 1115 quia
2266 1035 2516 1098 traditio
2540 1054 2683 1097 cum
2703 1035 3166 1097 assecuratione
3183 1053 3307 1095 non

1779 1130 2126 1191 necessario
2157 1129 2453 1191 transfert
2481 1129 2828 1190 dominium
2854 1130 2919 1189 in
2948 1146 3309 1189 assecurati-

1777 1227 1926 1299 tem,
1961 1225 2029 1283 ut
2057 1225 2302 1283 constat
2328 1222 2393 1280 in
2419 1221 2728 1300 deposito,
2762 1222 3184 1297 commodatO,
3217 1221 3311 1281 lo-

1779 1319 1941 1391 cat0,
1974 1315 2035 1374 in
2066 1314 2294 1393 quibus
2321 1314 2469 1376 licet
2484 1333 2558 1374 ex
2577 1318 2761 1393 pacto
2779 1314 3044 1392 obligari
3072 1313 3311 1391 possint

1779 1406 2214 1486 depositariuS,
2247 1405 2806 1481 commodatariuS,
2858 1409 2920 1466 et
2966 1405 3312 1468 conductor

1780 1499 1859 1558 ad
1888 1497 2354 1576 suscipiendum
2371 1498 2433 1557 in
2454 1516 2519 1558 se
2540 1503 2741 1560 totum
2758 1497 3105 1576 periculum
3121 1499 3311 1558 etiam

1780 1591 1988 1671 quoad
2029 1610 2210 1651 casus
2258 1590 2577 1667 fortuitoS,
2623 1608 2750 1650 non
2795 1590 2939 1652 ideo
2978 1591 3313 1671 acquirunt

1779 1683 2129 1744 necessarIO
2160 1683 2527 1744 dominium.

1861 1774 2150 1838 Secundo
2174 1821 2190 1850 ‚
2223 1775 2370 1854 quia
2400 1775 2451 1835 si
2481 1775 2774 1835 nauclero
2812 1774 3027 1835 tradas
3069 1792 3310 1836 merces

1778 1872 1919 1930 tuas
1948 1867 2028 1928 ad
2061 1867 2247 1928 Indos
2274 1867 2771 1928 transvehendas
2792 1914 2807 1944 ,
2862 1886 2986 1928 non
3013 1868 3312 1928 transfers

1779 1962 1843 2021 in
1868 1961 2072 2039 ipsum
2100 1960 2406 2020 mercium
2435 1959 2782 2020 dominium
2804 2006 2819 2035 ,
2876 1960 3117 2020 etiamsi
3156 1977 3312 2020 nau-

1781 2053 1982 2114 clerus
2027 2070 2142 2131 pro
2194 2052 2485 2112 mercede
2523 2051 2927 2129 superaddita
2972 2051 3206 2131 obliget
3244 2070 3311 2112 se

1782 2146 1860 2207 ad
1888 2145 2289 2206 securitatem
2320 2143 2739 2223 navigationis
2770 2147 2831 2204 et
2859 2145 3188 2207 mercium.

1859 2238 2090 2313 Tertio,
2124 2238 2272 2316 quia
2300 2237 2351 2297 si
2381 2241 2693 2297 mercator
2722 2236 2824 2296 cui
2842 2236 3071 2297 tradita
3092 2242 3185 2298 est
3204 2255 3314 2314 pe-

1781 2330 1985 2407 cunia,
2020 2330 2207 2408 paulo
2255 2333 2396 2408 post
2435 2333 2805 2405 moreretur,
2857 2328 3124 2407 pecunia
3163 2346 3314 2390 non-

1782 2424 1932 2484 dum
1961 2422 2233 2483 alienata
2255 2469 2270 2498 ‚
2321 2426 2389 2483 tu
2420 2440 2635 2500 posses
2666 2438 2805 2480 eam
2835 2421 2950 2481 tibi
2979 2420 3313 2483 vendicare

1781 2519 2081 2594 tanquam
2136 2518 2338 2590 tuum,
2396 2517 2458 2574 et
2510 2512 2788 2592 praeferri
2846 2512 3133 2574 omnibus
3177 2512 3315 2572 aliis

1782 2606 2193 2668 creditoribus
2213 2607 2403 2667 etiam
2425 2604 2888 2684 hypothecariis
2907 2605 3274 2665 mercatoris
3295 2623 3309 2666 :

1781 2700 1908 2760 imo
1938 2704 1999 2759 et
2027 2699 2090 2759 in
2119 2699 2294 2759 lucro
2340 2699 2477 2776 ipso
2532 2696 2797 2757 deberes
2843 2696 2979 2757 aliis
3025 2698 3315 2758 omnibus

1780 2792 2062 2872 praeferri
2086 2837 2101 2867 ,
2137 2791 2284 2870 quia
2313 2789 2661 2851 dominium
2689 2790 2910 2850 saltem
2955 2790 3215 2866 partiale
3244 2789 3319 2849 il-

1781 2885 1901 2945 lius
1947 2884 2183 2944 habeas
2229 2884 2437 2944 statim
2487 2900 2561 2942 ac
2599 2881 2967 2960 acquiritur,
3016 2885 3317 2961 tanquam

1782 2996 1968 3037 verus
1995 2976 2221 3036 socius,
2257 2977 2473 3055 Neque
2503 2974 2672 3035 enim
2715 2974 2988 3035 habuisti
3034 2974 3319 3035 intentio·

1782 3087 1927 3129 nem
1955 3067 2357 3128 renuntiandi
2379 3068 2528 3148 jura
2555 3066 2810 3145 propria
2837 3067 3174 3143 societatiS,
3208 3066 3319 3127 sed

1780 3161 2049 3223 retinere
2079 3179 2154 3221 ea
2182 3160 2452 3238 voluisti,
2488 3163 2549 3221 et
2577 3159 2747 3240 quod
2775 3159 3040 3238 pecunia
3070 3163 3178 3221 tuo
3207 3176 3321 3220 no-

1783 3256 1951 3315 mine
1979 3253 2223 3315 lucrum
2253 3254 2488 3315 faceret
2513 3252 2666 3329 tibi,
2711 3252 2831 3313 hoc
2877 3251 3016 3332 jure
3063 3252 3322 3314 radicali

1783 3351 2025 3408 retento
2049 3392 2065 3423 ,
2107 3364 2256 3405 nam
2284 3345 2446 3406 sicut
2470 3344 2523 3406 si
2552 3347 2805 3423 pactum
2845 3345 3322 3406 assecurationis

1783 3440 2018 3500 factum
2046 3439 2265 3499 fuisset
2292 3457 2437 3499 cum
2467 3438 2588 3498 alio
2617 3437 2800 3499 tertio
2831 3441 3125 3498 extraneo
3146 3484 3162 3513 ,
3197 3455 3321 3498 non

1785 3531 1927 3592 ideo
1970 3530 2286 3591 amisisses
2318 3528 2666 3591 dominium
2694 3529 2975 3608 capitalis
3007 3534 3115 3591 aut
3140 3529 3320 3607 lucri,

1786 3623 1897 3684 sed
1925 3623 2127 3683 solum
2157 3623 2549 3683 vendidisses
2578 3623 2637 3682 ei
2665 3640 2841 3701 spem
2879 3622 3137 3700 majoris
3166 3621 3324 3682 lucri

1786 3734 1897 3797 pro
1953 3716 2412 3776 assecuratione
2472 3714 2755 3793 capitalis
2811 3718 2873 3774 et
2918 3714 3074 3774 lucri
3123 3714 3325 3775 mino·

1786 3809 1909 3883 ris;
1968 3808 2058 3868 sic
2112 3807 2369 3886 potuisti
2417 3825 2560 3867 cum
2607 3806 2773 3867 socio
2824 3807 3077 3884 pacisci,
3126 3807 3325 3868 inton-

1789 3902 1944 3962 dens
1992 3900 2055 3960 id
2101 3900 2306 3960 solum
2353 3900 2410 3959 ei
2466 3899 2617 3959 dare
2676 3897 2844 3978 quod
2887 3897 3082 3977 Ldares
3124 3902 3328 3959 extra-

1790 4011 1948 4065 neo;
2009 4010 2120 4053 cur
2175 3993 2342 4053 enim
2397 3994 2707 4070 repugnat
2744 3990 2881 4050 haec
2936 3991 3197 4052 intentio
3240 3990 3327 4052 ita

1789 4086 2054 4146 limitata
2075 4130 2094 4158 ,
2149 4103 2292 4145 cum
2321 4084 2640 4162 objectum
2670 4082 2746 4142 de
2777 4101 2842 4143 se
2873 4083 2952 4145 sit
2978 4101 3176 4162 capax
3202 4088 3329 4145 ter-

1790 4176 2072 4237 minandi
2103 4180 2496 4237 contractum
2536 4174 2778 4235 licitum
2822 4181 2884 4237 et
2927 4176 3332 4254 possibilem?

1792 4270 1971 4332 Unde
2002 4287 2126 4330 non
2158 4272 2254 4330 est
2280 4286 2499 4329 verum
2529 4266 2697 4346 quod
2728 4268 2935 4328 socius
2957 4315 2972 4345 ,
3022 4270 3224 4348 posito
3255 4288 3329 4330 eo

1794 4367 2015 4441 pact0,
2063 4361 2261 4440 possit
2305 4361 2570 4439 capitale
2611 4359 2765 4420 illud
2793 4360 2857 4420 in
2903 4374 3330 4441 quoscumque

1794 4474 1942 4515 usus
1971 4455 2324 4515 distrahere
2348 4500 2364 4530 ,
2399 4459 2462 4516 et
2491 4454 2822 4532 disponere
2853 4453 2929 4514 de
2963 4473 3036 4515 eo
3068 4456 3226 4516 sicut
3253 4456 3331 4516 de

1792 4548 1980 4607 rebus
2020 4547 2148 4608 suis
2183 4567 2196 4608 :
2230 4547 2440 4608 adhuc
2468 4546 2636 4607 enim
2667 4565 2743 4605 ex
2785 4551 3111 4608 contractu
3140 4549 3328 4609 socie-

1795 4640 1939 4701 tatis
1968 4644 2219 4701 tenetur
2248 4640 2328 4699 ad
2357 4639 2854 4717 negotiationem
2900 4640 3098 4700 solam
3143 4660 3335 4720 expo-

1796 4751 1945 4792 nere
1970 4779 1984 4808 ,
2019 4732 2137 4792 nisi
2167 4733 2327 4793 forte
2356 4732 2508 4793 velit
2537 4731 2724 4792 aliam
2774 4732 3109 4809 pecuniam
3155 4752 3335 4794 suam

1793 4826 1932 4885 loco
1961 4824 2123 4884 illius
2149 4825 2514 4904 subrogare,
2549 4825 2716 4903 quod
2745 4825 2950 4884 facere
2980 4825 3166 4886 etiam
3195 4844 3337 4904 pos·

1797 4921 1891 4978 set
1918 4917 2335 4995 depositarius
2354 4964 2369 4993 ‚
2405 4916 2694 4997 quamvis
2724 4916 2886 4976 illius
2917 4918 3197 4995 pecuniae
3225 4918 3340 4979 do-

1797 5010 2060 5069 minium
2091 5028 2216 5069 non
2249 5009 2663 5088 acquisiisset.

1879 5102 2056 5163 Dicet
2084 5102 2330 5181 aliquis,
2368 5119 2742 5179 repugnare,
2780 5100 2948 5179 quod
2983 5102 3200 5180 positis
3221 5105 3340 5166 illis

1801 5195 2032 5273 pactiS‚
2084 5198 2339 5255 maneat
2389 5194 2595 5254 adhuc
2635 5193 2985 5253 dominium
3036 5196 3097 5255 in
3129 5216 3201 5257 eo
3233 5199 3339 5277 qui

1800 5288 2062 5349 contulit
2087 5288 2393 5365 capitale;
2446 5306 2570 5347 non
2621 5289 2827 5363 potest
2872 5287 3039 5347 enim
3085 5309 3341 5353 manere

166 5381 246 5440 cri
273 5380 493 5443 titulus
520 5376 698 5452 liciti,
734 5377 866 5437 sive
894 5380 1151 5456 pactum
1179 5377 1333 5438 illud
1363 5376 1547 5438 simul
1567 5377 1698 5438 sive
1794 5378 1900 5459 jus
1929 5379 2099 5459 quod
2128 5399 2243 5458 per
2280 5378 2579 5459 injuriam
2615 5377 2761 5438 loedi
2791 5397 2915 5439 non
2947 5385 3155 5458 potest
3187 5403 3201 5444 :
3234 5402 3343 5446 so-

2940 5475 3012 5533 31

3457 5111 3565 5191 '44
