4263 6376
36 1406 90 1463 78

21 1536 156 1595 {pseu-r

1251 303 1720 365 DISPUTATIO
1767 304 1953 379 XXV,
2003 304 2278 367 SECTIO
2324 307 2423 367 Vl.

228 476 313 537 rei
340 494 475 537 suae
504 495 700 557 quam
718 482 938 539 mutuo
959 479 1222 558 accepit,
1255 480 1459 558 petita
1482 483 1774 540 mutuan-

228 576 307 642 te,
340 574 411 630 ut
441 588 587 629 eam
616 570 682 629 in
711 575 841 632 toto
872 572 976 631 illo
1007 572 1226 631 itinere
1257 579 1575 633 assecuret
1598 619 1613 648 ,
1665 572 1769 650 qui

228 668 318 723 est
337 668 705 723 contractus
726 665 1228 738 assecurationis,
1253 667 1412 725 sicut
1432 666 1548 724 hoc
1567 666 1770 742 ipsum

227 760 441 832 posset
470 762 688 833 petere
719 757 799 816 ab
829 757 950 817 alio
984 759 1166 818 tertio
1193 778 1205 818 :
1228 777 1421 836 quare
1443 757 1769 817 sicutalius

228 849 450 908 tertius
479 854 691 926 posset
722 856 936 927 petere
966 852 1234 928 pretium
1249 850 1487 930 justum
1508 869 1619 929 pro
1651 851 1769 910 hac

227 942 701 1001 assecuratione
732 988 746 1017 ,
796 943 882 1002 ita
930 948 993 1003 et
1038 943 1170 1021 ipse
1217 950 1510 1004 mutuans
1540 949 1762 1022 potest,

228 1051 368 1092 cum
391 1033 532 1112 jam
558 1053 682 1094 non
717 1036 1111 1095 sitdominus
1141 1037 1229 1095 rei
1259 1036 1440 1112 illius,
1461 1037 1570 1096 sed
1600 1037 1768 1096 illam

230 1126 515 1187 absolute
548 1128 937 1189 transtulerit
982 1129 1042 1188 in
1088 1129 1433 1189 dominium
1461 1134 1770 1190 mutuata-

230 1217 322 1290 rii,
360 1238 571 1297 neque
603 1220 683 1279 de
714 1220 834 1280 hoc
860 1220 1109 1281 videtur
1136 1241 1315 1300 posse
1346 1241 1480 1282 esse
1510 1221 1769 1283 difficul-

230 1315 344 1386 tas,
378 1312 502 1370 nisi
530 1331 674 1391 quae
707 1314 904 1374 oritur
932 1334 1006 1373 ex
1036 1314 1097 1375 d.
1132 1334 1185 1374 c.
1218 1314 1562 1394 Nave‘qanti.

306 1404 405 1463 Ad
438 1404 611 1484 quod
640 1406 832 1466 variae
863 1406 1039 1466 reddi
1079 1408 1282 1468 solent
1308 1408 1768 1486 interpretatio-

229 1515 377 1571 nes,
430 1516 592 1575 quas
622 1499 896 1559 afferunt
934 1499 1164 1560 Melina
1210 1501 1316 1560 ubi
1362 1519 1548 1578 supra
1595 1503 1639 1559 Ι
1645 1519 1763 1560 es5.

21 1591 183 1639 Ἡφ-
229 1588 379 1649 dub.
414 1606 521 1649 xv.
575 1609 751 1651 num.
789 1595 925 1653 -.116
979 1597 1041 1653 et
1074 1593 1281 1669 plures
1311 1592 1577 1654 Salasd.
1612 1592 1762 1653 dub.

21 1643 180 1689 hm.

228 1697 406 1741 xxm.
442 1685 606 1742 Nam
634 1684 830 1762 aliqui
860 1684 1094 1760 dicunt,
1128 1685 1319 1744 verba
1349 1685 1489 1761 illa,
1523 1703 1586 1744 eo
1616 1684 1774 1764 quod

224 1776 499 1856 suscipiet
527 1796 587 1835 m
614 1795 677 1836 se
695 1776 1021 1856 periculum
1047 1825 1061 1853 ‚
1122 1795 1245 1837 non
1273 1778 1492 1838 referri
1521 1779 1600 1837 ad
1630 1797 1769 1837 mu-

228 1873 535 1945 tuantem,
571 1870 681 1929 sed
714 1869 794 1929 ad
829 1870 1276 1931 mutuatarium
1301 1917 1316 1946 ‚
1351 1872 1528 1950 quasi
1557 1871 1764 1932 Ponti

226 1962 323 2021 fex
356 1961 560 2037 dicat,
598 1981 721 2022 non
751 1982 935 2041 posse
966 1963 1311 2042 quidquam
1341 1964 1504 2023 ultra
1532 1969 1766 2025 sortem

229 2054 393 2132 exigi
425 2063 690 2133 propter
706 2055 846 2115 loca
878 2056 1248 2133 periculosa,
1282 2056 1430 2134 quia
1456 2061 1766 2117 mutuata-

226 2147 355 2207 rius
384 2148 651 2227 suscipit
681 2148 743 2206 in
770 2167 835 2207 se
865 2148 1234 2226 periculum.
1286 2148 1405 2208 Alii
1438 2148 1654 2209 dicunt
1680 2148 1768 2208 ibi

225 2259 360 2299 esse
408 2259 771 2301 sermonem
818 2242 897 2301 de
943 2241 1217 2319 periculo
1261 2243 1663 2320 proveniente
1692 2260 1768 2302 ex

226 2333 618 2408 infidelitate,
652 2335 751 2394 vel
782 2335 1150 2412 impotentia
1171 2335 1528 2396 mutuatarii
1549 2334 1628 2394 ud
1646 2336 1768 2395 sol-

225 2426 525 2502 vendum,
562 2446 677 2505 pro
697 2447 822 2505 quo
844 2428 1121 2505 periculo
1152 2428 1303 2489 dicit
1332 2429 1612 2490 Pontifex
1643 2447 1766 2488 non

225 2538 407 2597 posse
440 2520 605 2579 ultra
631 2526 868 2580 sortem
897 2520 1117 2598 accipi.
1180 2521 1301 2581 Sed
1354 2520 1471 2580 hoc
1500 2527 1593 2581 est
1620 2539 1769 2580 con-

224 2618 322 2673 tra
348 2612 627 2673 litteram
658 2617 898 2688 textuS,
949 2613 1013 2672 in
1044 2632 1166 2692 quo
1196 2618 1489 2674 mutuans
1518 2631 1641 2672 non
1670 2632 1768 2674 su·

224 2706 409 2785 scipit
457 2707 516 2766 in
568 2725 635 2766 se
684 2706 1033 2784 periculum
1064 2707 1246 2767 sortis
1278 2707 1394 2767 sibi
1424 2708 1761 2781 solvendae,

225 2799 335 2858 sed
362 2800 569 2859 solum
602 2800 692 2858 rei
720 2802 1043 2873 mutuatae,
1079 2817 1219 2877 quae
1250 2800 1312 2858 in
1343 2800 1562 2860 itinere
1590 2806 1765 2879 pote-

227 2900 323 2953 rat
347 2891 717 2970 periclitari.
750 2891 870 2951 Alii
887 2891 1106 2951 dieunt
1125 2892 1382 2970 intelligi
1404 2893 1480 2952 de
1503 2911 1574 2952 eo
1597 2893 1765 2971 quod

227 2986 493 3064 exigitur
518 2986 768 3046 ratione
790 2985 992 3045 mutui
1019 2985 1200 3045 simul
1231 2991 1291 3047 et
1320 2987 1604 3063 periculi;
1640 3005 1765 3046 non

228 3080 479 3159 periculi
512 3078 732 3139 soline.
793 3078 916 3138 Alii
944 3078 1189 3151 dicunt,
1249 3096 1599 3139 sermonem
1630 3098 1765 3140 esse

229 3173 303 3233 de
330 3173 532 3251 pretio
566 3172 801 3251 injusto
832 3175 895 3232 et
922 3172 1261 3246 excessivo,
1297 3191 1420 3233 non
1449 3173 1527 3233 de
1560 3174 1769 3235 mode-

228 3273 356 3327 rato
382 3270 449 3326 et
466 3266 666 3344 justo,
702 3265 1171 3343 proportionato
1194 3266 1298 3325 tali
1321 3266 1618 3344 pericu10.
1643 3267 1765 3327 Alii

229 3359 439 3420 volunt
464 3359 838 3419 Pontificem
890 3357 1091 3418 solum
1121 3358 1386 3418 voluisse
1428 3359 1763 3437 reprobare

230 3470 476 3512 usuram
508 3452 832 3512 nauticam
860 3450 1104 3529 legibus
1131 3468 1491 3511 concessam
1513 3456 1575 3512 et
1602 3452 1762 3530 exigi

228 3547 489 3618 solitam,
524 3561 668 3624 quae
698 3547 834 3604 erat
861 3543 1203 3604 centesima
1217 3543 1401 3604 sortis
1430 3543 1490 3602 in
1522 3562 1757 3604 mense.

229 3640 376 3699 Aliae
391 3639 534 3698 duas
554 3636 1102 3713 interpretationes
1118 3635 1574 3696 verisimiliores
1592 3641 1757 3698 sunt.

234 3733 430 3792 Prima
458 3737 578 3807 est,
610 3747 829 3789 casum
851 3728 939 3788 ibi
960 3726 1363 3805 reprobatum
1395 3746 1550 3802 esse,
1576 3747 1762 3807 quan·

231 3825 311 3886 do
336 3831 633 3886 mutuans
682 3822 744 3881 in
793 3821 928 3900 ipso
977 3823 1191 3880 mutuo
1222 3819 1406 3880 simul
1438 3820 1614 3881 addit
1641 3822 1762 3881 tale

232 3924 475 3998 pactum
502 3964 520 3992 ,
554 3934 681 3996 quo
712 3916 770 3975 ei
800 3931 913 3992 pro
945 3913 1220 3991 periculo
1251 3913 1340 3973 rei
1368 3917 1669 3973 mutuatae
1699 3914 1761 3973 in

230 4030 300 4071 se
324 4017 601 4090 susperto
631 4007 869 4088 aliquid
892 4007 1053 4066 ultra
1080 4010 1310 4066 sortem
1341 4005 1557 4066 detur:
1594 4006 1762 4085 quod

232 4106 479 4185 quidem
518 4102 875 4164 usurarium
924 4103 1057 4174 est,
1107 4098 1252 4177 quia
1300 4117 1423 4157 non
1473 4098 1659 4158 debet
1687 4117 1761 4159 ex

230 4205 442 4259 mutuo
489 4196 757 4274 obligari
806 4190 1221 4253 mutuatarius
1251 4191 1330 4250 ad
1364 4191 1537 4250 illum
1567 4191 1761 4251 alium

231 4297 614 4353 contractum
666 4285 1145 4356 celebrandum
1214 4285 1374 4343 sicut
1420 4285 1586 4343 enim
1636 4304 1759 4345 non

228 4391 431 4464 potest
453 4381 720 4460 obligari
749 4379 829 4439 ad
850 4375 1246 4438 vendendum
1271 4377 1366 4435 vel
1387 4379 1756 4450 emendum,
1740 4397 1754 4410 ·

232 4479 324 4538 sic
348 4498 457 4539 nec
482 4478 565 4536 ad
593 4477 771 4536 illum
798 4473 992 4533 alium
1020 4474 1407 4531 contractum
1437 4488 1760 4530 assecura-

229 4571 414 4632 tionis
439 4566 887 4631 celebrandum
935 4585 948 4624 :
1002 4563 1121 4624 hoc
1150 4563 1317 4622 enim
1346 4581 1503 4622 onus
1534 4561 1757 4642 injuste

229 4671 443 4724 mutuo
472 4660 1025 4741 superadderetur.
1069 4656 1360 4717 Secunda
1388 4656 1759 4734 interpreta-

227 4758 329 4817 tio
359 4763 479 4832 est,
535 4753 707 4833 quod
753 4751 1038 4812 Pontifex
1083 4748 1169 4807 ibi
1205 4748 1406 4808 solum
1437 4749 1751 4823 decernat,

226 4847 701 4929 pxaesumendos
731 4863 865 4904 esse
900 4844 959 4902 in
993 4843 1123 4902 foro
1155 4846 1410 4900 externo
1440 4841 1757 4900 usurarios

228 4942 532 5022 ejusmodi
560 4942 942 5011 contractus»,
978 4952 1099 4994 non
1133 4933 1296 4992 enim
1327 4933 1501 5007 dixit,
1537 4951 1757 4992 usura-

228 5038 400 5097 rium
448 5053 600 5106 esse,
662 5031 773 5091 sed
822 5029 1175 5089 usurarium
1218 5025 1553 5086 censendum
1590 5044 1751 5087 esse:

228 5130 404 5208 quod
430 5127 644 5188 merito
674 5121 960 5183 Pontifex
982 5120 1147 5192 fecit,
1174 5137 1245 5179 eo
1278 5119 1443 5198 quod
1475 5136 1546 5177 eo
1577 5119 1754 5178 titulo

230 5222 633 5302 pallias-entur
659 5234 898 5288 usurae,
950 5231 1094 5273 cum
1135 5211 1311 5273 multi
1342 5211 1416 5271 iis
1445 5211 1590 5270 solis
1617 5229 1758 5269 mu-

226 5320 483 5376 tuarent
527 5313 630 5391 qui
685 5308 987 5389 pecunias
1051 5305 1413 5383 trajectitias
1473 5306 1758 5383 peterent

228 5424 389 5467 cum
414 5408 717 5465 contractu
748 5398 1230 5462 assecurationis
1274 5417 1288 5456 ε
1340 5402 1403 5457 et
1431 5414 1594 5476 saepe
1624 5414 1757 5455 mu-

228 5497 535 5562 tuatarius
562 5516 679 5557 non
712 5495 906 5555 habet
946 5492 1225 5552 animum
1267 5489 1616 5570 trajiciendi
1647 5507 1758 5568 pe-

3291 316 3404 376 195

1875 481 2111 555 eunias,
2147 481 2256 540 sed
2286 481 2368 541 ad
2396 486 2682 544 mutuum
2713 484 3121 545 obtinendum
3150 486 3212 546 id
3243 487 3407 549 dice·

1872 572 1981 631 bat
2004 620 2018 648 ,
2072 578 2133 633 et
2161 576 2429 652 pretium
2462 576 2650 635 etiam
2682 577 3068 638 excessivum
3099 598 3207 658 pro
3239 599 3408 642 asse-

1873 666 2192 726 curatione
2224 668 2611 745 exigebatur,
2633 669 2708 727 ad
2735 688 2889 748 quas
2911 671 3161 731 fraudes
3189 674 3405 733 tollen-

1872 760 1984 817 das
2014 759 2296 819 Pontifex
2318 761 2506 839 jussit
2536 761 2673 820 illos
2703 768 3060 824 contractus
3089 767 3406 828 usurarios

1870 852 2195 927 praesumi;
2231 852 2391 913 sicut
2419 854 2606 913 etiam
2641 855 2781 914 Pius
2812 857 2882 915 V.
2920 856 2982 914 in
3008 857 3217 918 multis
3245 858 3406 920 casi-

1870 942 1985 1002 bus
2015 944 2246 1020 voluit‚
2300 964 2520 1006 census
2566 948 2885 1008 usurarios
2930 950 3225 1025 praesumi
3251 950 3405 1013 dess-

1872 1035 2178 1097 cientibus
2207 1038 2393 1098 certis
2422 1040 2922 1117 conditionibus,
2957 1049 3216 1121 propter
3241 1044 3405 1105 frau-

1872 1128 2020 1203 deS,
2072 1148 2211 1208 quae
2262 1131 2590 1192 admisceri
2622 1133 2945 1210 solebant,
3005 1154 3148 1195 cum
3194 1142 3402 1198 tamen

1870 1220 1932 1279 in
1960 1220 2168 1300 rigore
2198 1224 2585 1284 conditiones
2615 1225 2733 1284 illas
2761 1244 2883 1284 non
2915 1233 3122 1288 essent
3159 1229 3235 1289 de
3260 1228 3402 1305 jure

1870 1314 2137 1373 naturali
2167 1316 2501 1394 requisitae,
2539 1321 2606 1377 ut
2632 1316 2984 1378 videbimus
3006 1323 3220 1396 postea
3242 1321 3398 1399 disp.

1868 1405 1939 1465 de
1964 1406 2239 1467 censibus.

1949 1501 2270 1578 Nuncjam
2299 1500 2380 1560 ad
2402 1502 2814 1579 quaestionem
2841 1503 2900 1562 in
2921 1505 3194 1563 secundo
3217 1524 3403 1566 sensu
3547 1516 3625 1574 ’79

1868 1592 2212 1667 veniamu5‚
2240 1592 2343 1671 qui
2375 1591 2688 1653 difficilior
2716 1599 2840 1666 est;
2867 1596 3119 1673 quaudo
3149 1616 3262 1676 pro
3292 1617 3404 1677 pe-
3449 1638 3515 1680 An
3539 1650 3614 1692 pm
3631 1638 3745 1692 W,

1866 1684 2106 1744 riculo
2092 1686 2284 1763 ipsius
2312 1686 2492 1745 sortis
2525 1686 2584 1744 in
2615 1692 2831 1747 mutuo
2865 1689 3135 1767 exigitur
3164 1690 3472 1769 aliquidc
3450 1692 3544 1733 ‘²⁰⁰¹
3518 1704 3750 1755 ⁰¹:⁰⁶&

1868 1776 2029 1837 ultra
2071 1782 2303 1837 sortem
2340 1778 2472 1837 solt
2480 1778 2745 1853 endum
2796 1799 2981 1858 quem
3013 1787 3401 1843 contractum
3453 1750 3515 1839 Γῖῑ
3516 1757 3621 1786 ⁰⁰⁰⁰⁰
3640 1756 3746 1799 ⁹⁰⁸

1868 1869 2220 1929 usurarium
2249 1888 2383 1929 esse
2413 1870 2642 1930 docent
2670 1871 2939 1948 plurimi,
2962 1878 3023 1933 et
3051 1874 3400 1952 gravissimi

1867 1964 1990 2023 DD.
2025 1965 2284 2023 Navarr.
2321 1963 2669 2024 Sot.Tolet.
2690 1965 2955 2026 Conrad.
2980 1968 3204 2044 Lopez‚
3237 1970 3402 2027 Ban-

1866 2073 1996 2130 nes,
2023 2055 2216 2115 Palat.
2239 2059 2302 2115 et
2327 2056 2454 2131 alii,
2488 2074 2642 2134 quos
2670 2058 2851 2118 affert
2881 2059 3056 2120 Salas
3073 2059 3222 2120 dub.
3243 2077 3395 2123 xxn.

1867 2167 1928 2207 n.
1966 2151 2021 2208 ί.
2047 2147 2215 2207 idem
2238 2148 2422 2209 docet
2442 2149 2675 2209 Rebell.
2712 2168 2845 2227 par.
2873 2152 2918 2212 1.
2953 2152 3060 2213 lib.
3097 2168 3179 2212 lx.
3203 2172 3263 2232 q.
3285 2170 3395 2215 xn.

1865 2243 2022 2301 Cruz
2051 2241 2109 2301 in
2136 2240 2359 2302 Direct.
2405 2247 2547 2320 part
2599 2243 2644 2302 Ι.
2688 2248 3000 2322 praecepto
3033 2261 3143 2306 vn.
3193 2265 3296 2325 qu.
3334 2265 3394 2309 v.

1865 2333 2013 2394 dub.
2050 2351 2134 2394 vx.
2171 2334 2370 2395 conel.
2404 2338 2462 2394 2.
2496 2334 2771 2395 referens
2793 2355 2867 2395 ex
2888 2338 3113 2415 Lopez‚
3149 2339 3401 2416 opposi-

1865 2431 1997 2486 tum
2026 2425 2445 2503 periculosum
2474 2426 2534 2485 in
2567 2427 2711 2501 fide,
2748 2428 2894 2507 quia
2928 2429 2991 2489 in
3026 2430 3079 2488 d.
3123 2449 3177 2491 c.
3211 2430 3401 2491 Navi-

1863 2520 2034 2597 ‚qanti
2068 2519 2365 2579 definitur
2409 2538 2541 2579 esse
2581 2520 2935 2580 usurarium
2962 2567 2976 2596 ,
3029 2523 3135 2600 qui
3181 2524 3401 2602 recipit

1866 2611 2101 2689 aliquid
2131 2611 2295 2671 ultra
2322 2616 2551 2672 sortem
2585 2630 2655 2670 ex
2688 2629 2785 2687 ee,
2819 2613 2988 2691 quod
3010 2616 3309 2692 suscipiat
3335 2617 3397 2675 in

1865 2722 1929 2762 se
1960 2703 2304 2781 periculum
2334 2704 2554 2763 mutui.
2610 2704 2731 2764 Sed
2763 2704 2862 2765 hic
2892 2710 3110 2766 auctor
3137 2708 3402 2767 excessit

1863 2796 1927 2857 in
1956 2814 2222 2856 censura
2247 2796 2576 2856 contrariae
2609 2795 2937 2873 opinionis,
2989 2807 3050 2859 et
3078 2818 3200 2858 non
3238 2800 3397 2859 bene

1863 2888 2077 2949 citavit
2105 2888 2341 2948 dictum
2370 2888 2711 2965 capitulum
2734 2935 2748 2963 ,
2781 2888 2864 2948 ibi
2907 2891 3073 2949 enim
3093 2937 3108 2966 ,
3143 2896 3213 2952 ut
3238 2892 3398 2951 vidi-

1862 3001 2002 3042 mus
2026 3028 2040 3056 ,
2096 2998 2219 3040 non
2270 2980 2477 3058 agitur
2519 2980 2595 3040 de
2626 2999 2699 3041 eo
2731 2981 2835 3059 qui
2866 2983 3125 3061 suscipit
3152 2984 3398 3062 perieu-

1860 3076 1991 3135 lum
2018 3073 2241 3148 mutui,
2273 3073 2382 3132 sed
2410 3074 2757 3151 periculum
2799 3075 2888 3134 rei
2931 3080 3253 3153 mutuatae,
3287 3077 3398 3156 qui

1862 3173 1956 3229 est
1982 3167 2164 3228 valde
2185 3166 2469 3226 diversus
2499 3184 2701 3230 casus.

1942 3260 2332 3323 Contrariam
2387 3260 2761 3320 sententiam
2815 3261 3162 3324 defendunt
3205 3264 3394 3324 etiam

1861 3373 2085 3433 graves
2114 3356 2239 3414 DD.
2273 3353 2523 3413 Medina
2551 3351 2620 3412 de
2645 3354 2829 3414 restit.
2864 3373 2924 3433 q.
2949 3371 3209 3417 xxxvm.
3233 3357 3287 3434 ἓ.
3314 3357 3394 3416 ad

1861 3449 2107 3509 tertiam
2139 3464 2391 3506 causam
2412 3492 2427 3521 ,
2470 3451 2532 3506 ot
2560 3447 2621 3505 in
2654 3451 2877 3525 quarta
2903 3466 3121 3524 eausa,
3163 3450 3396 3511 Melina

1861 3541 2021 3619 disp.
2054 3543 2194 3601 304.
2221 3543 2283 3600 et
2312 3557 2386 3607 ex
2418 3539 2696 3616 professo
2727 3539 2886 3617 disp.
2925 3544 3063 3603 356.
3112 3544 3283 3604 Βεεε.
3333 3563 3387 3605 c.

1857 3651 1959 3695 xx.
1994 3634 2145 3693 dub.
2183 3636 2277 3693 13.
2313 3633 2597 3692 Emman.
2634 3633 2753 3708 Sa,
2788 3633 3099 3708 Valentia,
3133 3636 3388 3715 Rodrig.

1860 3730 2178 3801 Navarra,
2232 3724 2517 3786 Corduba
2545 3771 2559 3799 ,
2609 3729 2883 3803 Aragon.
2920 3727 3130 3787 Salon.
3172 3730 3386 3804 etalii,

1861 3838 2017 3899 quos
2048 3819 2258 3892 refert,
2295 3822 2356 3876 et
2384 3817 2664 3895 sequitur
2693 3818 2867 3878 Salas
2892 3818 3039 3879 dict.
3062 3820 3210 3880 dub.
3233 3837 3385 3882 xxu.

1859 3914 2091 3972 Bonae.
2125 3910 2284 3988 disp.
2323 3910 2421 3968 ΙΙΙ.
2455 3907 2524 3968 de
2549 3909 2955 3985 contractibus,
2991 3929 3052 3989 q.
3097 3928 3165 3973 11.
3198 3932 3386 3991 punc.

1858 4010 1917 4067 4.
1951 4024 2012 4064 n.
2049 4006 2145 4064 18.
2183 4002 2418 4062 Filliuc.
2452 4006 2530 4062 tr.
2572 4003 2813 4062 XXXV.
2850 4021 2903 4063 c.
2937 4023 2997 4064 v.
3040 4023 3210 4066 num.
3248 4009 3383 4067 112.

1858 4097 2118 4158 Malder.
2154 4101 2231 4156 tr.
2258 4097 2357 4155 VI.
2398 4113 2450 4154 c.
2487 4111 2580 4154 111.
2614 4094 2764 4157 dub.
2798 4111 2926 4158 xlv.
2961 4102 3025 4158 et
3044 4099 3236 4158 Diana
3268 4102 3313 4162 1.
3339 4105 3384 4161 t.

1860 4199 1936 4251 tr.
1970 4189 2040 4250 de
2067 4196 2351 4248 contract.
2388 4206 2507 4247 res.
2543 4190 2641 4247 37.
2688 4189 2913 4267 quibus
2942 4190 3110 4252 favet
3140 4193 3202 4253 S.
3229 4193 3384 4254 Tho.

1859 4301 2073 4363 opusc.
2100 4297 2311 4341 mxlii.
2347 4279 2417 4340 de
2443 4280 2633 4340 usum's
2661 4299 2715 4343 e.
2743 4298 2800 4341 x.

1940 4375 2217 4437 Probant
2243 4375 2478 4451 primo,
2531 4372 2679 4451 quia
2714 4377 2968 4451 propter
2995 4393 3297 4452 expensas
3324 4378 3387 4438 in
3533 4396 3614 4456 80

1856 4467 2286 4573 recuperando
2330 4471 2545 4526 mutuo
2594 4465 2951 4541 faciendas,
3011 4467 3249 4529 licitum
3296 4476 3391 4531 est

1859 4561 2152 4639 exigere
2137 4558 2370 4637 aliquid
2400 4559 2564 4617 ultra
2599 4562 2871 4634 sortem,
2922 4563 2986 4619 et
3031 4559 3150 4620 hoc
3189 4564 3385 4623 solum
3453 4521 3718 4628 pffbffiffiffi.

1858 4658 2111 4731 propter
2159 4669 2569 4729 expensarum
2608 4651 2932 4726 timore-m,
2990 4651 3135 4714 lieet
3175 4661 3391 4733 postea
3438 4628 3735 4735 ⁰²f¹⁸m222⁰⁸¹

1857 4763 2144 4823 expensae
2176 4762 2297 4802 non
2315 4748 2689 4846 sequantur,
2723 4748 2793 4803 ut
2824 4745 3174 4808 concedunt
3201 4748 3389 4828 aliqui
3491 4736 3596 4778 ‘³¹¹⁰
3570 4747 3690 4783 ⁰⁰⁹⁸·

1858 4857 1932 4897 ex
1979 4836 2338 4896 auctoribus
2385 4836 2601 4912 primte
2650 4837 2974 4897 sententioe
3017 4840 3184 4916 apud
3217 4841 3390 4900 Salas

1857 4930 1961 4990 ubi
1994 4947 2221 5006 supra;
2264 4941 2414 5004 ergo
2446 4933 2507 4988 et
2537 4932 2792 5006 propter
2821 4929 3167 5007 periculum
3197 4931 3391 5009 ipsius

1857 5023 2042 5083 sortis
2096 5021 2299 5097 magis
2345 5020 2408 5079 id
2461 5020 2693 5080 licebit.
2749 5020 3038 5081 Secundo
3095 5023 3385 5100 probant,

1859 5116 2006 5195 quia
2058 5119 2315 5194 propter
2369 5113 2716 5192 periculum
2759 5112 2972 5172 damni
3017 5117 3392 5194 emergentis

1860 5209 2094 5268 licitum
2123 5208 2313 5269 etiam
2330 5213 2424 5267 est
2443 5207 2604 5266 ultra
2629 5210 2859 5266 sortem
2888 5206 3136 5285 exigere
3149 5209 3392 5269 etiamsi

1855 5307 2070 5381 postea
2100 5300 2400 5360 damnum
2430 5317 2554 5359 non
2584 5306 2904 5378 sequatur,
2941 5317 3088 5378 ergo
3120 5306 3182 5361 et
3208 5319 3393 5381 prop-

1857 5399 1951 5455 ter
1975 5394 2263 5454 timorem
2293 5392 2650 5453 amittendae
2671 5392 2874 5467 sortiS,
2895 5409 3038 5452 cum
3064 5392 3181 5455 hoc
3204 5395 3393 5456 etiam

1856 5487 1937 5548 sit
1962 5486 2262 5546 damnum
2290 5484 2601 5547 mutuanti
2624 5487 3221 5564 emergens.'1¹ertio,
3247 5489 3394 5567 quia
