4263 6376
541 4644 656 4702 157

492 4769 722 4885 aississi'fip,
800 4813 886 4874 tia
941 4807 1451 4887 distinguendum
1524 4811 1714 4885 put03
1775 4806 2105 4884 dupliciter
2167 4808 2334 4867 enim

457 4877 754 4972 ωῗῗὲἒῖίἶέο.

482 4983 557 5024 tali
588 4983 724 5025 datum

475 5036 548 5077 tuit
572 5037 735 5091 pignus.

838 281 954 340 226

2036 282 2137 339 DE
2180 279 2528 341 JUSTITIA
2575 281 2673 339 ET
2716 280 2914 339 JURE

837 456 1028 518 etiam
1054 455 1243 517 modo
1273 455 1496 531 haeres-5,
1532 456 1638 534 qui
1668 474 1741 515 ex
1771 459 2150 517 testamento
2182 456 2368 516 debet
2465 459 2578 531 ter,
2637 456 3029 533 praecedente
3104 457 3277 535 prius
3351 457 3734 536 obligatione
3805 460 3982 520 dandi

838 551 1018 609 Petro
1049 548 1343 609 alimenta
1372 549 1432 607 in
1463 547 1654 607 vitam
1685 548 1855 623 dare,
1890 551 2100 626 posset
2127 548 2183 607 ei
2214 549 2363 607 dare

833 659 1090 701 censum
1120 640 1295 718 cujus
1325 640 1673 700 redditibus
1699 641 1922 716 alatur,
1958 659 2099 700 eum
2131 641 2365 719 obliga-

830 733 998 795 tione
1027 732 1391 794 restituendi
1424 732 1715 792 eumdem
1746 751 2001 793 censum
2033 737 2173 811 post
2200 752 2363 792 mor-

828 829 978 901 tem,
1033 826 1133 885 vel
1162 824 1223 884 in
1254 826 1568 886 defectum
1610 843 1831 886 census
1877 828 2087 903 posset
2124 825 2181 884 ei
2212 825 2360 884 dare

828 918 1159 997 pecuniam
1210 917 1623 978 sufficientem
1667 918 1745 977 ad
1790 916 2124 976 emendum
2170 917 2360 977 talem

827 1028 1083 1070 censum
1113 1015 1506 1088 perpetuum,
1542 1009 1718 1088 cujus
1739 1009 2042 1069 fructibus
2064 1009 2353 1086 aleretur,

825 1108 1059 1163 etcum
1106 1103 1487 1180 obligatione
1536 1101 1844 1161 reddendi
1892 1102 2186 1161 eumdem
2217 1121 2358 1162 cen-

820 1213 961 1255 sum
990 1195 1088 1254 vel
1117 1196 1386 1272 pretium
1419 1193 1552 1271 ejus
1600 1200 1739 1272 post
1783 1200 2084 1266 mortem;
2138 1195 2201 1253 in
2233 1213 2354 1273 quo

821 1305 970 1349 casu
1000 1305 1123 1347 non
1155 1292 1317 1348 esset
1346 1305 1555 1362 usura,
1591 1287 1740 1366 quia
1768 1306 1890 1347 non
1913 1292 2076 1347 esset
2104 1287 2355 1365 proprie

819 1385 1126 1453 mutuum,
1187 1380 1297 1439 sed
1333 1379 1517 1440 datur
1545 1380 1891 1440 formaliter
1938 1381 2037 1439 vel
2077 1380 2355 1459 aequiva-

816 1473 1020 1534 lenter
1047 1491 1293 1549 census,
1331 1472 1508 1551 cujus
1540 1473 1619 1532 sit
1649 1472 2167 1545 usufructuariuS,
2212 1490 2353 1531 cum

818 1566 1198 1644 obligatione
1228 1565 1401 1625 illum
1433 1568 1859 1642 postmortem
1879 1564 2208 1625 reddendi.
2242 1567 2351 1624 Le-

816 1658 1094 1737 gatarius
1140 1659 1306 1718 enim
1363 1657 1620 1735 suscipit
1664 1658 1728 1717 in
1773 1676 1837 1717 se
1885 1676 2041 1718 onus
2083 1656 2350 1718 haeredis

817 1751 1066 1811 emendi
1090 1769 1224 1810 rem
1252 1750 1658 1824 fructiferam,
1694 1750 1872 1829 cujus
1892 1749 2196 1810 fructibus
2226 1751 2349 1810 ala-

811 1847 934 1920 tur,
970 1863 1084 1905 nec
1121 1843 1379 1904 intentio
1411 1842 1679 1903 haeredis
1731 1848 1824 1904 est
1865 1848 2175 1918 mutuare,
2237 1843 2348 1903 sed

812 1938 1168 1997 satisfacere
1198 1954 1326 1996 suae
1357 1936 1719 2014 obligationi
1752 1936 1944 1996 dandi
1974 1936 2057 1995 illi
2089 1954 2347 1996 censum

813 2030 911 2090 vel
939 2048 1070 2089 rem
1099 2028 1519 2103 fructiferam,
1570 2030 1652 2088 ad
1683 2047 1870 2107 quem
1902 2028 2091 2087 finem
2123 2029 2233 2089 dat
2260 2028 2344 2088 illi

810 2122 1081 2201 pretium
1128 2128 1196 2181 ut
1247 2127 1433 2181 emat.
1495 2123 1627 2180 Hoc
1673 2122 1885 2200 itaque
1933 2127 2114 2199 paeto
2163 2122 2347 2182 datur

808 2214 1078 2293 pecunia
1141 2214 1364 2275 dotalis
1427 2214 1673 2288 marite,
1748 2232 1869 2274 non
1933 2218 2175 2291 mutuo,
2234 2214 2344 2273 sed

810 2306 892 2368 ad
921 2307 1374 2385 comparandas
1404 2324 1504 2365 res
1542 2306 1890 2366 fructiferas
1921 2325 2187 2385 quarum
2215 2307 2347 2365 fru-

810 2400 1011 2460 ctibus
1037 2417 1229 2459 onera
1259 2398 1637 2459 matrimonii
1668 2400 1990 2461 sustineat.

890 2492 1176 2554 Secundo
1225 2491 1438 2570 objicit
1494 2491 1660 2550 idem
1717 2492 1913 2568 Salas,
1976 2492 2123 2571 quia
2197 2512 2342 2553 cum

809 2584 959 2645 dare
987 2583 1317 2663 pecuniam
1348 2582 1408 2642 in
1432 2583 1642 2644 dotem
1668 2584 1748 2644 sit
1775 2589 2084 2661 mutuare,
2115 2590 2182 2646 ut
2212 2586 2341 2664 ipse

807 2676 1138 2757 supponit;
1176 2676 1455 2755 obligare
1511 2694 1576 2736 se
1629 2695 1913 2735 socerum
1944 2677 2023 2735 ad
2067 2677 2341 2737 dandam

805 2771 974 2830 illam
1003 2768 1355 2848 pecuniam,
1393 2768 1511 2828 erit
1539 2768 1818 2845 obligare
1849 2788 1914 2827 se
1946 2768 2026 2828 ad
2055 2776 2343 2830 mutuan-

807 2864 959 2923 dum
987 2881 1099 2941 pro
1158 2862 1536 2940 obligatione
1593 2880 1784 2939 quam
1837 2881 2034 2940 gener
2083 2864 2343 2940 suscipit

807 2955 1148 3018 sustinendi
1180 2972 1373 3014 onera
1399 2954 1819 3026 matrimonii;
1869 2954 2178 3031 obligatus
2234 2976 2339 3016 au-

805 3054 934 3111 tem
962 3049 1041 3108 ad
1070 3046 1508 3122 mutuandum,
1536 3046 1583 3105 si
1616 3065 1739 3107 nou
1768 3052 2031 3122 mutuet,
2065 3048 2148 3107 ad
2186 3047 2339 3107 nihil

806 3146 1056 3205 tenetur
1083 3140 1197 3201 nisi
1230 3139 1308 3200 ad
1338 3138 1777 3215 mutuandum,
1813 3158 1924 3218 per
1957 3158 2022 3200 se
2078 3142 2336 3219 loquen-

807 3235 912 3312 do,
947 3239 1009 3295 et
1036 3233 1276 3294 secluso
1306 3231 1533 3292 damno
1590 3236 1948 3310 emergente
2003 3238 2114 3294 aut
2166 3234 2337 3293 lucro

807 3332 1127 3388 cessante:
1164 3343 1310 3403 ergo
1358 3343 1472 3383 nec
1518 3342 1696 3384 socer
1746 3343 1869 3383 non
1925 3325 2172 3384 solvens
2227 3326 2341 3385 do-

806 3425 933 3481 tem
966 3424 1244 3496 tempore
1293 3416 1650 3491 constitute,
1685 3421 1930 3476 tenetur
1984 3417 2065 3476 ad
2102 3417 2338 3496 aliquid

805 3511 999 3586 aliud,
1032 3529 1142 3588 per
1168 3527 1235 3569 se
1262 3509 1600 3588 loquend0,
1621 3509 1861 3568 secluso
1886 3509 2115 3569 damno
2141 3528 2336 3569 emer-

804 3609 992 3683 gente
1035 3604 1132 3663 vel
1191 3602 1363 3662 lucro
1412 3604 1714 3661 cessante.
1777 3601 2211 3679 Respondetur
2262 3621 2336 3661 ex

806 3697 1008 3766 dictis,
1042 3695 1306 3773 supponi
1345 3693 1591 3768 falsum,
1628 3693 1795 3771 quod
1827 3693 1940 3753 dos
1970 3694 2074 3753 illa
2119 3698 2333 3754 mutuo

805 3790 986 3851 detur
1018 3788 1265 3864 marite,
1301 3792 1363 3847 et
1417 3787 1585 3865 quod
1641 3786 1937 3863 obligatio
1995 3787 2186 3846 dandi
2230 3788 2337 3846 do-

803 3887 930 3943 tem
979 3883 1057 3942 sit
1111 3881 1407 3960 obligatio
1456 3880 1825 3941 mutuandi:
1861 3884 1954 3938 est
1983 3880 2149 3938 enim
2182 3879 2338 3940 obli-

804 3976 972 4054 gatio
1028 3974 1216 4034 dandi
1273 3991 1407 4032 rem
1436 3972 1822 4033 fructiferam
1877 3971 2124 4048 marito,
2160 3973 2336 4051 cujus

803 4069 884 4129 sit
910 4065 1402 4128 usufructuarius
1433 4065 1512 4124 ad
1560 4065 1928 4125 sustinenda
1982 4083 2173 4124 onera
2201 4083 2338 4124 ma-

803 4161 1099 4223 trimonii.
1133 4160 1384 4219 Falsum
1433 4158 1621 4218 etiam
1671 4163 1765 4218 est
1820 4157 1989 4236 quod
2033 4158 2332 4236 obligatio

802 4253 884 4314 ad
957 4252 1374 4313 mutuandum
1430 4251 1613 4310 detur
1665 4269 1899 4328 genero
1982 4269 2094 4328 pro
2185 4251 2334 4310 obli·

800 4346 1054 4426 gatione
1088 4345 1168 4406 ad
1201 4363 1392 4405 onera
1445 4341 1876 4417 matrimontii‚
1910 4361 2113 4421 neque
2146 4344 2334 4403 etiam

800 4441 890 4501 ita
916 4458 1016 4499 res
1044 4457 1110 4499 se
1132 4437 1340 4512 habet,
1373 4436 1484 4496 sed
1506 4436 1741 4496 fructus
1772 4433 1935 4495 dotis
1964 4435 2194 4496 dantur
2221 4454 2332 4513 pro

804 4533 1098 4593 oneribus
1152 4528 1537 4591 matrimonii
1568 4528 1968 4588 sustinendis.

884 4627 994 4686 11oe
1020 4627 1164 4683 sunt
1190 4623 1527 4701 potissimae
1557 4621 1886 4681 doctorum
1916 4621 2240 4681 sententia}
2270 4620 2333 4681 in

803 4718 922 4779 hac
968 4715 1421 4777 controversia:
1455 4715 1518 4773 in
1548 4732 1672 4792 qua
1714 4731 1830 4792 ego
1873 4713 2171 4775 claritatis
2198 4733 2335 4792 gra-

799 4904 1003 4985 potuit
1029 4902 1254 4981 pignus
1296 4899 1429 4960 dari
1459 4917 1690 4978 genero
1747 4917 1858 4977 pro
1903 4899 2047 4960 dote
2079 4918 2202 4959 non
2234 4918 2334 4960 so-

798 4999 950 5059 luta.
993 4995 1200 5057 Primo
1259 4992 1700 5054 antecedenter
1727 4991 1806 5050 ad
1838 4991 2326 5068 matrimonium,

799 5097 862 5157 et
888 5091 951 5149 in
981 5089 1112 5167 ipso
1144 5090 1469 5146 contractu
1487 5082 1699 5158 dotali,
1734 5101 1857 5161 quo
1888 5102 2065 5143 socer
2092 5103 2158 5144 se
2181 5084 2331 5143 obli-

796 5189 907 5262 gat
935 5180 1013 5241 ad
1049 5179 1325 5239 dandum
1356 5176 1544 5235 mille.
1581 5194 1640 5235 V.
1675 5195 1736 5253 g.
1798 5175 1864 5235 in
1895 5175 2105 5237 dotem
2160 5177 2325 5253 filiae,

797 5280 859 5336 et
886 5273 1068 5335 simul
1117 5290 1181 5331 se
1227 5269 1462 5345 obligat
1505 5267 1586 5328 acl
1618 5267 1894 5326 dandum
1925 5287 2037 5346 pre
2068 5269 2329 5347 pignore

793 5384 1026 5447 genero
1056 5363 1319 5424 tundum
1348 5362 1559 5436 talem,
1586 5360 1884 5439 quamdiu
1909 5361 2021 5421 dos
2049 5379 2172 5421 non
2204 5361 2331 5420 fue-

796 5461 877 5521 rit
907 5459 1128 5519 soluta.
1167 5455 1453 5518 Secundo
1485 5457 1690 5533 potest
1743 5453 1876 5514 fieri
1933 5471 2324 5533 consequen-

2461 546 2629 606 millc
2660 548 2721 607 in
2752 548 3001 619 dotem;
3036 555 3275 627 postea,
3308 569 3369 610 v.
3412 569 3475 629 g.
3510 570 3714 627 socer,
3747 554 3891 631 quia
3917 572 3985 613 ea

2460 638 2523 697 in
2554 646 2845 717 promptu
2875 659 3001 701 non
3034 642 3244 717 habet,
3281 642 3389 703 dat
3440 662 3678 721 genero
3733 644 3981 705 fundum

2461 750 2648 808 quem
2678 732 2909 793 habeat
2965 733 3263 812 quamdiu
3311 735 3423 795 dos
3455 755 3577 796 non
3609 736 3892 798 solvitur.
3920 740 3981 798 In

2457 824 2659 901 primo
2697 843 2843 885 casu
2874 844 2972 886 res
3002 827 3155 885 mihi
3185 827 3433 888 videtur
3484 828 3707 904 faciliS,
3756 830 3981 890 nullum

2458 916 2622 975 enim
2653 917 2981 979 intercedit
3034 923 3347 995 mutuum,
3381 939 3496 981 1100
3539 922 3777 1000 aliquid
3811 922 3984 983 datur

2455 1027 2687 1087 genero
2704 1029 2817 1088 pro
2848 1010 3145 1071 dilatione
3176 1011 3500 1073 solutionis
3539 1014 3622 1074 ab
3671 1033 3745 1076 eo
3792 1015 3980 1093 impe-

2455 1101 2701 1179 tranda,
2762 1102 2871 1162 sed
2923 1106 3257 1182 utrumque
3339 1104 3706 1167 immediate
3759 1125 3979 1185 genero

2453 1211 2567 1271 pro
2598 1196 2891 1255 oneribus
2912 1196 3292 1256 matrimonii
3324 1200 3732 1276 promittitur,
3767 1218 3979 1277 nempe

2454 1284 2567 1345 dos
2595 1287 2915 1363 solvenda,
2950 1294 3012 1349 et
3064 1288 3314 1350 interim
3370 1292 3762 1353 ususfructus
3788 1293 3977 1369 fundi,

2453 1398 2568 1439 nec
2615 1399 2810 1440 unum
2866 1388 2961 1442 est
3014 1383 3284 1458 pretium
3339 1383 3655 1445 dilationis
3712 1386 3978 1462 alterius,

2451 1472 2559 1531 sed
2595 1476 2929 1551 utrumque
2985 1472 3253 1535 debetur
3307 1476 3673 1538 immediate
3719 1497 3798 1538 ex
3847 1497 3978 1539 con-

2450 1568 2650 1626 tractu
2681 1566 2873 1626 dotali
2902 1566 2982 1625 ad
3012 1584 3208 1627 onera
3254 1569 3642 1630 matrimonii
3676 1571 3981 1631 sustinen-

2450 1656 2550 1717 da.
2587 1657 2759 1718 Sicut
2787 1658 2838 1718 si
2868 1676 3049 1718 socer
3076 1660 3471 1736 promitteret
3497 1681 3613 1740 per
3646 1663 3975 1723 triennium

2447 1749 2641 1809 filiam
2668 1750 2859 1827 alere,
2919 1755 2982 1811 et
3040 1757 3259 1829 postea
3314 1753 3524 1815 dotem
3580 1755 3852 1831 solvere,
3900 1756 3977 1815 ibi

2448 1848 2613 1903 certe
2644 1842 2815 1902 nulla
2847 1848 3011 1904 esset
3065 1864 3275 1921 usura,
3328 1846 3476 1924 quia
3530 1847 3837 1909 alimenta
3863 1866 3975 1909 non

2448 1934 2676 1995 dantur
2740 1939 2996 2012 propter
3048 1940 3337 1997 mutuum
3382 1938 3647 1999 formale
3704 1939 3818 2001 aut
3874 1941 3983 1999 vir·

2443 2029 2633 2104 tuale,
2666 2027 2775 2087 sed
2806 2027 2885 2087 ad
2930 2046 3120 2088 onera
3149 2031 3529 2091 matrimonii
3558 2032 3889 2108 solvenda,
3921 2038 3975 2094 et

2444 2121 2750 2181 debentur
2790 2121 3149 2182 immediate
3180 2141 3257 2181 ex
3284 2116 3416 2200 ipso
3448 2129 3781 2186 contractu
3812 2126 3975 2187 dota·

2442 2213 2507 2288 li,
2542 2218 2604 2274 ct
2634 2233 2752 2273 non
2780 2232 2855 2272 ex
2882 2220 3097 2275 mutuo
3132 2235 3145 2274 :
3181 2214 3304 2274 imo
3335 2215 3397 2274 in
3422 2216 3630 2295 rigore
3660 2218 3770 2278 illa
3797 2218 3975 2280 etiam

2444 2306 2739 2367 alimenta
2794 2306 3088 2366 videntur
3115 2325 3251 2366 esse
3281 2326 3426 2384 pars
3457 2309 3641 2385 dotis,
3678 2311 3831 2371 licet
3862 2330 3975 2371 11011

2443 2397 2670 2459 dentur
2696 2416 2840 2458 cum
2870 2398 3246 2475 obligatione
3276 2400 3579 2461 reddendi
3610 2421 3840 2462 eorum
3866 2422 3975 2463 ees·

2444 2491 2830 2551 timationem
2857 2490 3057 2550 soluto
3089 2491 3510 2565 matrimonio,
3572 2495 3717 2572 quia
3784 2498 3975 2574 magis

2441 2582 2671 2642 dantur
2704 2588 2771 2643 ut
2798 2582 3035 2642 fructus
3062 2584 3149 2642 rei
3183 2583 3540 2661 fructiferae,
3576 2605 3773 2664 quam
3807 2594 3977 2665 pater

2440 2675 2757 2752 assignare
2787 2674 3059 2735 debebat
3111 2675 3173 2734 in
3229 2676 3462 2738 dotem.
3498 2679 3574 2738 Et
3602 2679 3871 2757 quidem
3916 2681 3971 2739 in

2441 2767 2559 2826 hoc
2587 2766 2976 2845 potissimum
3007 2785 3153 2827 casu
3184 2769 3433 2829 videtur
3460 2771 3624 2849 loqui
3657 2773 3969 2849 Pontifex,

2440 2859 2545 2938 qui
2575 2859 2794 2919 merito
2825 2858 2980 2920 dixit
3006 2861 3243 2921 fructus
3272 2861 3436 2920 illius
3482 2863 3658 2922 fundi
3709 2865 3973 2943 obligati

2437 2970 2548 3029 pro
2581 2952 2722 3011 dote
2753 2970 2876 3011 non
2908 2971 3041 3011 esse
3073 2954 3527 3030 computandos
3571 2955 3635 3014 111
3678 2964 3924 3019 sortem
3955 2978 3969 3018 :

2440 3044 2586 3123 quia
2614 3063 2687 3102 ex
2712 3044 3053 3104 intentione
3076 3046 3577 3107 contrahentium
3596 3066 3720 3109 non
3756 3051 3975 3110 viden·

2438 3142 2539 3198 tur
2566 3155 2638 3198 eo
2669 3137 2876 3197 animo
2926 3136 3077 3214 dati,
3140 3139 3247 3198 sed
3302 3143 3371 3200 ut
3421 3158 3615 3219 gener
3661 3143 3972 3221 quamdiu

2438 3229 2582 3290 dote
2613 3248 2736 3289 non
2766 3230 2971 3290 soluta
2999 3249 3119 3290 non
3152 3235 3358 3309 potest
3383 3251 3483 3292 res
3511 3233 3662 3294 alias
3687 3237 3973 3298 fructife-

2436 3342 2539 3383 ras
2567 3341 2954 3401 comparare,
2989 3322 3219 3384 habeat
3247 3324 3412 3386 unde
3441 3327 3633 3404 possit
3659 3331 3971 3390 sustinere

2438 3434 2627 3475 onera
2656 3416 3056 3476 matrimonii.
3093 3418 3266 3476 Hanc
3282 3423 3492 3478 autem
3523 3437 3653 3479 esse
3682 3439 3973 3483 commu·

2437 3508 2600 3568 niter
2628 3508 3035 3568 intentionem
3093 3510 3616 3588 contrahentium,
3649 3514 3777 3573 nisi
3805 3515 3969 3575 aliud

2437 3599 2836 3677 exprimatur,
2873 3601 3108 3678 colligit
3138 3602 3414 3662 Pontifex
3447 3622 3519 3663 ex
3551 3623 3621 3664 eo
3643 3609 3824 3683 quod
3856 3608 3972 3668 fre-

2438 3697 2701 3770 quenter
2729 3693 2889 3753 dotis
2919 3693 3153 3755 fructus
3196 3714 3321 3753 11011
3364 3697 3672 3757 sufficiant
3694 3699 3787 3759 ad
3823 3719 3971 3761 one-

2434 3804 2507 3845 ra
2533 3785 2913 3845 matrimonii
2943 3786 3339 3846 sustinenda:
3375 3807 3499 3848 non
3530 3795 3619 3850 est
3647 3809 3810 3870 ergo
3841 3812 3969 3854 cre-

2437 3877 2624 3937 dibile
2655 3877 2820 3955 quod
2852 3878 3043 3938 velint
3082 3879 3168 3939 ita
3197 3882 3587 3958 contrahere,
3630 3889 3696 3943 ut
3723 3886 3969 3946 fructus

2434 3970 2711 4048 pignoris
2742 3970 2953 4030 dotem
2984 3972 3285 4049 paulatim
3307 3973 3690 4048 diminuant;
3724 3984 3797 4039 et
3828 3997 3968 4038 cum

2437 4062 2685 4121 aliunde
2707 4062 2839 4121 sine
2870 4063 2994 4122 ulla
3025 4082 3228 4124 usurae
3286 4065 3425 4126 labe
3478 4068 3712 4145 possint
3787 4072 3969 4131 aliter

2434 4155 2801 4215 contrahere
2833 4174 2903 4216 eo
2924 4156 3108 4216 modo
3141 4176 3263 4235 quo
3290 4158 3578 4237 diximuS,
3602 4161 3688 4222 ita
3714 4181 3965 4240 praesu-

2432 4248 2522 4306 mi
2567 4247 2754 4308 debet
2802 4267 2908 4308 cos
2963 4251 3345 4311 contraxisse
3403 4252 3517 4312 nisi
3575 4258 3964 4318 contrarium

2434 4340 2622 4400 fuerit
2643 4358 3028 4417 expressum,
3071 4343 3169 4402 vel
3210 4343 3529 4421 probetur.

2515 4435 2727 4511 Neque
2757 4433 2947 4506 dicas,
2994 4453 3118 4495 non
3174 4435 3334 4496 bene
3379 4438 3673 4514 probasse
3702 4443 3968 4503 Pontifi-

2434 4543 2569 4585 cem
2588 4524 3073 4603 propositionem
3093 4528 3508 4589 universalem
3538 4531 3613 4591 de
3643 4551 3772 4593 non
3796 4553 3966 4596 com·

2434 4618 2725 4696 putandis
2754 4618 3055 4679 fructibus
3087 4619 3149 4679 in
3172 4625 3403 4681 sortem
3434 4641 3507 4682 ex
3537 4627 3963 4704 propositione

2433 4710 2814 4789 particulari,
2849 4711 2944 4770 vel
2988 4719 3155 4772 certe
3200 4731 3324 4773 non
3380 4733 3557 4794 aeque
3599 4717 3961 4795 universali,

2436 4822 2658 4881 nempe
2709 4803 2857 4881 quia
2913 4804 3272 4882 frequenter
3319 4806 3481 4868 dotis
3542 4809 3783 4871 fructus
3845 4831 3963 4874 non

2434 4897 2744 4956 sufficiant
2776 4896 2853 4954 ad
2887 4915 3077 4957 onera
3131 4899 3512 4960 matrimonii
3568 4905 3958 4965 sustinenda.

2434 4988 2867 5066 Respondetur
2895 4988 3060 5048 enim
3081 4990 3241 5050 bene
3283 4991 3347 5050 id
3396 4994 3728 5070 probasse;
3784 5016 3862 5057 ex
3890 5016 3961 5061 eo

2433 5082 2598 5141 enim
2632 5081 2798 5159 quod
2839 5080 3197 5159 frequenter
3225 5082 3387 5144 dotis
3415 5085 3653 5148 fructus
3685 5107 3813 5150 uon
3842 5090 3961 5150 suf-

2430 5174 2644 5234 ficiant
2672 5173 2749 5232 ad
2784 5192 2975 5233 onera
3023 5175 3426 5252 matrimonii,
3452 5179 3716 5241 infertur
3743 5183 3961 5243 imme·

2432 5266 2597 5326 diate
2628 5269 2776 5325 tunc
2794 5265 3057 5326 fundum
3088 5287 3211 5327 non
3242 5269 3328 5329 ita
3359 5270 3495 5331 dari
3523 5272 3583 5331 in
3618 5275 3871 5352 pignuS,
3895 5281 3960 5336 ut

2428 5359 2664 5420 fructus
2711 5363 3150 5436 computentur
3176 5360 3240 5421 in
3269 5369 3544 5426 sortem:
3578 5385 3652 5425 ex
3687 5367 3810 5429 boc
3858 5388 3960 5428 au·

2424 5458 2551 5513 tem
2593 5472 2806 5511 rursus
2863 5452 3124 5513 insertur
3155 5473 3475 5534 nunquam
3503 5458 3592 5519 ita
3620 5460 3782 5538 dari,
3815 5462 3950 5541 quia
