4263 6376
541 2448 612 2504 {5

440 2571 561 2625 Quid,
592 2572 626 2613 si
646 2572 686 2625 ip
696 2584 739 2614 se

441 2628 624 2669 lucratus
654 2632 735 2668 est.

572 4035 645 4093 16

504 4160 622 4212 Quid,
656 4161 691 4202 si

450 4218 617 4267 uterquc
630 4214 744 4257 scic-

494 4267 577 4317 bal,
599 4281 691 4309 esse

502 4321 694 4364 alienam.

768 310 886 372 504

851 488 998 548 Haec
1026 491 1237 549 tamen
1287 507 1411 549 non
1458 495 1692 568 cogunt
1721 493 1848 550 uta
1881 490 2203 552 communi
2244 493 2308 551 et

770 584 1024 658 recepta
1053 581 1335 641 doctrina
1363 582 1755 644 recedamus,

850 674 947 733 Ad
977 674 1245 751 primum
1296 675 1460 734 enim
1508 675 1811 752 dicimuS,
1856 676 2303 755 obligationem

772 766 849 827 de
880 766 1183 826 evictione
1215 785 1339 827 non
1370 767 1602 827 habere
1623 769 1828 828 locum
1850 769 2051 829 solum
2074 769 2138 827 in
2160 788 2307 828 ven-

772 858 1028 934 ditione,
1087 860 1197 919 sed
1244 860 1305 919 in
1354 862 1525 920 omni
1573 861 1760 922 etiam
1803 865 2127 923 contractu
2159 881 2308 921 one-

770 971 936 1028 roso,
966 956 1035 1012 ut
1061 972 1204 1013 cum
1236 955 1552 1014 communi
1581 955 1850 1014 diximus
1873 955 2032 1034 disp.
2051 972 2220 1016 xxv1.
2241 954 2310 1014 de

771 1053 943 1126 empt.
978 1054 1033 1104 ec
1060 1046 1273 1107 vendit.
1311 1052 1461 1107 sect.
1500 1050 1596 1108 IO.
1635 1048 1740 1106 ubi
1770 1047 2062 1124 vidimus,
2098 1048 2306 1107 locum

774 1139 959 1199 etimn
992 1138 1257 1216 habere,
1316 1140 1568 1219 quando
1618 1141 1855 1220 aliquid
1885 1141 2071 1200 datur
2102 1140 2219 1201 tibi
2247 1140 2309 1200 in

772 1232 1045 1292 solutum
1076 1250 1111 1290 a
1142 1252 1265 1292 non
1289 1237 1538 1310 potente
1584 1234 1730 1293 illud
1766 1233 1938 1294 dare.
1974 1236 2129 1294 Cum
2160 1250 2310 1312 ergo

772 1324 996 1383 ludens
1027 1343 1099 1385 eo
1131 1325 1264 1404 ipso
1297 1325 1464 1404 quod
1495 1326 1787 1402 vincitur,
1824 1327 2052 1386 debeat
2074 1345 2148 1386 ex
2167 1345 2315 1386 con-

773 1422 977 1478 tractu
1009 1437 1271 1478 oneroso
1303 1419 1699 1497 praecedente
1733 1419 1997 1495 solvere,
2023 1423 2086 1479 et
2113 1419 2315 1479 solvat

776 1529 843 1570 re
874 1511 1114 1587 aliena,
1166 1513 1416 1571 tenetur
1444 1512 1634 1571 etiam
1673 1512 1750 1570 de
1792 1512 2098 1571 evictione
2136 1511 2316 1591 juxta

776 1604 1025 1682 regulas
1055 1604 1139 1663 ibi
1167 1604 1450 1681 traditas,
1485 1604 1627 1665 licet
1650 1604 1885 1664 nullum
1908 1605 2177 1684 pretium
2209 1623 2314 1665 ac-

780 1696 1035 1775 ceperit.
1696 1685 1703 1689 ³

860 1791 955 1851 Ad
985 1790 1330 1850 secundum
1364 1790 1776 1870 respondetur
1820 1791 2023 1852 facile:
2079 1791 2311 1852 doctri-

780 1902 926 1943 nam
985 1883 1156 1943 illam
1212 1884 1573 1961 procedere,
1633 1884 1883 1963 quando
1942 1884 2125 1944 ludus
2184 1889 2319 1946 erat

779 1977 1005 2053 licitus»,
1040 1981 1101 2037 et
1128 1975 1400 2056 perdens
1431 1977 1705 2037 debebat
1754 1978 2025 2050 solvere3
2061 1978 2315 2057 quando

782 2071 949 2131 enim
1004 2074 1253 2149 poterat
1308 2089 1434 2130 non
1485 2071 1727 2131 solvere
1754 2117 1768 2146 ,
1844 2072 2044 2131 evicta
2098 2075 2317 2149 postea

781 2181 849 2223 re
899 2163 1124 2238 soluta,
1186 2162 1445 2242 perinde
1490 2181 1554 2222 se
1614 2162 1909 2238 habebit,
1964 2181 2035 2222 ac
2081 2164 2130 2222 si
2164 2163 2319 2222 nihil

784 2256 1090 2332 solvisset,
1125 2259 1186 2315 et
1213 2255 1365 2314 nihil
1393 2255 1704 2316 tenebitur
1732 2256 1938 2316 denuo
1968 2256 2233 2318 solvere.

869 2349 930 2411 Si
962 2367 1134 2426 vere,
1181 2349 1286 2427 qui
1330 2366 1462 2407 rem
1508 2349 1778 2409 alienam
1825 2369 1940 2409 usu
1989 2368 2113 2408 non
2171 2368 2321 2409 con—

786 2442 1210 2521 sumptibilem
1239 2441 1387 2501 ludo
1418 2443 1694 2520 exponit,
1732 2461 1857 2503 non
1886 2442 2174 2503 vincatur
2208 2443 2319 2503 sed

785 2537 1081 2612 lucretur,
1116 2536 1266 2595 dicit
1293 2534 1453 2594 bene
1483 2534 1628 2595 Mol.
1664 2536 1934 2597 retinere
1964 2554 2106 2595 eum
2136 2555 2318 2614 posse

783 2630 1050 2705 lucrum,
1087 2629 1231 2708 quia
1263 2632 1618 2688 contractus
1647 2628 1889 2688 validus
1910 2628 2053 2701 suit3
2088 2628 2319 2688 debere

786 2728 996 2784 tamen
1027 2722 1354 2782 restituere
1383 2725 1629 2799 partem
1661 2721 1882 2781 saltem
1927 2721 2085 2781 lucri
2109 2768 2126 2794 ‚
2179 2739 2320 2799 pro·

786 2821 925 2896 pter
953 2814 1299 2894 periculum
1330 2812 1427 2872 cui
1461 2813 1747 2891 exposuit
1776 2813 2198 2873 colludentem
2228 2813 2321 2871 ni-

788 2909 874 2969 hil
902 2907 1213 2982 lucrandi,
1247 2906 1297 2965 si
1327 2906 1610 2966 vinceret
1644 2914 1705 2966 et
1734 2925 1835 2966 res
1866 2907 2073 2967 aliena
2104 2910 2322 2986 postea

787 3002 868 3062 ab
898 3019 970 3060 eo
1003 3000 1414 3075 evinco-retur,
1450 3004 1511 3059 et
1542 2999 1644 3078 qui
1677 2999 1994 3078 perdidit,
2031 2999 2185 3059 nihil
2214 2999 2321 3059 ha-

788 3095 987 3168 beret,
1046 3110 1169 3171 quo
1228 3091 1362 3170 ejus
1403 3092 1683 3151 valorem
1730 3097 1940 3171 posset
1969 3093 2023 3152 ei
2054 3093 2316 3153 solvere.

789 3186 987 3248 Debet
1016 3190 1225 3245 autem
1256 3185 1394 3265 plus
1423 3185 1519 3244 vel
1550 3186 1757 3245 minus
1788 3185 2116 3247 restituere
2143 3233 2157 3262 ,
2209 3205 2321 3264 pro

790 3279 1015 3361 majori
1071 3279 1166 3338 vel
1222 3278 1449 3338 minori
1503 3280 1777 3357 periculo
1834 3280 1933 3339 cui
2002 3280 2324 3340 colluden-

790 3379 917 3435 tem
975 3371 1325 3451 exponebat
1358 3391 1370 3430 :
1406 3391 1598 3451 quare
1654 3373 1705 3432 si
1757 3373 2104 3450 periculum
2163 3378 2327 3435 esset

792 3470 1077 3546 apertum
1126 3465 1278 3525 nihil
1325 3466 1646 3543 lucrandi,
1700 3471 1900 3527 totum
1941 3467 2186 3526 lucrum
2217 3466 2326 3526 de-

791 3560 900 3621 het
939 3559 992 3619 ei
1039 3559 1388 3620 restituere.
1442 3560 1829 3636 Prcesertim,
1892 3578 2033 3619 cum
2081 3560 2143 3618 in
2191 3560 2323 3620 foro

792 3652 1080 3714 exteriori
1114 3652 1277 3711 nulla
1310 3653 1648 3712 colludenti
1680 3653 1841 3713 actio
1875 3653 2328 3713 concederetur

790 3765 903 3827 pro
935 3746 1240 3807 evictione
1270 3745 1361 3805 rei
1390 3746 1537 3806 ludo
1571 3746 1887 3824 prohibito
1919 3750 2320 3825 comparatze.

873 3840 1065 3901 Addit
1093 3839 1362 3918 denique
1391 3839 1558 3899 idem
1580 3840 1830 3916 Melina,
1864 3839 1916 3900 si
1946 3843 2209 3918 uterque
2238 3840 2328 3899 lu-

794 3936 948 3994 dens
978 3933 1214 3994 sciebat
1240 3950 1373 3991 rem
1404 3951 1537 3992 esse
1555 3931 1846 4010 alienam,
1868 3934 2072 3993 furem
2095 3933 2327 3993 debere

794 4030 953 4089 forte
1009 4027 1335 4087 restituere
1393 4030 1592 4086 totum
1651 4027 1820 4105 quod
1866 4027 2144 4086 lucratus
2189 4030 2324 4099 est;

796 4120 940 4201 quia
972 4138 1044 4180 eo
1075 4138 1222 4179 casu
1254 4123 1609 4179 contractus
1638 4120 1888 4180 videtur
1932 4138 2065 4179 esse
2097 4119 2324 4196 nuIIuS,

796 4219 960 4276 etex
1009 4216 1337 4273 contractu
1393 4212 1562 4272 nullo
1613 4217 1675 4272 et
1722 4212 2037 4288 invalido,
2090 4212 2329 4272 nullum

793 4326 1050 4389 prorsus
1077 4306 1320 4365 lucrum
1352 4305 1607 4366 retineri
1650 4305 1819 4385 juste
1864 4309 2092 4384 potest.
2130 4306 2330 4378 Quam

794 4401 1143 4462 doctrinam
1188 4398 1392 4477 rejicit
1436 4399 1611 4459 Salas
1642 4417 1746 4459 nu.
1782 4403 1840 4459 4.
1879 4398 2025 4477 quia
2053 4400 2154 4458 fur
2181 4402 2330 4459 tunc

795 4513 918 4555 non
950 4491 1205 4570 exponit
1234 4510 1365 4551 rem
1403 4491 1671 4551 alienam
1699 4538 1713 4566 ,
1763 4491 1871 4551 sed
1917 4492 2238 4570 propriam
2270 4496 2330 4552 et

792 4589 925 4668 ejus
954 4586 1232 4647 valorem
1258 4585 1526 4644 reddere
1574 4588 1779 4662 potest
1827 4585 2084 4664 antiquo
2122 4585 2327 4646 domi-

791 4700 869 4743 no
906 4702 918 4743 :
953 4698 1102 4759 ergo
1130 4679 1374 4739 lucrum
1397 4698 1471 4738 ex
1489 4678 1638 4739 ludo
1658 4678 2033 4756 proveniens
2055 4679 2326 4739 retinere

787 4779 1011 4856 potest.
1067 4775 1375 4835 Caeterum
1424 4772 1708 4834 doctrina
1761 4771 2008 4833 Molinae
2064 4773 2328 4851 intelligi

786 4869 975 4930 debet
1004 4867 1080 4927 de
1112 4886 1178 4925 re
1209 4866 1462 4942 furtiva,
1493 4883 1775 4944 quaenon
1795 4866 1874 4927 sit
1897 4866 2187 4944 pecunia,
2212 4885 2325 4926 nec

786 4962 1171 5022 functionem
1201 4960 1498 5038 recipiat,
1543 4977 1731 5038 quam
1762 4959 2017 5038 quidem
2049 4978 2175 5020 non
2205 4979 2320 5038 po·-

785 5060 905 5116 test
932 5056 1032 5115 fur
1058 5056 1264 5115 facere
1299 5053 1411 5113 sibi
1459 5052 1776 5130 propriam
1818 5053 2085 5113 volendo
2129 5053 2322 5133 oequi·

784 5149 997 5208 valens
1026 5147 1292 5207 reddere
1324 5146 1603 5222 dominc,
1639 5149 1827 5225 atque
1858 5146 2000 5205 ideo
2034 5146 2093 5205 in
2127 5166 2196 5205 ea
2230 5147 2324 5205 vi-

783 5243 967 5305 detur
988 5245 1344 5302 contractus
1377 5259 1510 5301 esse
1544 5241 1785 5312 nullus,
1840 5241 1999 5300 sicut
2043 5240 2318 5302 venditio

781 5336 871 5396 rei
898 5336 1166 5410 furtivae,
1203 5335 1453 5413 quando
1488 5337 1748 5415 uterque
1771 5333 2147 5396 contrahens
2169 5334 2320 5394 scie-

780 5430 888 5491 bat
914 5448 1048 5490 rem
1079 5448 1213 5489 esse
1244 5428 1560 5489 furtivam.

1931 314 2032 373 DF:
2073 313 2425 376 JUSTITIA
2477 314 2578 375 ET
2620 314 2819 376 JURE

2485 493 2634 551 Haec
2662 490 3011 570 procedunt
3040 490 3117 550 de
3156 509 3222 550 re
3252 510 3371 551 usu
3411 510 3537 552 non
3569 491 3923 571 consumpti·

2404 583 2512 644 bili
2539 603 2553 656 3
2587 584 2664 643 de
2693 603 2761 644 rc
2790 603 2939 644 vero
2972 603 3085 645 usu
3115 585 3626 665 consumptibili,
3663 590 3733 644 ut
3760 603 3925 663 pecu-

2407 677 2509 737 nia
2534 724 2548 753 ,
2583 696 2644 739 v.
2677 697 2772 756 gr.
2804 677 3316 756 distinguendum
3358 684 3475 740 est.
3520 678 3590 739 Si
3636 678 3800 738 enim
3843 678 3923 737 lu-

2407 770 2561 829 dens
2593 769 2867 830 habebat
2889 816 2904 846 ,
2949 771 3114 830 unde
3140 770 3409 831 reddere
3440 777 3652 849 posset
3685 770 3816 848 ejus
3841 789 3928 829 va-

2407 956 2467 1014 in
2500 959 2699 1015 totum
2727 955 2825 1014 vel
2857 955 2918 1013 in
2948 961 3213 1034 partem,
3250 959 3313 1016 et
3341 959 3609 1035 uterque
3630 961 3930 1035 potestte·

2409 1048 2607 1109 tinere
2637 1049 2881 1108 lucrum
2915 1049 3010 1108 vel
3040 1053 3264 1125 totum,
3300 1049 3398 1109 vel
3430 1049 3645 1128 quoad
3677 1053 3923 1128 partem,

2410 1160 2536 1220 qua
2566 1145 2927 1202 contractus
2974 1140 3092 1201 fuit
3119 1141 3364 1202 validus
3398 1162 3412 1202 :
3447 1142 3599 1222 quia
3628 1142 3776 1202 licet
3803 1161 3933 1201 nou-

2412 1234 2562 1293 dum
2592 1252 2705 1311 per
2732 1233 3100 1294 mixtionem
3137 1235 3406 1312 pecunia
3434 1236 3602 1295 facta
3635 1235 3820 1295 fuerit
3859 1235 3934 1293 fu·

2411 1327 2495 1385 ris
2521 1373 2536 1402 ,
2569 1329 2776 1403 potest
2821 1329 3033 1386 tamen
3078 1326 3209 1405 ipse
3259 1346 3400 1387 eam
3442 1328 3566 1388 sibi
3612 1328 3929 1407 applicate,

2411 1418 2811 1497 subrogando
2844 1418 2905 1477 in
2935 1419 3141 1479 locum
3176 1420 3338 1480 illius
3367 1420 3584 1496 aliam,
3621 1439 3811 1500 quam
3839 1420 3935 1479 do-

2411 1511 2494 1571 mi
2520 1511 2728 1572 habet.
2766 1511 2831 1572 Si
2870 1529 3018 1570 vero
3051 1512 3204 1571 nihil
3253 1512 3570 1588 habebat,
3620 1512 3790 1572 unde
3816 1512 3937 1572 red-

2412 1604 2561 1665 dere
2615 1608 2828 1682 posset
2875 1622 3023 1663 vero
3073 1603 3365 1680 domino,
3419 1613 3572 1665 tunc
3614 1606 3669 1665 si
3698 1611 3933 1682 uterque

2411 1697 2651 1758 sciebat
2679 1697 2772 1756 rei
2799 1696 3046 1773 vitium,
3078 1701 3437 1759 contractus
3468 1699 3591 1760 fuit
3633 1699 3866 1770 nullus;
3894 1697 3934 1755 si

2413 1808 2563 1849 vero
2590 1790 2914 1850 colludens
2944 1790 3007 1850 id
3038 1790 3407 1868 ignorabat,
3443 1795 3810 1852 contractus
3835 1791 3931 1850 fnit

2414 1883 2679 1959 validus,
2739 1882 2850 1964 sed
2906 1883 3158 1961 cognita
3213 1888 3432 1963 postea
3477 1885 3752 1945 veritate
3773 1931 3788 1960 ,
3820 1884 3938 1942 red-

2415 1975 2623 2035 denda
2654 1979 2750 2036 est
2779 1994 2876 2035 res
2907 1994 3056 2036 vero
3090 1975 3344 2037 domino
3376 1978 3631 2038 ratione
3663 1978 3753 2036 rei
3783 1995 3938 2037 acce·

2418 2072 2561 2146 ptae,
2596 2069 2745 2148 quia
2772 2068 2983 2128 adhuc
3010 2074 3226 2130 manet
3245 2070 3361 2130 sub
3392 2069 3447 2149 ej
3460 2089 3534 2130 us
3565 2070 3864 2145 dominio,
3890 2074 3938 2128 et

2415 2161 2517 2221 fur
2543 2161 2858 2222 tenebitur
2885 2161 2962 2220 de
2989 2161 3319 2222 evictione.
3357 2162 3678 2223 Videatur
3709 2163 3935 2223 Salasn.

2416 2257 2474 2316 3.
2509 2254 2615 2333 qui
2645 2255 2797 2314 alios
2826 2253 3036 2314 refert.
3086 2255 3263 2326 Quod
3294 2260 3509 2316 tamen
3540 2256 3786 2328 dicunt,
3818 2254 3937 2315 red-

2418 2347 2691 2407 dendam
2721 2365 2855 2407 esse
2886 2365 3020 2407 rem
3050 2366 3197 2408 vero
3230 2348 3487 2409 domino
3507 2396 3523 2425 ,
3561 2350 3840 2427 intelligo
3858 2347 3942 2426 ju-

2416 2443 2520 2500 xta
2549 2458 2740 2518 supra
2767 2440 2956 2516 dicta,
2991 2441 3242 2519 quando
3272 2460 3610 2520 possessor
3634 2460 3757 2502 uon
3780 2441 3941 2501 habet

2418 2551 2671 2593 necesse
2700 2533 2962 2593 reddere
2993 2534 3108 2611 ipsi
3157 2534 3314 2610 furi,
3373 2539 3441 2595 ut
3485 2553 3556 2594 se
3607 2535 3942 2593 indemnem

2416 2631 2643 2702 servet,
2679 2631 2740 2687 et
2765 2627 3029 2705 recipiat
3054 2627 3134 2686 ab
3166 2646 3238 2686 eo
3269 2628 3493 2687 saltem
3517 2627 3944 2706 obligationem

2416 2719 2724 2780 reddendi
2752 2723 2967 2797 postea
2995 2718 3114 2779 sibi
3159 2738 3295 2779 rem
3341 2720 3834 2799 aequivalentem
3859 2720 3942 2782 de-

2419 2813 2640 2874 bitam.
2676 2812 2833 2872 Hinc

2499 2906 2766 2967 Infertur
2791 2906 3090 2983 secundo,
3126 2906 3274 2987 quid
3302 2906 3656 2968 dicendum
3682 2907 3844 2967 sitde
3863 2926 3942 2980 eo,

2419 2999 2524 3079 qui
2554 3017 2697 3059 cum
2723 3000 2988 3078 pecunia
3016 3000 3079 3059 in
3110 3000 3258 3060 ludo
3276 2999 3605 3077 deficeret,
3645 3002 3809 3061 clam
3830 3019 3944 3060 eam

2419 3092 2837 3153 acolludente
2885 3093 3218 3172 surripuit,
3281 3112 3556 3172 eamque
3619 3101 3837 3174 postea
3874 3094 3945 3152 lu-

2423 3191 2632 3247 cratus
2696 3191 2809 3248 est.
2870 3188 2957 3247 De
3014 3206 3137 3266 quo
3192 3187 3416 3249 LedeS.
3467 3187 3533 3248 in
3586 3208 3754 3249 sum.
3788 3193 3942 3249 tract.

2421 3282 2639 3341 XXXI.
2674 3299 2728 3339 c.
2765 3297 2831 3340 11.
2868 3281 3066 3342 concl.
3097 3285 3156 3341 7.
3192 3285 3254 3341 et
3282 3282 3460 3341 Salas
3512 3282 3576 3342 d.
3638 3283 3793 3342 dub.
3828 3298 3941 3341 viu.

2423 3392 2593 3433 num.
2627 3375 2685 3432 ὃ.
2718 3372 2955 3447 dicunt,
2990 3374 3198 3433 Primo
3224 3419 3239 3448 ,
3292 3373 3342 3432 si
3372 3374 3473 3434 fur
3506 3394 3638 3435 non
3673 3375 3943 3445 babebat,

2423 3466 2589 3526 unde
2619 3465 2949 3545 pecuniam
2977 3466 3144 3526 illam
3160 3466 3545 3542 restitueret,
3570 3474 3945 3530 contractum

2423 3559 2552 3619 ludi
2582 3558 2769 3619 fuisse
2799 3559 3059 3636 nullum,
3095 3563 3280 3637 atque
3311 3558 3470 3620 adeo
3505 3579 3642 3621 non
3676 3580 3851 3640 posse
3876 3561 3949 3619 lu·

2424 3670 2601 3713 crum
2632 3670 2708 3711 ex
2735 3653 2868 3729 ipso
2899 3653 3190 3713 retinere.
3213 3654 3289 3712 Et
3315 3652 3437 3713 hoc
3468 3654 3737 3733 quidem
3761 3672 3948 3713 verum

2426 3745 2732 3822 existimo,
2767 3764 2890 3805 non
2924 3745 3178 3824 quidem
3214 3746 3358 3824 quia
3390 3750 3766 3808 contractus
3793 3747 3950 3807 fuerit

2428 3838 2653 3915 nulluS,
2688 3857 2830 3897 cum
2859 3838 3283 3898 intercesserit
3312 3838 3480 3899 bona
3508 3840 3678 3900 fides
3708 3860 3782 3900 ex
3798 3844 3950 3920 perte

2427 3931 2682 3992 alterius
2713 3930 3119 4003 colludentis;
3153 3932 3262 3991 sed
3294 3931 3443 4010 quia
3472 3932 3581 3992 fur
3602 3939 3952 4012 propter-pe·

2426 4025 2693 4085 riculum
2750 4024 2850 4084 cui
2893 4025 3179 4102 exposuit
3224 4026 3660 4086 colludentem
3707 4047 3825 4086 non
3861 4044 3952 4104 po·

2425 4118 2619 4179 tioudi
2664 4118 2789 4178 ullo
2833 4118 3043 4194 lucro,
3093 4118 3282 4178 debet
3312 4118 3461 4177 illud
3509 4122 3868 4192 restituere,
3899 4122 3950 4175 ut

2427 4212 2613 4290 paulo
2671 4215 2813 4272 ante
2864 4229 3005 4270 cum
3057 4212 3283 4271 Melina
3314 4211 3596 4271 diximus
3634 4232 3648 4271 ε
3684 4212 3950 4274 Secundo

2429 4306 2665 4380 dicunt,
2699 4304 2750 4365 si
2779 4305 2879 4364 fur
2907 4305 3005 4363 ille
3035 4304 3309 4364 habebat
3331 4304 3498 4364 unde
3532 4307 3867 4382 pecuniam
3891 4303 3947 4362 il-

2427 4399 2552 4457 lam
2582 4397 2877 4459 furtivam
2923 4400 3133 4475 possct
3177 4398 3543 4473 restituere,
3595 4398 3808 4458 adhuc
3851 4415 3950 4455 non

2428 4510 2608 4571 posse
2640 4491 2908 4552 retinere
2939 4491 3214 4567 lucrum,
3247 4491 3394 4552 licet
3425 4491 3611 4551 Salas
3650 4490 3950 4570 probabile

2428 4590 2623 4665 putet,
2660 4604 2838 4665 posse
2866 4583 3141 4660 retineri,
3177 4583 3573 4662 probabilius
3605 4589 3820 4644 tamen
3850 4601 3950 4642 non

2426 4697 2628 4757 posse.
2689 4680 2820 4757 Ego
2875 4682 3088 4739 tamen
3143 4681 3319 4756 pute,
3382 4695 3574 4755 posse
3616 4678 3858 4738 lucrum
3890 4694 3952 4733 eo

2428 4790 2576 4832 casu
2605 4771 2872 4832 retinere
2894 4818 2909 4848 ,
2963 4770 3120 4831 sicut
3165 4770 3416 4849 quando
3467 4772 3766 4849 exposuit
3789 4788 3954 4850 pecu-

2429 4865 2596 4924 niam
2655 4865 2733 4925 ab
2791 4864 2910 4924 alio
2967 4864 3146 4925 tertio
3196 4864 3362 4925 furto
3402 4863 3729 4924 sublatam
3761 4884 3776 4922 ε
3807 4861 3952 4942 quod

2427 4958 2594 5018 enim
2625 4957 2825 5034 alteri,
2860 4957 2958 5017 vel
2997 4957 3200 5016 eidem
3249 4956 3601 5018 colludenti
3633 4957 3840 5017 ablata
3865 4956 3949 5025 sit,

2426 5070 2550 5111 non
2580 5051 2827 5113 videtur
2855 5052 3096 5110 variare
3127 5068 3367 5125 casum,
3401 5054 3464 5110 et
3479 5049 3606 5110 hoc
3627 5050 3820 5111 etiam
3839 5069 3953 5109 sen-

2423 5145 2498 5208 tit
2528 5144 2756 5206 Sancb.
2793 5145 2853 5204 d.
2886 5163 2939 5204 c.
2976 5145 3134 5206 VIII.
3170 5143 3319 5203 dub.
3359 5158 3514 5203 xxn.
3555 5162 3616 5202 n.
3649 5148 3712 5204 4.

2504 5238 2777 5317 Opponit
2804 5237 3005 5317 primo
3046 5236 3356 5297 Ledesma
3379 5283 3395 5312 ,
3450 5237 3604 5315 quia
3646 5236 3830 5297 ludus
3863 5234 3948 5293 ille

2422 5336 2515 5393 cst
2544 5330 2997 5392 involuntarius
3028 5330 3417 5405 adversarie,
3453 5330 3562 5409 qui
3595 5349 3751 5390 saue
3780 5328 3946 5389 nollet

2418 5427 2657 5503 ludere,
2705 5425 2758 5486 si
2812 5423 3000 5485 sciret
3051 5422 3384 5502 pecuniam
3441 5424 3616 5484 illam
3663 5443 3802 5485 esse
3845 5421 3944 5482 sibi

2407 862 2606 922 lorem
2637 866 2836 928 totum
2862 910 2876 939 ,
2910 863 3008 922 vel
3038 868 3278 941 partem
3300 910 3315 939 ,
3348 864 3536 923 ludus
3566 864 3686 925 fuit
3709 863 3927 923 validus
3963 821 4106 916 αξ·
