4263 6376
902 282 1022 342 432

907 456 1200 533 acceptas
1243 450 1484 511 litteras
1524 445 1710 506 detur
1753 447 2023 521 tempuS,
2082 440 2183 500 vel
2229 438 2437 499 minus

906 544 1260 620 mercatori,
1314 540 1419 621 qui
1449 556 1561 617 pro
1602 536 1951 614 campsario
1999 532 2315 594 soluturus
2344 535 2439 592 est

905 659 1020 721 pro
1066 635 1313 716 majori,
1362 631 1463 691 vel
1501 629 1728 691 minori
1770 644 2037 702 summa,
2089 643 2279 704 quam
2320 623 2437 684 sol-

905 751 1053 795 vere
1083 730 1290 804 debet,
1323 729 1392 788 ιιι
1419 741 1560 785 eam
1585 737 1941 801 praeparare
1970 722 2032 781 et
2051 733 2436 796 congregare

951 824 1121 885 ossit.

646 922 764 984 118
905 844 945 906 P
988 914 1219 979 Ultimo
1245 912 1384 973 loco
1407 908 1584 970 addit
1603 904 1885 968 Pontifex
1919 922 1933 962 :
1977 924 2004 959 «
2025 904 2146 963 Eos
2168 900 2273 981 qui
2294 917 2437 960 con-

618 1046 722 1100 ουκ
754 1045 807 1088 d„
909 1007 1278 1089 spirationes
1307 1001 1589 1074 fecerint,
1640 999 1740 1059 vel
1770 1001 2130 1075 congestam
2160 992 2439 1071 undique

591 1098 835 1197 ss‘ffi'lg'iiss
908 1100 1239 1181 pecuniam
1270 1096 1357 1156 ita
1386 1094 1465 1153 ad
1495 1110 1562 1153 se
1589 1089 1970 1169 redegerint,
2005 1092 2074 1148 ιιι
2101 1084 2282 1165 quasi
2309 1102 2440 1143 mo-

785 1167 839 1198 ⁸‘
907 1193 1229 1274 nopolium
1273 1189 1480 1249 facere
1526 1185 1877 1258 videantur,
1937 1180 2161 1258 poenis,
2221 1194 2360 1256 quae
2402 1193 2439 1235 a

901 1290 1044 1367 jure
1073 1288 1290 1347 contra
1319 1281 1679 1342 exercentes
1706 1274 2064 1351 monopolia
2085 1270 2438 1333 constitutae

909 1384 1075 1455 sunt,
1106 1375 1328 1440 teneri.
1359 1396 1388 1431 ι)
1427 1371 1605 1434 Circa
1634 1387 1775 1448 quae
1804 1366 1998 1426 verba

987 1472 1260 1534 Adverte
1290 1466 1516 1547 primo,
1549 1462 1652 1523 hic
1674 1479 1799 1521 non
1831 1460 1935 1538 agi
1954 1458 2069 1517 nisi
2093 1456 2172 1517 de
2201 1456 2296 1531 iis,
2330 1454 2436 1534 qui

911 1567 1146 1628 directe
1175 1561 1556 1623 concurrunt
1599 1553 1863 1634 positive
1907 1551 2009 1611 vel
2038 1549 2325 1628 negative
2355 1548 2436 1607 ad

911 1654 1362 1735 monopolium,
1395 1650 1493 1711 vel
1523 1647 1700 1728 quasi
1729 1643 2182 1724 monopolium.
2235 1639 2437 1702 Credo

911 1755 1144 1825 autem,
1185 1742 1486 1825 appellari
1517 1740 1619 1801 hic
1648 1737 1821 1820 quasi
1840 1735 2253 1816 monopolium,
2289 1732 2441 1812 quia

910 1862 1056 1906 cum
1083 1837 1513 1916 monopolium
1534 1831 1783 1911 proprie
1812 1848 1938 1889 non
1966 1829 2067 1904 sit,
2103 1825 2220 1886 nisi
2251 1826 2315 1885 in
2345 1843 2438 1885 or-

911 1938 1056 1997 dine
1085 1933 1166 1995 ad
1195 1929 1578 2010 emptionem
1605 1932 1668 1985 et
1694 1922 2141 1994 venditionem,
2176 1923 2239 1980 et
2267 1936 2440 1977 cam-

906 2030 1083 2092 bium
1110 2043 1235 2086 non
1259 2023 1339 2084 sit
1365 2019 1618 2101 proprie
1665 2015 1898 2095 emptio
1930 2018 1991 2074 et
2018 2011 2319 2085 venditio,
2372 2012 2441 2069 ut

907 2138 1097 2201 supra
1123 2117 1415 2189 vidimus,
1444 2113 1587 2173 ideo
1618 2111 1680 2170 in
1704 2127 1776 2170 eo
1799 2127 1920 2168 non
1944 2104 2280 2167 intervenit
2298 2120 2440 2182 pro-

910 2215 1044 2293 prie
1089 2207 1537 2288 monopolium,
1589 2202 1757 2283 quod
1803 2204 2015 2261 tamen
2053 2196 2278 2258 iisdem
2307 2213 2438 2255 mo-

911 2305 1147 2386 nopolii
1217 2300 1417 2380 poenis
1486 2296 1685 2359 vuluit
1738 2293 2020 2355 Pontifex
2086 2289 2434 2367 subiacere.

913 2396 1174 2472 Quando
1203 2398 1414 2455 autem
1452 2386 1829 2451 interveniat
1853 2386 1919 2444 in
1962 2382 2321 2460 monopolio
2349 2381 2440 2440 in·

903 2488 1168 2572 justitia,
1201 2484 1468 2546 diximus
1497 2500 1573 2542 ex
1604 2480 1884 2559 professo
1915 2475 2146 2553 disput.
2170 2489 2339 2534 xxvl.
2372 2472 2443 2532 de

909 2581 1211 2663 emptione,
1248 2587 1302 2639 et
1327 2573 1669 2648 venditione,
1701 2574 1852 2632 sect.
1874 2573 1969 2630 12.
2004 2567 2113 2628 ubi
2142 2566 2435 2641 vidimus,

909 2682 1060 2740 tunc
1089 2691 1223 2735 esse
1252 2667 1643 2750 injustitiam,
1690 2662 1942 2744 quando
1986 2658 2321 2721 intervenit
2347 2657 2440 2718 vis

909 2770 1010 2832 vel
1036 2768 1230 2841 frauS,
1273 2762 1374 2824 vel
1411 2757 1663 2839 quando
1702 2774 1777 2815 ex
1805 2752 2162 2831 monopolio
2205 2768 2442 2829 cogun—

908 2867 1014 2925 tur
1053 2859 1155 2921 alii
1197 2873 1407 2917 emere
1446 2868 1637 2930 supra
1658 2848 1899 2930 justum
1940 2844 2211 2924 pretium
2268 2861 2440 2905 sum-

909 2972 1106 3029 mum,
1161 2950 1259 3011 vel
1283 2946 1557 3008 vendere
1602 2943 1765 3002 intra
1803 2939 2045 3020 justum
2089 2938 2425 2997 infimum:

909 3064 1093 3127 posse
1130 3048 1343 3106 tamen
1391 3055 1555 3116 saepe
1603 3032 1851 3113 peccari
1896 3030 2172 3109 graviter
2219 3033 2439 3090 contra

912 3139 1303 3212 charitatem,
1347 3131 1493 3192 licet
1518 3128 1650 3190 sine
1701 3126 1758 3185 vi
1789 3129 1850 3186 et
1884 3122 2105 3183 fraude
2137 3124 2442 3201 cogantur

911 3233 1016 3294 alii
1044 3229 1315 3292 vendere
1360 3222 1558 3303 pretio
1605 3220 1843 3294 infime,
1893 3217 1993 3276 vel
2023 3233 2233 3275 emere
2275 3233 2442 3276 sum-

912 3344 1040 3402 mo,
1092 3327 1156 3384 et
1193 3320 1313 3381 h'oc
1343 3332 1594 3397 quoque
1622 3309 2050 3389 monopolium
2095 3307 2437 3388 prohiberi,

913 3421 977 3480 et
1001 3414 1204 3496 puniri
1230 3411 1475 3490 legibus
1518 3405 1837 3475 civilibus;
1889 3419 2081 3480 quare
2126 3400 2296 3460 idem
2343 3399 2439 3460 di-

913 3510 1181 3573 cendum
1234 3509 1327 3565 est
1366 3503 1443 3563 de
1491 3495 1862 3577 monopoliis
1909 3494 2077 3554 circa
2129 3493 2435 3569 cambiiiS,

914 3599 1284 3683 applicando
1333 3613 1476 3657 cum
1522 3588 1923 3671 proportione
1971 3605 2112 3666 quae
2159 3586 2243 3646 ibi
2274 3585 2443 3646 dicta

912 3700 1078 3772 sunt,
1111 3711 1188 3755 ne
1216 3692 1442 3753 iterum
1469 3686 1852 3765 repetantur.

992 3787 1266 3851 Adverte
1295 3785 1506 3843 tamen
1534 3773 1809 3838 secundo
1839 3772 2201 3851 contingere
2232 3789 2437 3850 posse,

914 3887 984 3945 ut
1009 3879 1232 3959 aliquis
1252 3875 1424 3936 nulla
1441 3867 1897 3949 conspiratione
1918 3884 2060 3926 cum
2090 3864 2226 3924 aliis
2253 3864 2439 3941 facta,

912 3974 1131 4037 fraude
1156 3976 1369 4034 tamen
1398 3965 1595 4043 fingat
1621 3980 1688 4022 se
1714 3977 2011 4039 magnam
2038 3957 2320 4037 pecuniae
2338 3976 2443 4020 ρο-

914 4069 1082 4150 piam
1113 4065 1176 4124 in
1221 4058 1516 4122 nundinis
1558 4055 1814 4131 habere,
1869 4051 2037 4112 unde
2083 4068 2443 4129 campsores

916 4161 1022 4221 alii
1054 4158 1207 4219 falso
1235 4155 1459 4217 timore
1489 4148 1736 4227 decepti
1764 4147 2034 4206 offerunt
2077 4143 2325 4204 cambia
2358 4143 2442 4203 vi·

913 4252 1052 4315 liori
1080 4248 1277 4330 pretio
1307 4245 1468 4306 infra
1493 4242 1801 4316 infimum,
1844 4236 2012 4317 quod
2040 4236 2314 4316 alioquin
2338 4235 2445 4314 ju-

914 4351 1079 4408 stum
1126 4344 1309 4417 esset,
1367 4354 1490 4416 qua
1537 4335 1599 4395 in
1646 4332 1972 4395 occasione
2018 4329 2310 4390 seductor
2337 4328 2440 4388 ille

910 4437 1141 4516 accipit
1164 4431 1369 4494 viliori
1411 4428 1611 4509 pretio
1660 4423 1903 4487 cambia
1932 4421 2048 4483 sibi
2090 4421 2442 4482 necessaria

912 4531 992 4593 ab
1021 4529 1157 4592 aliis
1205 4546 1218 4588 :
1271 4541 1393 4604 quo
1439 4539 1588 4582 casu
1635 4521 1854 4597 peccat
1895 4519 2112 4577 contra
2133 4513 2440 4594 justitiam

910 4625 1019 4706 qui
1048 4638 1237 4683 causa
1260 4616 1377 4679 fuit
1401 4614 1565 4675 illius
1594 4608 2020 4671 diminutionis
2046 4605 2252 4687 pretii.
2315 4605 2439 4667 Sed

909 4723 1122 4781 tamen
1156 4732 1233 4774 ex
1256 4711 1317 4771 vi
1345 4707 1529 4769 hullae
1552 4723 1675 4766 non
1703 4703 1951 4763 videtur
1968 4700 2284 4760 incurrere
2313 4716 2443 4776 poe-

911 4829 1025 4873 nas
1053 4802 1414 4882 monopolii,
1466 4816 1605 4879 quae
1635 4796 1736 4856 hic
1777 4795 1977 4855 solum
2006 4792 2299 4853 videntur
2328 4810 2438 4851 ex-

909 4902 1082 4966 tendi
1113 4899 1193 4960 ad
1220 4914 1327 4958 eos
1356 4892 1466 4974 qui
1493 4886 2021 4967 conspirationem
2049 4884 2307 4959 faciunt,
2341 4883 2439 4943 vel

911 4998 1018 5078 qui
1047 4993 1411 5071 congestam
1454 4983 1730 5062 undique
1776 4978 2106 5060 pecuniam
2153 4978 2239 5039 ita
2266 4977 2346 5037 ad
2374 4994 2440 5036 se

910 5089 1226 5168 redigunt,
1260 5086 1329 5145 ut
1356 5079 1460 5141 alii
1482 5078 1560 5138 ab
1590 5075 1664 5135 iis
1682 5077 1987 5153 cogantur
2005 5071 2252 5132 cambia
2280 5069 2441 5130 acci-

911 5201 1062 5265 pere
1090 5178 1290 5260 pretio
1321 5191 1444 5254 quo
1474 5170 1593 5249 ipsi
1619 5166 1949 5229 voluerint.
2004 5167 2307 5225 Neutrum
2335 5181 2441 5223 au-

910 5284 1042 5341 tem
1068 5273 1172 5335 hic
1199 5269 1366 5345 fecit,
1417 5265 1527 5345 qui
1553 5279 1756 5341 neque
1784 5278 1928 5320 cum
1956 5257 2093 5319 aliis
2121 5256 2440 5336 conspira-

910 5370 1021 5446 vit,
1046 5382 1248 5446 neque
1265 5359 1471 5439 coegit
1485 5356 1637 5418 alios
1656 5354 1939 5433 accipere
1954 5371 1993 5413 a
2013 5369 2077 5411 se
2099 5349 2437 5426 cambium,

913 5462 1024 5527 sed
1051 5459 1256 5522 solum
1281 5452 1501 5516 fraude
1545 5467 1661 5510 sua
1708 5447 2069 5509 decrescere
2097 5443 2245 5504 fecit
2271 5460 2442 5502 cam-

668 3807 784 3869 119

622 3931 744 3986 Quid.
775 3933 813 3976 ⁸1

569 3987 864 4096 ssmffiffi

613 4094 821 4149 pecunias.

2059 267 2162 326 DE
2203 264 2558 326 JUSTITIA
2601 263 2704 323 ET
2743 263 2942 324 JURE

2542 437 2625 499 bii
2658 437 2950 518 pretium,
3001 442 3063 500 et
3090 437 3212 499 hoc
3258 436 3646 500 decremento
3673 458 3800 500 usus
3823 447 3961 506 estad

2543 531 2789 591 cambia
2816 530 2935 591 sibi
2964 530 3147 591 vilius
3173 530 3550 609 accipienda.

3011 952 3418 1036 sEssTlo
3493 955 3598 1037 lX.

2539 1258 2629 1318 De
2656 1257 2943 1339 aliquibus
2984 1258 3199 1338 pactis,
3246 1278 3321 1317 an
3350 1258 3503 1318 licite
3537 1259 3593 1318 in
3630 1257 3825 1319 cambio
3846 1280 3972 1341 appo-

3173 1372 3411 1425 uantur.

2617 1630 2951 1691 Dubitatur
2994 1628 3217 1709 primo,
3278 1647 3357 1688 an
3405 1646 3688 1706 campsor
3724 1630 3884 1709 possit
3921 1629 3972 1687 ah
4052 1648 4064 1701 ι

2536 1723 2711 1784 initio
2767 1721 3001 1801 pacisci
3047 1721 3124 1782 de
3187 1721 3488 1782 interesse
3536 1721 3653 1782 alio
3718 1739 3813 1799 pro
3854 1721 3973 1781 luero

2538 1823 2839 1887 cessante,
2891 1815 2989 1875 vel
3019 1814 3248 1875 damno
3295 1819 3652 1892 emergente
3695 1813 3974 1874 solvendoa
4001 1824 4036 1861 ’d

2538 1910 2884 1988 campsario
2915 1926 3086 1984 casu,
3140 1925 3261 1986 quo
3290 1914 3571 1986 tempore
3615 1912 3820 1968 statuto
3857 1924 3977 1966 cam·

2536 2004 2710 2062 bium
2739 2020 2862 2061 non
2893 2000 3134 2061 solvat?
3189 1998 3627 2078 Respondetur
3669 2018 3738 2058 ex
3764 2000 3978 2077 supradi·
4003 1985 4067 2034 ’Ψ

2539 2095 2674 2170 ctiS,
2703 2093 3017 2173 loquendo
3048 2111 3124 2153 ex
3153 2096 3378 2154 natura
3405 2092 3517 2168 rei,
3550 2091 3775 2152 licitum
3797 2091 3849 2150 id
3866 2110 3974 2165 esse,

2538 2188 2586 2247 si
2618 2188 2698 2248 sit
2724 2205 2909 2248 verus
2937 2184 3152 2246 titulus
3180 2184 3338 2245 lucri
3366 2185 3687 2258 cessantis,
3719 2184 3804 2243 vel
3828 2184 3978 2243 damni

2538 2279 2913 2358 emergentis
2973 2298 2986 2339 :
3044 2276 3153 2337 ubi
3200 2280 3410 2337 autem
3450 2276 3622 2337 hulla
3653 2277 3735 2337 Pii
3761 2279 3822 2337 V.
3848 2295 3980 2355 supra

2537 2373 2808 2434 adducta
2837 2371 3093 2449 obligat,
3143 2388 3266 2430 non
3295 2374 3502 2449 potest
3545 2373 3783 2447 pactum
3807 2368 3909 2427 fieri
3929 2368 3979 2426 de

2537 2471 2708 2527 certo
2736 2465 3057 2538 interesse,
3117 2463 3228 2523 sed
3278 2462 3469 2523 debet
3514 2481 3650 2521 esse
3695 2461 3763 2521 de
3789 2461 3979 2534 incerto,

2537 2562 2723 2638 prout
2767 2562 3027 2617 eventus
3083 2554 3457 2627 ostenderit3
3519 2554 3627 2614 ubi
3677 2560 3858 2615 autem
3900 2571 3981 2611 non

2538 2652 2793 2729 obligat,
2827 2653 3032 2728 potest
3059 2628 3195 2707 fieri
3222 2647 3300 2707 de
3332 2650 3526 2719 certo,
3562 2647 3708 2707 dum
3734 2665 3841 2706 non
3862 2663 3983 2704 exee-

2538 2744 2645 2805 dat
2671 2743 2735 2803 id
2766 2760 2889 2821 quo
2917 2758 3058 2820 spes
3086 2738 3265 2814 lucri,
3318 2738 3416 2798 vel
3459 2740 3649 2800 timor
3683 2738 3862 2798 damni
3887 2756 3983 2814 pru·

2538 2837 2758 2898 denter
2785 2833 3053 2895 aestimat
3076 2831 3254 2911 juxta
3280 2831 3365 2907 id,
3419 2832 3590 2911 quod
3635 2832 3696 2891 in
3739 2830 3892 2890 simili
3912 2848 3984 2907 pa·

2537 2935 2635 2991 cto
2666 2930 2725 2989 in
2757 2932 2973 2988 mutuo
3005 2926 3275 2986 diximus
3321 2931 3582 3003 agentes
3609 2925 3686 2986 de
3712 2928 3910 2998 mutuo,
3943 2928 3984 2980 et

2537 3041 2747 3084 usura.
2808 3022 2900 3082 lta
2926 3019 3173 3081 Lessius
3211 3017 3442 3096 disput.
3478 3034 3564 3079 1x.
3600 3035 3763 3077 num.
3789 3019 3870 3077 81.
3912 3018 3983 3075 Sa·

2535 3117 2627 3176 las
2657 3114 2805 3175 dub.
2840 3129 2992 3174 xxu.
3030 3116 3092 3172 et
3119 3110 3223 3171 alii
3272 3112 3710 3173 communiter.
3755 3109 3883 3170 Hinc
3904 3108 3985 3167 ori·

2535 3215 2659 3273 tur.

2620 3301 2980 3366 Secundum
3035 3298 3320 3375 dubium,
3381 3316 3457 3357 an
3519 3298 3704 3359 liceat
3752 3294 3986 3374 campsori
4055 3323 4102 3380 m

2535 3396 2788 3479 pacisci,
2822 3399 2893 3456 ut
2919 3394 2968 3453 si
2998 3392 3382 3471 campsarius
3408 3391 3547 3452 loco
3573 3396 3634 3452 et
3659 3395 3898 3469 tempore
3912 3387 3985 3446 de·

2538 3491 2684 3552 bitis
2711 3507 2835 3549 non
2866 3487 3087 3562 solvat,
3134 3489 3420 3546 teneatur
3465 3484 3833 3563 campsarius
3867 3499 3986 3541 eam-
4027 3451 4067 3550 ,ι’

2538 3583 2683 3645 dem
2726 3598 3037 3642 summam
3093 3578 3378 3655 accipere
3434 3576 3516 3637 ad
3547 3576 3894 3637 recambium
3933 3571 3984 3630 ab
4011 3556 4088 3652 ᾖ

2539 3675 2763 3737 eodem
2784 3689 3134 3751 campsore‚
3169 3670 3268 3730 vel
3290 3670 3425 3749 ejus
3445 3667 3867 3748 procuratore?
3887 3668 3985 3726 Res·
4041 3655 4044 3660 ’

2537 3768 2808 3849 pondeo,
2840 3784 2965 3826 non
2995 3782 3176 3843 posse
3204 3762 3322 3822 nisi
3352 3761 3531 3822 titulo
3559 3762 3713 3822 lucri
3739 3756 3983 3828 cessantis,

2538 3862 2638 3924 vel
2666 3858 2879 3921 damni
2899 3856 3294 3936 emergentiS‚
3329 3859 3397 3915 ut
3411 3854 3650 3915 dictum
3670 3859 3774 3931 est,
3803 3849 3986 3932 quando

2541 3954 2838 4016 nimirum
2868 3967 3177 4029 campsor,
3226 3948 3276 4009 si
3306 3966 3419 4008 suo
3467 3952 3745 4028 tempore
3786 3947 3986 4007 solutum

2541 4048 2596 4109 ei
2626 4049 2809 4122 esset,
2856 4043 3131 4104 dedisset
3156 4040 3490 4121 pecuniam
3519 4042 3700 4103 alteri
3725 4039 3798 4100 ad
3821 4052 3986 4098 novum

2541 4139 2855 4201 cambium
2891 4157 2904 4198 :
2948 4140 3098 4197 tunc
3127 4133 3294 4194 enim
3320 4133 3385 4192 id
3416 4139 3481 4194 et
3509 4152 3636 4194 non
3664 4132 3894 4211 amplius
3913 4145 3987 4205 po·

2538 4237 2659 4296 test
2687 4252 2723 4292 a
2751 4229 3100 4308 campsario
3144 4232 3327 4307 pacto
3367 4227 3760 4287 antecedenti
3785 4224 3985 4301 exigere,

2540 4343 2663 4406 quo
2692 4324 3038 4404 periculum
3066 4321 3229 4381 illius
3271 4320 3429 4380 lucri
3477 4318 3793 4381 amittendi
3814 4314 3989 4376 velde-

2539 4419 2669 4480 mni
2698 4415 2978 4479 solvendi
3011 4413 3454 4484 aestimabitur3
3508 4431 3701 4491 quare
3744 4411 3988 4471 silueram

2538 4509 2838 4573 recambii
2867 4507 3130 4569 excedat
3146 4505 3421 4566 valorem
3445 4505 3611 4565 illius
3629 4504 3878 4583 periculi,
3904 4515 3988 4558 nou

2539 4604 2768 4684 poterit
2796 4602 2873 4662 de
2902 4605 3032 4664 toto
3081 4617 3153 4660 eo
3181 4598 3354 4659 lucro
3403 4598 3660 4676 pacisci,
3705 4596 3806 4658 sed
3843 4610 3988 4674 quan·

2538 4704 2672 4761 tum
2699 4695 2928 4757 sufficit
2955 4693 3033 4754 ad
3062 4692 3602 4771 compensandum
3645 4689 3785 4751 illud
3809 4687 3991 4768 pericu-

2539 4793 2692 4868 lum,
2724 4789 2822 4850 vel
2854 4788 3154 4848 damnum
3175 4786 3343 4865 quod
3372 4784 3631 4846 timetur
3660 4806 3673 4845 :
3704 4785 3817 4845 imo
3843 4795 3990 4858 neque

2542 4885 2621 4945 de
2646 4887 2817 4944 certa
2847 4898 3092 4941 summa
3121 4878 3351 4957 pacisci
3395 4882 3604 4957 potest
3628 4897 3733 4957 pro
3761 4877 3850 4937 illo
3873 4870 3992 4952 peri·

2543 4978 2703 5051 cu10,
2739 4975 2847 5035 sed
2880 4973 2957 5034 de
2975 4972 3231 5048 incerto,
3266 4971 3568 5031 ubibulla
3590 4971 3863 5050 praedicta
3885 4965 3992 5027 obli·

2540 5075 2668 5150 gat,
2719 5073 2788 5130 ut
2814 5066 3107 5128 diximus,
3166 5064 3234 5124 In
3266 5063 3362 5123 his
3391 5065 3762 5125 conveniunt
3784 5060 3988 5129 lessius,

2542 5167 2605 5224 et
2634 5161 2809 5224 Salas
2836 5159 2989 5220 locis
3018 5157 3244 5233 citatis,
3277 5156 3596 5217 FiEiucius
3623 5175 3754 5235 cap.
3783 5172 3835 5216 x.
3864 5167 3989 5214 num.

2537 5259 2677 5317 471.
2711 5258 2774 5315 et
2802 5253 2904 5313 alii
2934 5270 3090 5330 quos
3119 5250 3409 5311 afferunt.
3469 5249 3683 5327 Addo,
3732 5257 3795 5311 ut
3814 5248 3990 5308 licitum

2540 5348 2621 5409 sit
2654 5346 2807 5407 illud
2853 5350 3130 5425 pactum,
3182 5359 3435 5404 necesse
3485 5344 3672 5404 etiam
3712 5360 3832 5403 esse
3869 5335 3990 5418 quod

2540 5440 2811 5519 primum
2853 5437 3169 5499 cambium
3216 5436 3304 5496 ita
3348 5436 3428 5496 sit
3454 5436 3642 5511 reale,
3700 5439 3766 5497 ut
3803 5435 3990 5495 sicam-
