4263 6376
541 1842 655 1904 122

441 1973 507 2015 Αιι
525 1971 670 2014 debeat
687 1983 736 2013 ea

440 2025 680 2074 restituere,

456 2090 522 2122 ιιιι
550 2093 630 2124 non
662 2078 731 2122 in-

520 2134 649 2190 diget.

445 5237 743 5343 ”adnffceps‘s's
789 5276 909 5351 (ἴω,
943 5292 1023 5334 an
1046 5271 1233 5332 etiam
1265 5269 1345 5330 ad
1374 5269 1725 5331 decentiam
1754 5272 1949 5330 status
1961 5265 2141 5347 juxta
2167 5286 2315 5348 qua·

447 5353 508 5395 ria
486 5353 628 5406 ιῇιιιίιι
604 5348 741 5391 aolu-

450 5411 534 5449 lum

481 5409 712 5501 dmm
787 5459 994 5541 Aliqui
1022 5460 1258 5536 dicunt,
1292 5456 1740 5519 attendendam
1770 5472 1905 5514 esse
1924 5456 2123 5515 solam
2143 5460 2318 5516 natu-

787 259 865 321 94
1943 253 2045 315 DE
2087 253 2442 316 JUSTITIA
2489 255 2589 314 ET
2630 256 2830 317 JURE

789 437 867 498 de
902 435 1044 517 jure
1089 435 1406 498 communi
1447 433 1743 496 alimenta
1787 451 1859 495 co
1910 452 2057 495 casu
2104 431 2317 512 spurio

789 530 962 602 dare,
995 532 1066 591 ut
1091 529 1300 607 colligi
1327 528 1577 589 videtur
1604 545 1681 587 ex
1709 527 1772 588 d.
1798 544 1853 588 c.
1883 525 2031 589 Cum
2058 525 2313 601 haberet,

787 623 894 684 ubi
915 623 1116 684 solum
1139 621 1384 697 dicitur,
1407 639 1441 681 a
1462 620 1825 700 parentibus
1845 619 2318 680 subministran-

787 717 869 776 da
898 734 1031 777 esse
1061 713 1413 775 necessaria
1442 712 1669 792 spuriis
1700 733 1714 774 ε
1745 712 1996 792 quando
2027 729 2177 791 ergo
2208 729 2319 771 ne-

787 808 1059 870 cessaria
1089 826 1211 868 non
1243 812 1408 884 sunt,
1443 806 1735 867 standum
1767 806 1885 866 erit
1903 805 2146 884 legibus
2175 804 2319 864 civi-

786 902 949 964 libus
963 900 1335 980 negantibus
1347 900 1710 961 facultatem
1725 898 2174 975 donandi,cum
2188 915 2317 958 cer-

785 999 919 1057 tum
949 993 1199 1054 aliunde
1227 994 1346 1069 sit,
1399 997 1689 1071 parentes
1730 989 1873 1070 jure
1920 995 2160 1051 naturae
2190 1006 2314 1050 non

787 1086 988 1149 teneri
1017 1086 1098 1146 ad
1127 1085 1424 1146 alendum
1454 1085 1673 1160 filium,
1710 1084 1815 1163 qui
1846 1083 2096 1143 aliunde
2126 1083 2317 1145 habet

784 1179 1082 1241 alimenta
1112 1177 1486 1239 necessaria.
1532 1179 1625 1238 Ita
1666 1177 1803 1236 aliis
1839 1176 2049 1237 relatis
2080 1176 2312 1238 Sanch.

785 1272 848 1333 d.
899 1271 1048 1332 dub.
1081 1288 1249 1332 xxxi.
1287 1273 1474 1349 Vasq.
1528 1270 1678 1330 dub.
1715 1285 1799 1330 1x.
1852 1271 2201 1330 num.134.
2255 1273 2320 1330 et

784 1383 958 1429 num.
1011 1366 1147 1426 140.
1191 1364 1424 1426 Molina
1465 1363 1578 1424 ubi
1617 1380 1849 1442 supra,
1897 1363 1954 1441 §.
1987 1361 2312 1439 Alimenta,

785 1458 892 1538 qui
919 1458 987 1519 id
1011 1476 1232 1519 verum
1263 1475 1397 1518 esse
1426 1455 1644 1517 dicunt
1685 1456 1874 1517 etiam
1904 1455 1981 1515 de
2005 1453 2148 1535 jure
2178 1455 2315 1515 His-

784 1569 981 1630 pan0,
1016 1569 1139 1631 quo
1168 1550 1372 1611 solum
1400 1548 1768 1610 conceditur
1796 1547 2060 1608 facultas
2089 1566 2317 1626 paren-

782 1645 951 1705 tibus
979 1644 1129 1705 dare
1159 1642 1448 1723 quintum
1468 1687 1484 1719 ,
1531 1642 1782 1721 quando
1811 1645 2063 1702 tenetur
2087 1640 2316 1720 spuriis

787 1738 1081 1798 alimenta
1110 1741 1432 1816 praestare.

867 1830 1026 1902 Quid
1054 1834 1295 1904 tamen,
1342 1828 1395 1888 si
1439 1831 1618 1906 pater
1660 1826 1957 1889 alimenta
1984 1827 2160 1888 dedit
2186 1827 2313 1888 filio

786 1922 995 2003 spurio
1025 1921 1350 2001 indigenti,
1385 1924 1448 1981 et
1465 1923 1683 1999 postea
1695 1919 1828 1999 jam
1857 1939 1983 1982 non
2009 1920 2310 1999 indigeat,

701 2025 736 2066 *ἰ
786 2016 935 2096 quia
961 2014 1214 2077 aliunde
1242 2014 1461 2074 habuit
1486 2013 1654 2073 unde
1681 2013 1893 2074 vivere
1915 2014 2157 2092 possit?
2183 2014 2317 2074 Mo·

784 2111 913 2171 lina
937 2110 1073 2170 loco
1105 2106 1207 2168 cit.
1242 2106 1418 2182 dixit,
1450 2106 1502 2166 si
1521 2124 1816 2185 processu
1835 2106 2133 2186 temporis
2152 2105 2315 2166 filius

785 2222 908 2265 non
937 2202 1242 2281 indigent,
1275 2205 1387 2261 aut
1414 2218 1539 2261 non
1567 2203 1743 2261 tanta
1770 2199 2077 2277 portione,
2111 2198 2176 2258 id
2204 2197 2316 2257 de-

782 2295 1160 2359 trahendum
1189 2312 1324 2354 esse
1344 2340 1359 2369 ,
1393 2311 1518 2372 quo
1550 2311 1673 2354 non
1707 2292 2047 2370 indiguerit
2078 2312 2090 2352 :
2145 2291 2313 2371 quod

781 2396 992 2452 tamen
1015 2388 1242 2448 durum
1263 2386 1532 2458 videtur,
1568 2391 1631 2446 et
1649 2385 1859 2444 afferri
1880 2388 2084 2462 potest
2110 2402 2316 2444 exem-

783 2484 956 2563 plum
985 2482 1046 2542 in
1077 2498 1377 2561 paupere.
1412 2478 1551 2554 cui,
1604 2496 1750 2539 cum
1778 2496 1925 2538 vere
1977 2477 2308 2556 indigeret,

784 2579 972 2639 datur
998 2576 1402 2650 eleemosyna
1435 2591 1450 2631 ε
1492 2571 1545 2632 si
1571 2589 1723 2631 vero
1762 2575 1982 2650 postca
2023 2588 2172 2631 casu
2201 2569 2316 2630 ali-

783 2687 907 2750 quo
938 2685 1063 2728 non
1092 2665 1390 2744 indigeat,
1425 2682 1548 2724 non
1579 2668 1830 2724 tenetur
1860 2663 2120 2724 reddere
2144 2662 2312 2742 quod

781 2761 976 2826 semel
1003 2759 1165 2840 juste
1211 2762 1275 2819 et
1317 2757 1483 2818 licite
1523 2756 1801 2835 accepit,
1854 2774 1969 2816 nec
2013 2774 2312 2817 revocare

780 2858 987 2937 potest
1013 2853 1116 2913 ille
1137 2851 1245 2929 qui
1265 2849 1457 2925 dedit,
1490 2848 1735 2910 etiamsi
1756 2848 1906 2909 dare
1934 2867 2059 2910 non
2081 2849 2311 2928 potuis-

782 2953 897 3025 set,
933 2946 1050 3007 nisi
1082 2944 1162 3004 ob
1192 2942 1624 3003 necessitatem
1652 2942 2035 3020 accipientis,
2068 2960 2131 3003 v.
2164 2960 2227 3020 g.
2260 2940 2311 3001 si

784 3040 958 3104 dedit
999 3034 1435 3097 beneficiarius
1479 3052 1555 3094 ex
1608 3035 1939 3112 superfluis
1994 3033 2311 3095 redituum

782 3131 1108 3207 beneficii,
1161 3128 1263 3191 vel
1287 3128 1392 3188 ille
1433 3126 1539 3207 qui
1571 3127 1736 3187 bona
1777 3126 2015 3188 incerta
2043 3126 2315 3187 debebat

782 3224 1164 3309 pauperibus
1210 3240 1493 3301 erogare.
1547 3221 1751 3294 Quare
1799 3219 2311 3300 distinguendum

782 3326 934 3403 puto
969 3339 983 3382 ε
1034 3335 1181 3378 nam
1224 3315 1277 3376 si
1317 3315 1652 3376 necessitas
1696 3314 1889 3394 spurii
1928 3313 2129 3374 solum
2178 3316 2314 3373 erat

782 3433 897 3495 pro
926 3418 1210 3491 tempore
1238 3407 1552 3488 praesenti,
1588 3414 1648 3469 et
1667 3407 2021 3486 praevideri,
2056 3406 2156 3466 vel
2175 3424 2311 3484 spe-

783 3508 909 3571 rari
937 3509 1183 3585 poterat
1211 3501 1379 3581 quod
1408 3505 1626 3580 postea
1654 3504 1946 3575 cessaret,
1982 3499 2129 3580 quia
2148 3498 2310 3559 filius

781 3605 999 3684 postea
1026 3600 1271 3678 poterat
1297 3593 1414 3654 sibi
1447 3598 1580 3654 arte
1607 3594 1706 3653 vel
1734 3594 1915 3654 aliter
1942 3591 2304 3670 providere:

781 3701 931 3756 tunc
961 3708 1075 3753 nec
1103 3688 1339 3764 valide,
1381 3705 1497 3747 nec
1531 3686 1699 3747 licite
1726 3685 1928 3765 potuit
1951 3689 2133 3765 pater
2160 3684 2310 3744 dare

782 3787 904 3851 nisi
931 3784 1228 3845 alimenta
1255 3798 1369 3859 pro
1399 3785 1682 3857 tempore
1711 3778 2026 3856 praesenti,
2062 3778 2212 3855 quia
2237 3776 2310 3837 iis

783 3880 930 3945 solis
957 3874 1123 3938 filius
1152 3873 1495 3952 indigebat.
1531 3872 1592 3933 Si
1624 3889 1777 3932 vero
1806 3870 2146 3932 necessitas
2175 3889 2310 3930 mo-

781 3973 998 4037 raliter
1026 3966 1482 4030 existimabitur
1508 3982 1786 4043 praesens
1828 3968 1889 4024 et
1915 3963 2157 4041 futura,
2205 3983 2310 4042 po-

781 4068 903 4130 tuit
926 4068 1108 4144 pater
1136 4060 1288 4121 dare
1314 4059 1506 4120 semel
1535 4057 1739 4119 valide
1768 4062 1832 4117 et
1855 4056 2022 4117 licite
2052 4057 2130 4116 ad
2154 4062 2312 4118 tem-

782 4178 900 4242 pus
928 4156 1118 4218 etiam
1146 4154 1457 4226 futurum,
1499 4168 1615 4210 nec
1658 4150 1778 4210 erit
1806 4148 2102 4228 obligatio
2131 4151 2312 4210 resti-

782 4250 1031 4326 tuendi,
1066 4246 1309 4309 etiamsi
1336 4248 1549 4323 postea
1582 4242 1916 4303 necessitas
1945 4247 2165 4303 cesset.
2209 4243 2311 4305 Sic

784 4345 949 4408 enim
980 4342 1058 4402 de
1084 4340 1249 4400 facto
1281 4337 1469 4397 datur
1495 4355 1534 4397 a
1553 4340 1730 4415 patre
1760 4335 1875 4396 dos
1901 4335 2046 4395 filiae
2076 4337 2307 4414 spurias

785 4455 924 4520 quae
954 4436 1140 4496 datur
1184 4431 1265 4492 ad
1307 4430 1607 4491 alimenta
1650 4429 1838 4489 etiam
1885 4447 1997 4508 pro
2027 4434 2309 4507 tempore

784 4534 995 4595 futuro
1014 4575 1029 4606 ‚
1062 4532 1124 4588 et
1154 4524 1441 4605 quamvis
1469 4525 1691 4602 postea
1720 4522 2055 4582 necessitas
2083 4528 2305 4599 cesset,

783 4623 1153 4688 deveniente
1206 4618 1335 4678 filia
1389 4616 1469 4676 ad
1525 4616 1920 4696 pinguiorem
1965 4616 2303 4692 fortunam,

783 4737 910 4782 non
937 4719 1187 4779 tenetur
1227 4710 1491 4771 reddere
1538 4710 1750 4770 dotem
1789 4713 2147 4788 acceptam,
2193 4727 2310 4769 nec

781 4816 961 4892 pater
988 4808 1195 4887 potest
1236 4822 1377 4865 eam
1422 4806 1706 4882 repetere
1732 4849 1747 4879 ,
1799 4803 2019 4864 saltem
2057 4803 2309 4865 vivente

782 4903 947 4980 filia,
1006 4900 1060 4961 si
1102 4897 1220 4960 fuit
1263 4897 1377 4958 dos
1417 4900 1778 4976 competens
1825 4898 1888 4957 et
1929 4914 2055 4977 non
2097 4914 2312 4957 exces-

784 5014 939 5060 siva.

864 5083 1200 5150 Dubitatur
1225 5083 1523 5160 secundo,
1555 5100 1634 5145 an
1667 5082 1803 5142 haec
1831 5080 2127 5142 alimenta
2157 5082 2313 5143 dan-

787 5180 870 5245 da
889 5180 1014 5243 sint
1027 5178 1230 5240 solum
1246 5176 1327 5238 ad
1357 5175 1708 5237 necessaria
1729 5178 1967 5235 naturae
1995 5175 2312 5236 sustinen-

2417 450 2576 510 ram,
2610 437 2671 495 et
2700 451 2823 495 non
2843 436 3095 512 statum,
3129 434 3276 514 quia
3294 437 3476 514 pater
3502 432 3581 495 ad
3602 434 3755 496 nihil
3775 435 3947 497 aliud

2418 530 2686 603 tenetur,
2721 545 2877 606 quos
2903 530 3083 588 affert
3103 527 3335 590 Sanch.
3361 528 3511 589 dub.
3537 545 3747 590 xxxlv.
3770 531 3946 592 Com·

2417 618 2622 679 munis
2649 624 2859 681 tamen
2890 621 3198 682 sententia
3226 620 3404 698 dicit,
3436 626 3772 701 utrumque
3804 641 3940 682 esse

2416 712 2898 774 attendendum:
2919 732 3106 792 quam
3128 717 3344 775 tenent
3348 714 3588 794 juristae
3601 714 3946 775 communi-

2418 809 2533 881 ter,
2570 823 2728 885 quos
2759 807 2939 868 atl'ert
2969 811 3031 867 et
3057 808 3341 886 sequitur
3366 806 3532 867 idem
3565 808 3795 869 Sanch.
3832 807 3941 883 ibi,

2416 898 2561 960 Mol.
2596 898 2732 959 loco
2763 899 2866 961 cit.
2898 901 2953 979 §-
2989 900 3323 977 Alimenta,
3357 901 3604 961 Lessius
3634 919 3805 960 num.
3840 903 3940 962 68.

2415 992 2608 1070 Vasq.
2641 991 2790 1052 dub.
2818 1008 2900 1053 1x.
2924 1011 3095 1053 num.
3118 996 3254 1054 134.
3289 998 3352 1054 et
3378 994 3485 1053 alii
3504 995 3942 1070 communiter,

2416 1088 2481 1146 et
2525 1084 2730 1162 colligi
2759 1085 3008 1146 videtur
3052 1105 3128 1145 ex
3172 1086 3381 1147 verbis
3422 1091 3628 1148 textus
3673 1086 3735 1146 in
3784 1086 3847 1147 d.
3883 1105 3939 1147 c.

2420 1175 2569 1238 Cum
2595 1176 2849 1252 haberet,
2896 1178 3122 1256 quibus
3151 1179 3409 1239 dicitur:
3454 1178 3948 1240 «Sollicitudinis

2416 1274 2627 1332 tamen
2655 1288 2786 1331 suae
2813 1271 3128 1348 intererit,
3163 1277 3235 1333 ut
3257 1276 3519 1352 uterque
3547 1271 3761 1331 liberis
3791 1271 3941 1347 suia,

2416 1365 2760 1424 secundum
2789 1364 2958 1444 quod
2987 1364 3076 1424 eis
3102 1368 3441 1444 suppetunt
3459 1365 3809 1442 facultates,
3841 1383 3948 1425 ne·

2416 1457 2689 1518 cessaria
2727 1458 3239 1520 subministret.»
3290 1458 3411 1520 Ubi
3458 1458 3791 1519 facultates
3834 1476 3949 1538 pa·-

2416 1555 2667 1611 rentum
2694 1550 3170 1611 considerandae
3209 1550 3506 1612 dicuntur
3550 1550 3630 1610 ad
3672 1551 3948 1612 taxanda

2417 1644 2712 1704 alimenta
2740 1643 2971 1704 debita.
3006 1645 3082 1704 Et
3112 1644 3366 1724 quidem
3395 1643 3735 1705 absurdum
3756 1649 3940 1720 esset,

2417 1737 2586 1817 quod
2635 1736 2763 1797 filio
2807 1736 3017 1813 ducis,
3070 1737 3170 1797 vel
3217 1737 3515 1815 principis
3564 1736 3865 1798 darentur
3906 1755 3948 1796 a

2415 1836 2591 1910 patre
2622 1829 2822 1910 panis,
2857 1834 2919 1890 et
2947 1830 3117 1890 olera
3145 1830 3343 1890 solum
3365 1831 3445 1891 ad
3472 1829 3946 1890 sustentandam

2416 1928 2704 1983 naturam
2726 1969 2741 1999 ,
2792 1921 2952 1983 sicut
2988 1923 3037 1982 si
3069 1927 3234 1984 esset
3277 1923 3440 1983 filius
3469 1921 3683 1983 rustici
3713 1940 3948 2002 paupe-

2413 2035 2520 2077 ris.

2495 2107 2675 2171 Unde
2701 2107 2965 2169 infertur
2992 2109 3448 2187 communiter,
3503 2128 3629 2171 non
3666 2126 3801 2168 esse
3839 2124 3947 2168 co·-

2415 2202 2689 2281 gendum
2723 2202 3005 2281 spurium
3036 2201 3117 2260 ad
3146 2202 3489 2262 vivendum
3519 2207 3685 2276 arte,
3730 2200 3827 2261 vel
3855 2200 3949 2259 la-

2414 2296 2567 2356 bore
2623 2313 2734 2356 suo
2755 2342 2770 2371 ,
2831 2294 3082 2375 quando
3131 2295 3195 2355 id
3247 2296 3524 2357 dedecus
3570 2300 3736 2356 esset
3788 2294 3942 2370 filio,

2414 2392 2654 2449 attenta
2680 2387 3039 2448 conditione
3069 2406 3391 2468 personae,
3445 2408 3562 2449 nec
3604 2405 3786 2467 posse
3833 2405 3945 2465 pa-

2417 2487 2574 2542 trem
2614 2499 2758 2540 eum
2789 2498 3022 2560 ponere
3070 2480 3130 2540 in
3179 2482 3440 2560 collegio
3490 2482 3939 2561 orphanorum,

2413 2575 2512 2634 vel
2543 2574 2664 2633 alia
2693 2573 2881 2635 domo
2916 2592 3291 2652 pauperum,
3326 2576 3578 2654 quando
3608 2574 3670 2634 id
3692 2573 3940 2635 indeco-

2413 2684 2551 2726 rum
2583 2670 2746 2727 esset
2771 2666 2871 2727 vel
2913 2666 3108 2745 patri,
3158 2667 3255 2727 vel
3284 2667 3435 2731 filio.
3482 2667 3711 2728 Deberi
3753 2666 3944 2727 etiam

2414 2759 2649 2820 attendi
2680 2758 2762 2819 ad
2789 2776 3091 2837 personas
3133 2778 3289 2838 quas
3318 2760 3567 2838 spurius
3604 2759 3775 2820 domi
3814 2774 3943 2818 suae

2414 2853 2582 2913 alere
2602 2856 2873 2928 tenetur,
2909 2857 2978 2912 ut
3005 2851 3053 2910 si
3086 2871 3343 2913 uxorem
3366 2853 3545 2914 duxit
3569 2852 3757 2913 etiam
3785 2851 3948 2911 relu-

2412 2949 2619 3005 ctante
2650 2948 2850 3022 patre,
2885 2945 2937 3004 si
2966 2944 3127 3004 filios
3158 2945 3410 3021 habeat,
3444 2963 3658 3005 servos
3678 2991 3693 3022 ,
3727 2944 3827 3003 vel
3854 2942 3944 3002 fa-

2412 3038 2647 3098 miliam
2656 3036 2836 3117 juxta
2853 3056 3031 3098 suam
3053 3038 3471 3100 conditionem
3497 3037 3937 3112 necessariam,

2412 3130 2489 3191 de
2521 3130 2747 3210 quibus
2778 3131 3082 3193 Sanchez.
3117 3131 3181 3193 d.
3218 3131 3371 3194 dub.
3406 3148 3619 3198 xxxxv.

2492 3224 2695 3298 Quaeri
2727 3228 2953 3304 potest,
2993 3243 3072 3284 an
3103 3224 3516 3305 judicandum
3555 3227 3634 3286 sit
3653 3224 3939 3303 spurium

2411 3318 2693 3395 indigere
2741 3318 3054 3379 alimentis
3095 3320 3391 3397 paterniS,
3439 3319 3692 3398 quando
3750 3317 3942 3377 habet

2410 3412 2577 3472 bona
2604 3411 2815 3491 aliqua
2843 3411 3207 3489 immobilia,
3243 3431 3318 3473 ex
3340 3431 3608 3492 quorum
3638 3411 3940 3472 reditibus
4023 3412 4128 3454 diist
4106 3413 4238 3509 ⁸¹22}

2411 3521 2536 3564 uon
2567 3509 2773 3582 potest
2799 3504 3184 3566 sufficienter
3211 3505 3447 3582 vivere,
3484 3510 3696 3585 posset
3725 3508 3939 3565 tamen
3992 3473 4238 3615 ξοῖἶῖυέωςῧ

4088 3632 4238 3669 entem.

2410 3597 2462 3656 si
2491 3615 2565 3656 ea
2595 3596 2928 3673 venderet,
2964 3615 3039 3657 ex
3068 3597 3268 3676 pretio
3299 3598 3511 3659 vivere
3531 3598 3561 3659 ἱ)
3592 3601 3740 3659 Pars
3767 3596 3941 3659 affir-

2408 3708 2588 3749 mans
2635 3690 3009 3751 confirmata
3047 3689 3165 3750 fuit
3205 3693 3516 3752 sententia
3559 3691 3832 3772 juridica
3874 3690 3939 3748 in

2411 3781 2705 3861 praetorio
2729 3782 3118 3858 Granatensi,
3152 3787 3309 3844 teste
3342 3786 3626 3862 Vasquez
3648 3783 3797 3844 dub.
3824 3799 3937 3845 ιιι.

2412 3894 2583 3936 num.
2622 3879 2758 3937 145.
2811 3876 2919 3955 qui
2960 3880 3171 3935 tamen
3220 3894 3363 3936 curn
3392 3877 3564 3937 'rello
3594 3877 3802 3937 verius
3832 3894 3941 3954 pu-

2410 3973 2520 4041 tat,
2547 3967 2717 4048 quod
2741 3986 2861 4028 non
2892 3968 3242 4029 debeantur
3259 3969 3342 4029 illi
3369 3970 3688 4046 alimenta,
3724 3970 3774 4030 si
3794 3988 3943 4030 ven-

2412 4062 2540 4123 dita
2582 4061 2964 4141 proprietate
3022 4061 3268 4122 illorum
3326 4063 3673 4141 bonorum,
3734 4067 3946 4143 posset

2410 4172 2669 4214 censum
2722 4172 2971 4230 emere,
3030 4155 3128 4214 vel
3177 4156 3443 4233 pecunia
3484 4156 3589 4216 illa
3634 4155 3943 4235 negotiari

2408 4248 2648 4326 absque
2676 4247 2986 4308 dedecore
3012 4293 3027 4323 ,
3073 4247 3162 4309 ita
3204 4252 3276 4309 ut
3319 4267 3395 4309 ex
3433 4249 3638 4310 reditu
3677 4249 3935 4325 casuali,

2409 4341 2506 4401 vel
2537 4340 2979 4420 negotiationis
3022 4340 3193 4401 lucro
3223 4341 3435 4402 vivere
3466 4348 3717 4421 posset;
3770 4342 3941 4421 quod

2410 4434 2663 4514 quidem
2690 4451 2909 4493 verum
2941 4438 3054 4497 est.
3088 4433 3214 4495 Sed
3246 4439 3440 4497 restat
3458 4436 3742 4511 dubium,
3777 4455 3857 4496 an
3888 4435 3943 4496 si

2410 4546 2485 4587 ex
2539 4545 2730 4587 censu
2771 4530 3072 4604 perpetuo
3128 4545 3253 4587 non
3302 4534 3513 4607 posset
3559 4530 3943 4590 sufficienter

2408 4619 2619 4680 vivere
2672 4617 2900 4679 debeat
2956 4637 3031 4677 ex
3084 4620 3282 4699 pretio
3338 4622 3586 4682 illorum
3630 4623 3942 4682 bonorum

2409 4730 2616 4772 emere
2642 4728 2897 4771 censum
2918 4711 3248 4772 vitalitium
3270 4715 3540 4793 maiores
3566 4715 3805 4776 reditus
3834 4734 3942 4775 an·

2409 4822 2567 4865 nuos
2618 4803 2975 4880 habentem,
3031 4824 3105 4865 ex
3152 4806 3379 4885 quibus
3441 4813 3651 4887 posset
3702 4810 3936 4870 vivere.

2408 4899 2487 4959 Et
2536 4895 2791 4976 quidem
2854 4897 2916 4956 in
2963 4898 3179 4976 primis
3246 4918 3368 4960 non
3412 4902 3660 4963 videtur
3707 4920 3943 4981 cogen-

2410 4991 2526 5051 dus
2572 4989 2652 5049 ad
2695 4989 3024 5051 vendenda
3070 4991 3175 5051 illa
3213 4992 3401 5069 bona,
3453 4997 3524 5056 ut
3565 5013 3641 5054 ex
3687 4995 3944 5075 capitali

2411 5083 2604 5163 ipsius
2643 5082 2822 5160 pretii
2852 5085 3203 5144 successive
3231 5085 3474 5148 viveret
3498 5134 3514 5162 ,
3565 5087 3767 5149 donec
3796 5106 3944 5149 con-

2412 5179 2811 5237 sumeretur:
2849 5176 2983 5237 haec
3012 5178 3180 5237 enim
3207 5179 3543 5241 manifesta
3572 5179 3942 5260 impruden-

2412 5269 2501 5332 tia
2530 5274 2727 5345 esset,
2774 5273 2837 5330 et
2879 5272 3031 5331 satis
3059 5271 3318 5351 indiget,
3354 5272 3458 5351 qui
3488 5291 3610 5333 non
3642 5278 3845 5353 potest
3874 5294 3943 5336 se

786 5370 1026 5431 litatem
1080 5382 1396 5445 personae,
1457 5368 1521 5423 et
1567 5363 1723 5423 alias
1769 5361 2318 5423 circumstantias?
2417 5363 2604 5440 alere,
2637 5381 2758 5423 msi
2784 5363 3217 5441 imprudenter
3243 5365 3655 5443 expendendo
3679 5386 3819 5446 quae
3839 5367 3947 5427 ha

2417 5456 2558 5530 bet3
2605 5456 2709 5517 et
2694 5475 2755 5516 in
2789 5456 2907 5518 hoc
2936 5475 3085 5518 casu
3114 5458 3281 5519 idem
3311 5460 3602 5522 concedit
3630 5463 3938 5541 vasquez.

4105 3232 4213 3290 124
