<?xml version="1.0" encoding="UTF-8"?>
<!DOCTYPE html PUBLIC "-//W3C//DTD XHTML 1.0 Transitional//EN"
    "http://www.w3.org/TR/xhtml1/DTD/xhtml1-transitional.dtd">
<html xmlns="http://www.w3.org/1999/xhtml" xml:lang="en" lang="en">
 <head>
  <title>
</title>
<meta http-equiv="Content-Type" content="text/html;charset=utf-8" />
  <meta name='ocr-system' content='tesseract 3.04.00' />
  <meta name='ocr-capabilities' content='ocr_page ocr_carea ocr_par ocr_line ocrx_word'/>
</head>
<body>
  <div class='ocr_page' id='page_1' title='image "./joannisdelugodi00lugogoog_0393.png"; bbox 0 0 4263 6376; ppageno 0'>
   <div class='ocr_carea' id='block_1_1' title="bbox 75 2929 150 2987">
    <p class='ocr_par' dir='ltr' id='par_1_1' title="bbox 75 2929 150 2987">
     <span class='ocr_line' id='line_1_1' title="bbox 75 2929 150 2987; baseline 0 0"><span class='ocrx_word' id='word_1_1' title='bbox 75 2929 150 2987; x_wconf 78' lang='lat' dir='ltr'>lo</span> 
     </span>
    </p>
   </div>
   <div class='ocr_carea' id='block_1_2' title="bbox 1264 334 2522 415">
    <p class='ocr_par' dir='ltr' id='par_1_2' title="bbox 1264 334 2522 415">
     <span class='ocr_line' id='line_1_2' title="bbox 1264 334 2522 415; baseline 0.006 -20"><span class='ocrx_word' id='word_1_2' title='bbox 1264 334 1735 398; x_wconf 81' lang='lat' dir='ltr'>DISPUTATIO</span> <span class='ocrx_word' id='word_1_3' title='bbox 1779 336 2024 415; x_wconf 84' lang='lat' dir='ltr'>xxvn,</span> <span class='ocrx_word' id='word_1_4' title='bbox 2073 336 2347 400; x_wconf 70' lang='lat' dir='ltr'>suc&#39;mo</span> <span class='ocrx_word' id='word_1_5' title='bbox 2392 340 2522 402; x_wconf 79' lang='lat' dir='ltr'>vll.</span> 
     </span>
    </p>
   </div>
   <div class='ocr_carea' id='block_1_3' title="bbox 293 494 1849 1695">
    <p class='ocr_par' dir='ltr' id='par_1_3' title="bbox 293 494 1849 1695">
     <span class='ocr_line' id='line_1_3' title="bbox 293 494 1840 593; baseline 0.014 -39"><span class='ocrx_word' id='word_1_6' title='bbox 293 494 436 556; x_wconf 91' lang='lat' dir='ltr'>lina</span> <span class='ocrx_word' id='word_1_7' title='bbox 467 498 532 561; x_wconf 89' lang='lat' dir='ltr'>d.</span> <span class='ocrx_word' id='word_1_8' title='bbox 578 500 740 582; x_wconf 85' lang='lat' dir='ltr'><strong>disp.</strong></span> <span class='ocrx_word' id='word_1_9' title='bbox 773 508 910 568; x_wconf 68' lang='lat'>394.</span> <span class='ocrx_word' id='word_1_10' title='bbox 946 506 1094 573; x_wconf 90' lang='lat' dir='ltr'>dub.</span> <span class='ocrx_word' id='word_1_11' title='bbox 1130 512 1189 573; x_wconf 89' lang='grc'>3.</span> <span class='ocrx_word' id='word_1_12' title='bbox 1238 512 1515 574; x_wconf 81' lang='lat' dir='ltr'>Navarro</span> <span class='ocrx_word' id='word_1_13' title='bbox 1545 513 1615 574; x_wconf 86' lang='lat' dir='ltr'>de</span> <span class='ocrx_word' id='word_1_14' title='bbox 1638 534 1840 593; x_wconf 78' lang='lat' dir='ltr'>usura,</span> 
     </span>
     <span class='ocr_line' id='line_1_4' title="bbox 297 597 1848 686; baseline 0.014 -38"><span class='ocrx_word' id='word_1_15' title='bbox 297 607 486 652; x_wconf 90' lang='lat' dir='ltr'>num.</span> <span class='ocrx_word' id='word_1_16' title='bbox 515 597 652 658; x_wconf 88' lang='grc'><strong>118.</strong></span> <span class='ocrx_word' id='word_1_17' title='bbox 685 602 748 659; x_wconf 90' lang='lat' dir='ltr'>et</span> <span class='ocrx_word' id='word_1_18' title='bbox 779 599 913 660; x_wconf 86' lang='lat' dir='ltr'>aliis</span> <span class='ocrx_word' id='word_1_19' title='bbox 944 620 1100 681; x_wconf 86' lang='lat' dir='ltr'>quos</span> <span class='ocrx_word' id='word_1_20' title='bbox 1132 605 1313 666; x_wconf 81' lang='lat' dir='ltr'>affert</span> <span class='ocrx_word' id='word_1_21' title='bbox 1339 610 1402 666; x_wconf 91' lang='lat' dir='ltr'>et</span> <span class='ocrx_word' id='word_1_22' title='bbox 1428 608 1712 686; x_wconf 89' lang='lat' dir='ltr'>sequitur</span> <span class='ocrx_word' id='word_1_23' title='bbox 1740 610 1848 670; x_wconf 89' lang='lat' dir='ltr'>Sa·</span> 
     </span>
     <span class='ocr_line' id='line_1_5' title="bbox 293 681 1843 776; baseline 0.012 -34"><span class='ocrx_word' id='word_1_24' title='bbox 293 681 400 743; x_wconf 85' lang='lat' dir='ltr'>las</span> <span class='ocrx_word' id='word_1_25' title='bbox 431 684 585 748; x_wconf 92' lang='lat' dir='ltr'>dub.</span> <span class='ocrx_word' id='word_1_26' title='bbox 618 706 748 752; x_wconf 79' lang='lat' dir='ltr'>xvr.</span> <span class='ocrx_word' id='word_1_27' title='bbox 784 694 933 771; x_wconf 90' lang='lat' dir='ltr'>quia</span> <span class='ocrx_word' id='word_1_28' title='bbox 959 694 1183 756; x_wconf 90' lang='lat' dir='ltr'>domus</span> <span class='ocrx_word' id='word_1_29' title='bbox 1212 697 1317 757; x_wconf 89' lang='lat' dir='ltr'>illa</span> <span class='ocrx_word' id='word_1_30' title='bbox 1346 716 1509 759; x_wconf 88' lang='lat' dir='ltr'>nova</span> <span class='ocrx_word' id='word_1_31' title='bbox 1533 746 1549 776; x_wconf 95' lang='lat'>,</span> <span class='ocrx_word' id='word_1_32' title='bbox 1602 701 1843 762; x_wconf 87' lang='lat' dir='ltr'>etiamsi</span> 
     </span>
     <span class='ocr_line' id='line_1_6' title="bbox 298 778 1840 870; baseline 0.014 -36"><span class='ocrx_word' id='word_1_33' title='bbox 298 794 385 835; x_wconf 80' lang='lat' dir='ltr'>ex</span> <span class='ocrx_word' id='word_1_34' title='bbox 433 778 677 842; x_wconf 87' lang='lat' dir='ltr'>eisdem</span> <span class='ocrx_word' id='word_1_35' title='bbox 728 783 916 863; x_wconf 89' lang='lat' dir='ltr'>lignis</span> <span class='ocrx_word' id='word_1_36' title='bbox 963 792 1026 849; x_wconf 89' lang='lat' dir='ltr'>ct</span> <span class='ocrx_word' id='word_1_37' title='bbox 1065 788 1377 868; x_wconf 79' lang='lat' dir='ltr'>lapidibus</span> <span class='ocrx_word' id='word_1_38' title='bbox 1423 799 1840 870; x_wconf 79' lang='lat' dir='ltr'>construatur,</span> 
     </span>
     <span class='ocr_line' id='line_1_7' title="bbox 298 870 1845 959; baseline 0.013 -32"><span class='ocrx_word' id='word_1_39' title='bbox 298 870 544 947; x_wconf 83' lang='lat' dir='ltr'>quibus</span> <span class='ocrx_word' id='word_1_40' title='bbox 576 876 834 956; x_wconf 90' lang='lat' dir='ltr'>antiqua</span> <span class='ocrx_word' id='word_1_41' title='bbox 863 881 1211 959; x_wconf 79' lang='lat' dir='ltr'>constabat,</span> <span class='ocrx_word' id='word_1_42' title='bbox 1242 886 1336 944; x_wconf 87' lang='lat' dir='ltr'>est</span> <span class='ocrx_word' id='word_1_43' title='bbox 1366 884 1489 945; x_wconf 87' lang='lat' dir='ltr'>alia</span> <span class='ocrx_word' id='word_1_44' title='bbox 1511 886 1735 947; x_wconf 87' lang='lat' dir='ltr'>domus</span> <span class='ocrx_word' id='word_1_45' title='bbox 1756 887 1845 947; x_wconf 88' lang='lat' dir='ltr'>di-</span> 
     </span>
     <span class='ocr_line' id='line_1_8' title="bbox 300 974 1847 1058; baseline 0.014 -39"><span class='ocrx_word' id='word_1_46' title='bbox 300 978 498 1023; x_wconf 78' lang='lat' dir='ltr'>versa</span> <span class='ocrx_word' id='word_1_47' title='bbox 530 982 545 1027; x_wconf 89' lang='lat'>:</span> <span class='ocrx_word' id='word_1_48' title='bbox 581 985 774 1046; x_wconf 87' lang='lat' dir='ltr'>quare</span> <span class='ocrx_word' id='word_1_49' title='bbox 802 989 946 1032; x_wconf 90' lang='lat' dir='ltr'>cum</span> <span class='ocrx_word' id='word_1_50' title='bbox 972 974 1146 1051; x_wconf 86' lang='lat' dir='ltr'>prior</span> <span class='ocrx_word' id='word_1_51' title='bbox 1171 976 1304 1036; x_wconf 89' lang='lat' dir='ltr'>sola</span> <span class='ocrx_word' id='word_1_52' title='bbox 1331 979 1545 1038; x_wconf 91' lang='lat' dir='ltr'>censui</span> <span class='ocrx_word' id='word_1_53' title='bbox 1565 978 1847 1058; x_wconf 89' lang='lat' dir='ltr'>subjecta</span> 
     </span>
     <span class='ocr_line' id='line_1_9' title="bbox 302 1053 1844 1143; baseline 0.015 -32"><span class='ocrx_word' id='word_1_54' title='bbox 302 1053 526 1127; x_wconf 84' lang='lat' dir='ltr'>fuerit,</span> <span class='ocrx_word' id='word_1_55' title='bbox 559 1064 623 1120; x_wconf 90' lang='lat' dir='ltr'>et</span> <span class='ocrx_word' id='word_1_56' title='bbox 647 1059 750 1120; x_wconf 92' lang='lat' dir='ltr'>illa</span> <span class='ocrx_word' id='word_1_57' title='bbox 772 1061 908 1141; x_wconf 87' lang='lat' dir='ltr'>jam</span> <span class='ocrx_word' id='word_1_58' title='bbox 937 1066 1224 1143; x_wconf 86' lang='lat' dir='ltr'>perierit,</span> <span class='ocrx_word' id='word_1_59' title='bbox 1271 1085 1497 1130; x_wconf 86' lang='lat' dir='ltr'>census</span> <span class='ocrx_word' id='word_1_60' title='bbox 1538 1072 1844 1134; x_wconf 81' lang='lat' dir='ltr'>extinctus</span> 
     </span>
     <span class='ocr_line' id='line_1_10' title="bbox 300 1156 1841 1229; baseline 0.014 -24"><span class='ocrx_word' id='word_1_61' title='bbox 300 1156 627 1229; x_wconf 86' lang='lat' dir='ltr'>censetur,</span> <span class='ocrx_word' id='word_1_62' title='bbox 663 1173 778 1215; x_wconf 90' lang='lat' dir='ltr'>nec</span> <span class='ocrx_word' id='word_1_63' title='bbox 795 1156 929 1217; x_wconf 83' lang='lat' dir='ltr'>hoec</span> <span class='ocrx_word' id='word_1_64' title='bbox 950 1157 1072 1219; x_wconf 90' lang='lat' dir='ltr'>alia</span> <span class='ocrx_word' id='word_1_65' title='bbox 1091 1159 1313 1221; x_wconf 88' lang='lat' dir='ltr'>domus</span> <span class='ocrx_word' id='word_1_66' title='bbox 1341 1163 1619 1225; x_wconf 81' lang='lat' dir='ltr'>succedit</span> <span class='ocrx_word' id='word_1_67' title='bbox 1646 1164 1709 1225; x_wconf 93' lang='lat' dir='ltr'>in</span> <span class='ocrx_word' id='word_1_68' title='bbox 1739 1184 1841 1227; x_wconf 88' lang='lat' dir='ltr'>eo-</span> 
     </span>
     <span class='ocr_line' id='line_1_11' title="bbox 300 1239 1846 1335; baseline 0.014 -38"><span class='ocrx_word' id='word_1_69' title='bbox 300 1239 463 1301; x_wconf 73' lang='lat' dir='ltr'>dem</span> <span class='ocrx_word' id='word_1_70' title='bbox 493 1262 704 1319; x_wconf 89' lang='lat' dir='ltr'>onere,</span> <span class='ocrx_word' id='word_1_71' title='bbox 739 1267 882 1309; x_wconf 88' lang='lat' dir='ltr'>cum</span> <span class='ocrx_word' id='word_1_72' title='bbox 912 1250 1047 1313; x_wconf 80' lang='lat' dir='ltr'>haec</span> <span class='ocrx_word' id='word_1_73' title='bbox 1076 1271 1397 1333; x_wconf 90' lang='lat' dir='ltr'>nunquam</span> <span class='ocrx_word' id='word_1_74' title='bbox 1417 1256 1694 1335; x_wconf 88' lang='lat' dir='ltr'>obligata</span> <span class='ocrx_word' id='word_1_75' title='bbox 1713 1259 1846 1319; x_wconf 88' lang='lat' dir='ltr'>fue-</span> 
     </span>
     <span class='ocr_line' id='line_1_12' title="bbox 302 1332 1839 1430; baseline 0.012 -38"><span class='ocrx_word' id='word_1_76' title='bbox 302 1332 412 1394; x_wconf 79' lang='lat' dir='ltr'>rit.</span> <span class='ocrx_word' id='word_1_77' title='bbox 470 1336 567 1397; x_wconf 83' lang='lat' dir='ltr'>Ad</span> <span class='ocrx_word' id='word_1_78' title='bbox 597 1340 765 1418; x_wconf 89' lang='lat' dir='ltr'>quod</span> <span class='ocrx_word' id='word_1_79' title='bbox 792 1343 944 1405; x_wconf 86' lang='lat' dir='ltr'>facit</span> <span class='ocrx_word' id='word_1_80' title='bbox 968 1345 1102 1423; x_wconf 83' lang='lat' dir='ltr'>lex,</span> <span class='ocrx_word' id='word_1_81' title='bbox 1152 1345 1317 1407; x_wconf 80' lang='lat' dir='ltr'>Inter</span> <span class='ocrx_word' id='word_1_82' title='bbox 1340 1348 1734 1430; x_wconf 78' lang='lat' dir='ltr'>stipulantem,</span> <span class='ocrx_word' id='word_1_83' title='bbox 1782 1353 1839 1430; x_wconf 64' lang='grc' dir='ltr'><strong>ἕ.</strong></span> 
     </span>
     <span class='ocr_line' id='line_1_13' title="bbox 297 1438 1847 1524; baseline 0.015 -41"><span class='ocrx_word' id='word_1_84' title='bbox 297 1444 564 1505; x_wconf 78' lang='lat' dir='ltr'>sacram,</span> <span class='ocrx_word' id='word_1_85' title='bbox 597 1451 761 1494; x_wconf 72' lang='lat' dir='ltr'>vers,</span> <span class='ocrx_word' id='word_1_86' title='bbox 796 1439 860 1498; x_wconf 90' lang='lat' dir='ltr'>et</span> <span class='ocrx_word' id='word_1_87' title='bbox 887 1438 1072 1513; x_wconf 66' lang='grc' dir='ltr'><strong><em>ηαυῖε,</em></strong></span> <span class='ocrx_word' id='word_1_88' title='bbox 1105 1439 1173 1501; x_wconf 84' lang='lat' dir='ltr'>ff.</span> <span class='ocrx_word' id='word_1_89' title='bbox 1211 1439 1281 1501; x_wconf 86' lang='lat' dir='ltr'>de</span> <span class='ocrx_word' id='word_1_90' title='bbox 1307 1441 1535 1504; x_wconf 81' lang='lat' dir='ltr'><strong><em>verbor.</em></strong></span> <span class='ocrx_word' id='word_1_91' title='bbox 1569 1442 1746 1524; x_wconf 70' lang='lat' dir='ltr'>obliq.</span> <span class='ocrx_word' id='word_1_92' title='bbox 1784 1449 1847 1507; x_wconf 91' lang='lat' dir='ltr'>et</span> 
     </span>
     <span class='ocr_line' id='line_1_14' title="bbox 300 1517 1849 1618; baseline 0.014 -40"><span class='ocrx_word' id='word_1_93' title='bbox 300 1517 348 1579; x_wconf 92' lang='grc' dir='ltr'><strong>Ι.</strong></span> <span class='ocrx_word' id='word_1_94' title='bbox 390 1520 552 1595; x_wconf 77' lang='lat' dir='ltr'>Quid</span> <span class='ocrx_word' id='word_1_95' title='bbox 573 1533 784 1589; x_wconf 79' lang='lat' dir='ltr'>tamen.</span> <span class='ocrx_word' id='word_1_96' title='bbox 834 1529 890 1608; x_wconf 66' lang='grc' dir='ltr'><strong>ἓ.</strong></span> <span class='ocrx_word' id='word_1_97' title='bbox 927 1546 970 1591; x_wconf 90' lang='lat'>1.</span> <span class='ocrx_word' id='word_1_98' title='bbox 1006 1532 1068 1593; x_wconf 77' lang='lat' dir='ltr'>ff.</span> <span class='ocrx_word' id='word_1_99' title='bbox 1122 1532 1328 1613; x_wconf 82' lang='lat' dir='ltr'>quibus</span> <span class='ocrx_word' id='word_1_100' title='bbox 1365 1533 1551 1595; x_wconf 80' lang='lat' dir='ltr'>modis</span> <span class='ocrx_word' id='word_1_101' title='bbox 1578 1538 1849 1618; x_wconf 80' lang='lat' dir='ltr'>ususfru-</span> 
     </span>
     <span class='ocr_line' id='line_1_15' title="bbox 299 1617 1847 1695; baseline 0.016 -24"><span class='ocrx_word' id='word_1_102' title='bbox 299 1621 438 1673; x_wconf 72' lang='lat' dir='ltr'>ctus</span> <span class='ocrx_word' id='word_1_103' title='bbox 467 1617 777 1679; x_wconf 79' lang='lat' dir='ltr'>amittatur</span> <span class='ocrx_word' id='word_1_104' title='bbox 803 1640 829 1682; x_wconf 93' lang='grc'><strong>.·</strong></span> <span class='ocrx_word' id='word_1_105' title='bbox 868 1622 977 1683; x_wconf 91' lang='lat' dir='ltr'>ubi</span> <span class='ocrx_word' id='word_1_106' title='bbox 1019 1623 1291 1687; x_wconf 86' lang='lat' dir='ltr'>habetur</span> <span class='ocrx_word' id='word_1_107' title='bbox 1317 1628 1528 1688; x_wconf 81' lang='lat' dir='ltr'>navim</span> <span class='ocrx_word' id='word_1_108' title='bbox 1568 1637 1847 1695; x_wconf 86' lang='lat' dir='ltr'>constru-</span> 
     </span>
    </p>
   </div>
   <div class='ocr_carea' id='block_1_4' title="bbox 299 1711 1845 1886">
    <p class='ocr_par' dir='ltr' id='par_1_4' title="bbox 299 1711 1845 1886">
     <span class='ocr_line' id='line_1_16' title="bbox 300 1711 1845 1787; baseline 0.013 -20"><span class='ocrx_word' id='word_1_109' title='bbox 300 1711 484 1769; x_wconf 85' lang='lat' dir='ltr'>ctam</span> <span class='ocrx_word' id='word_1_110' title='bbox 525 1728 601 1770; x_wconf 86' lang='lat' dir='ltr'>ex</span> <span class='ocrx_word' id='word_1_111' title='bbox 641 1713 908 1775; x_wconf 86' lang='lat' dir='ltr'>materia</span> <span class='ocrx_word' id='word_1_112' title='bbox 947 1717 1202 1780; x_wconf 86' lang='lat' dir='ltr'>alterius</span> <span class='ocrx_word' id='word_1_113' title='bbox 1232 1721 1409 1781; x_wconf 86' lang='lat' dir='ltr'>navis</span> <span class='ocrx_word' id='word_1_114' title='bbox 1452 1740 1588 1784; x_wconf 89' lang='lat' dir='ltr'>esse</span> <span class='ocrx_word' id='word_1_115' title='bbox 1635 1726 1845 1787; x_wconf 83' lang='lat' dir='ltr'>navim</span> 
     </span>
     <span class='ocr_line' id='line_1_17' title="bbox 299 1800 1145 1886; baseline 0.015 -26"><span class='ocrx_word' id='word_1_116' title='bbox 299 1800 632 1864; x_wconf 83' lang='lat' dir='ltr'>diversam</span> <span class='ocrx_word' id='word_1_117' title='bbox 664 1823 701 1865; x_wconf 86' lang='lat' dir='ltr'>a</span> <span class='ocrx_word' id='word_1_118' title='bbox 727 1808 1145 1886; x_wconf 59' lang='lat' dir='ltr'>praecedente.</span> 
     </span>
    </p>
   </div>
   <div class='ocr_carea' id='block_1_5' title="bbox 771 2247 1414 2345">
    <p class='ocr_par' dir='ltr' id='par_1_5' title="bbox 771 2247 1414 2345">
     <span class='ocr_line' id='line_1_18' title="bbox 771 2247 1414 2345; baseline 0.014 -11"><span class='ocrx_word' id='word_1_119' title='bbox 771 2247 1181 2338; x_wconf 66' lang='lat' dir='ltr'>sturlo</span> <span class='ocrx_word' id='word_1_120' title='bbox 1269 2253 1414 2345; x_wconf 81' lang='lat' dir='ltr'>vll.</span> 
     </span>
    </p>
   </div>
   <div class='ocr_carea' id='block_1_6' title="bbox 298 2552 1849 2731">
    <p class='ocr_par' dir='ltr' id='par_1_6' title="bbox 298 2552 1849 2731">
     <span class='ocr_line' id='line_1_19' title="bbox 298 2552 1849 2646; baseline 0.009 -32"><span class='ocrx_word' id='word_1_121' title='bbox 298 2552 401 2615; x_wconf 86' lang='lat' dir='ltr'>De</span> <span class='ocrx_word' id='word_1_122' title='bbox 430 2574 616 2634; x_wconf 79' lang='lat' dir='ltr'>nona,</span> <span class='ocrx_word' id='word_1_123' title='bbox 649 2566 706 2618; x_wconf 85' lang='lat' dir='ltr'>et</span> <span class='ocrx_word' id='word_1_124' title='bbox 732 2555 950 2618; x_wconf 77' lang='lat' dir='ltr'>decima</span> <span class='ocrx_word' id='word_1_125' title='bbox 978 2558 1302 2622; x_wconf 77' lang='lat' dir='ltr'>conditione</span> <span class='ocrx_word' id='word_1_126' title='bbox 1327 2562 1484 2624; x_wconf 72' lang='lat' dir='ltr'>circa</span> <span class='ocrx_word' id='word_1_127' title='bbox 1508 2565 1849 2646; x_wconf 78' lang='lat' dir='ltr'>facultatem</span> 
     </span>
     <span class='ocr_line' id='line_1_20' title="bbox 786 2666 1374 2731; baseline 0.009 -6"><span class='ocrx_word' id='word_1_128' title='bbox 786 2683 1009 2726; x_wconf 77' lang='lat' dir='ltr'>censum</span> <span class='ocrx_word' id='word_1_129' title='bbox 1037 2666 1374 2731; x_wconf 77' lang='lat' dir='ltr'>redimendi.</span> 
     </span>
    </p>
   </div>
   <div class='ocr_carea' id='block_1_7' title="bbox 398 2926 1852 2996">
    <p class='ocr_par' dir='ltr' id='par_1_7' title="bbox 398 2926 1852 2996">
     <span class='ocr_line' id='line_1_21' title="bbox 398 2926 1852 2996; baseline 0.006 -10"><span class='ocrx_word' id='word_1_130' title='bbox 398 2926 613 2987; x_wconf 76' lang='lat' dir='ltr'>Verba</span> <span class='ocrx_word' id='word_1_131' title='bbox 652 2928 846 2989; x_wconf 83' lang='lat' dir='ltr'>Buuae</span> <span class='ocrx_word' id='word_1_132' title='bbox 887 2929 1054 2992; x_wconf 88' lang='lat' dir='ltr'>circa</span> <span class='ocrx_word' id='word_1_133' title='bbox 1102 2931 1216 2993; x_wconf 88' lang='lat' dir='ltr'>has</span> <span class='ocrx_word' id='word_1_134' title='bbox 1262 2933 1419 2994; x_wconf 89' lang='lat' dir='ltr'>duas</span> <span class='ocrx_word' id='word_1_135' title='bbox 1461 2934 1852 2996; x_wconf 89' lang='lat' dir='ltr'>conditiones</span> 
     </span>
    </p>
   </div>
   <div class='ocr_carea' id='block_1_8' title="bbox 3356 343 3471 403">
    <p class='ocr_par' dir='ltr' id='par_1_8' title="bbox 3356 343 3471 403">
     <span class='ocr_line' id='line_1_22' title="bbox 3356 343 3471 403; baseline -0.017 -1"><span class='ocrx_word' id='word_1_136' title='bbox 3356 343 3471 403; x_wconf 77' lang='lat'>373</span> 
     </span>
    </p>
   </div>
   <div class='ocr_carea' id='block_1_9' title="bbox 1940 516 3485 3008">
    <p class='ocr_par' dir='ltr' id='par_1_9' title="bbox 1942 516 3481 2154">
     <span class='ocr_line' id='line_1_23' title="bbox 1943 516 3470 597; baseline 0.002 -22"><span class='ocrx_word' id='word_1_137' title='bbox 1943 516 2241 578; x_wconf 83' lang='lat' dir='ltr'>creditori</span> <span class='ocrx_word' id='word_1_138' title='bbox 2271 516 2596 581; x_wconf 83' lang='lat' dir='ltr'>denuntiet</span> <span class='ocrx_word' id='word_1_139' title='bbox 2623 521 2767 581; x_wconf 85' lang='lat' dir='ltr'>ante</span> <span class='ocrx_word' id='word_1_140' title='bbox 2796 517 2955 581; x_wconf 83' lang='lat' dir='ltr'>duos</span> <span class='ocrx_word' id='word_1_141' title='bbox 2981 535 3267 581; x_wconf 83' lang='lat' dir='ltr'>menses:</span> <span class='ocrx_word' id='word_1_142' title='bbox 3302 517 3470 597; x_wconf 87' lang='lat' dir='ltr'>quod</span> 
     </span>
     <span class='ocr_line' id='line_1_24' title="bbox 1944 608 3473 690; baseline 0.002 -22"><span class='ocrx_word' id='word_1_143' title='bbox 1944 608 2009 668; x_wconf 91' lang='lat' dir='ltr'>in</span> <span class='ocrx_word' id='word_1_144' title='bbox 2035 609 2306 686; x_wconf 78' lang='lat' dir='ltr'>gratiam</span> <span class='ocrx_word' id='word_1_145' title='bbox 2335 610 2660 673; x_wconf 84' lang='lat' dir='ltr'>creditoris</span> <span class='ocrx_word' id='word_1_146' title='bbox 2688 612 2924 674; x_wconf 87' lang='lat' dir='ltr'>factum</span> <span class='ocrx_word' id='word_1_147' title='bbox 2945 617 3117 690; x_wconf 89' lang='lat' dir='ltr'>puto,</span> <span class='ocrx_word' id='word_1_148' title='bbox 3152 615 3220 671; x_wconf 90' lang='lat' dir='ltr'>ut</span> <span class='ocrx_word' id='word_1_149' title='bbox 3243 610 3473 672; x_wconf 89' lang='lat' dir='ltr'>habeat</span> 
     </span>
     <span class='ocr_line' id='line_1_25' title="bbox 1942 704 3474 785; baseline 0.001 -24"><span class='ocrx_word' id='word_1_150' title='bbox 1942 705 2192 780; x_wconf 90' lang='lat' dir='ltr'>tempus</span> <span class='ocrx_word' id='word_1_151' title='bbox 2221 704 2541 783; x_wconf 61' lang='lat' dir='ltr'>quaerendi</span> <span class='ocrx_word' id='word_1_152' title='bbox 2573 705 2764 766; x_wconf 91' lang='lat' dir='ltr'>alium</span> <span class='ocrx_word' id='word_1_153' title='bbox 2795 704 2900 785; x_wconf 91' lang='lat' dir='ltr'>qui</span> <span class='ocrx_word' id='word_1_154' title='bbox 2919 723 3178 767; x_wconf 88' lang='lat' dir='ltr'>censum</span> <span class='ocrx_word' id='word_1_155' title='bbox 3206 704 3474 765; x_wconf 89' lang='lat' dir='ltr'>similem</span> 
     </span>
     <span class='ocr_line' id='line_1_26' title="bbox 1946 795 3474 878; baseline 0.002 -24"><span class='ocrx_word' id='word_1_156' title='bbox 1946 795 2218 855; x_wconf 86' lang='lat' dir='ltr'>vendere</span> <span class='ocrx_word' id='word_1_157' title='bbox 2238 796 2406 872; x_wconf 82' lang='lat' dir='ltr'>velit,</span> <span class='ocrx_word' id='word_1_158' title='bbox 2433 798 2531 858; x_wconf 78' lang='lat' dir='ltr'>vel</span> <span class='ocrx_word' id='word_1_159' title='bbox 2553 798 2809 859; x_wconf 89' lang='lat' dir='ltr'>modum</span> <span class='ocrx_word' id='word_1_160' title='bbox 2834 798 3106 878; x_wconf 84' lang='lat' dir='ltr'>aliquem</span> <span class='ocrx_word' id='word_1_161' title='bbox 3126 797 3474 858; x_wconf 90' lang='lat' dir='ltr'>collocandi</span> 
     </span>
     <span class='ocr_line' id='line_1_27' title="bbox 1944 887 3472 972; baseline 0.002 -26"><span class='ocrx_word' id='word_1_162' title='bbox 1944 887 2111 946; x_wconf 89' lang='lat' dir='ltr'>idem</span> <span class='ocrx_word' id='word_1_163' title='bbox 2142 888 2413 965; x_wconf 86' lang='lat' dir='ltr'>pretium</span> <span class='ocrx_word' id='word_1_164' title='bbox 2441 888 2503 949; x_wconf 91' lang='lat' dir='ltr'>in</span> <span class='ocrx_word' id='word_1_165' title='bbox 2533 909 2601 950; x_wconf 90' lang='lat' dir='ltr'>re</span> <span class='ocrx_word' id='word_1_166' title='bbox 2631 891 2841 972; x_wconf 88' lang='lat' dir='ltr'>aliqua</span> <span class='ocrx_word' id='word_1_167' title='bbox 2869 889 3209 952; x_wconf 87' lang='lat' dir='ltr'>fructifera.</span> <span class='ocrx_word' id='word_1_168' title='bbox 3242 892 3330 950; x_wconf 88' lang='lat' dir='ltr'>Ne</span> <span class='ocrx_word' id='word_1_169' title='bbox 3360 908 3472 949; x_wconf 90' lang='lat' dir='ltr'>au·</span> 
     </span>
     <span class='ocr_line' id='line_1_28' title="bbox 1944 980 3474 1045; baseline 0.001 -5"><span class='ocrx_word' id='word_1_170' title='bbox 1944 984 2069 1040; x_wconf 79' lang='lat' dir='ltr'>tem</span> <span class='ocrx_word' id='word_1_171' title='bbox 2097 980 2282 1041; x_wconf 89' lang='lat' dir='ltr'>detur</span> <span class='ocrx_word' id='word_1_172' title='bbox 2311 981 2554 1044; x_wconf 86' lang='lat' dir='ltr'>occasio</span> <span class='ocrx_word' id='word_1_173' title='bbox 2595 983 2861 1045; x_wconf 81' lang='lat' dir='ltr'>debitori</span> <span class='ocrx_word' id='word_1_174' title='bbox 2892 982 3246 1044; x_wconf 86' lang='lat' dir='ltr'>deterrendi</span> <span class='ocrx_word' id='word_1_175' title='bbox 3275 982 3474 1043; x_wconf 88' lang='lat' dir='ltr'>credi-</span> 
     </span>
     <span class='ocr_line' id='line_1_29' title="bbox 1943 1072 3471 1153; baseline 0.001 -20"><span class='ocrx_word' id='word_1_176' title='bbox 1943 1076 2144 1133; x_wconf 89' lang='lat' dir='ltr'>torem</span> <span class='ocrx_word' id='word_1_177' title='bbox 2190 1072 2621 1152; x_wconf 86' lang='lat' dir='ltr'>redemptione</span> <span class='ocrx_word' id='word_1_178' title='bbox 2668 1076 2853 1153; x_wconf 85' lang='lat' dir='ltr'>ficta,</span> <span class='ocrx_word' id='word_1_179' title='bbox 2908 1075 3041 1136; x_wconf 89' lang='lat' dir='ltr'>sine</span> <span class='ocrx_word' id='word_1_180' title='bbox 3084 1074 3293 1136; x_wconf 91' lang='lat' dir='ltr'>animo</span> <span class='ocrx_word' id='word_1_181' title='bbox 3333 1093 3471 1134; x_wconf 79' lang='lat' dir='ltr'>earn</span> 
     </span>
     <span class='ocr_line' id='line_1_30' title="bbox 1944 1165 3475 1244; baseline 0.003 -21"><span class='ocrx_word' id='word_1_182' title='bbox 1944 1165 2328 1244; x_wconf 85' lang='lat' dir='ltr'>exequendi,</span> <span class='ocrx_word' id='word_1_183' title='bbox 2375 1170 2443 1226; x_wconf 89' lang='lat' dir='ltr'>ut</span> <span class='ocrx_word' id='word_1_184' title='bbox 2470 1184 2542 1227; x_wconf 91' lang='lat' dir='ltr'>eo</span> <span class='ocrx_word' id='word_1_185' title='bbox 2574 1167 2797 1228; x_wconf 86' lang='lat' dir='ltr'>timore</span> <span class='ocrx_word' id='word_1_186' title='bbox 2829 1168 3102 1230; x_wconf 82' lang='lat' dir='ltr'>creditor</span> <span class='ocrx_word' id='word_1_187' title='bbox 3128 1167 3475 1229; x_wconf 85' lang='lat' dir='ltr'>consentiat</span> 
     </span>
     <span class='ocr_line' id='line_1_31' title="bbox 1946 1257 3474 1339; baseline 0.001 -22"><span class='ocrx_word' id='word_1_188' title='bbox 1946 1257 2175 1318; x_wconf 83' lang='lat' dir='ltr'>minori</span> <span class='ocrx_word' id='word_1_189' title='bbox 2204 1258 2265 1319; x_wconf 92' lang='lat' dir='ltr'>in</span> <span class='ocrx_word' id='word_1_190' title='bbox 2299 1264 2618 1336; x_wconf 89' lang='lat' dir='ltr'>posterum</span> <span class='ocrx_word' id='word_1_191' title='bbox 2646 1261 2957 1339; x_wconf 89' lang='lat' dir='ltr'>pensioni,</span> <span class='ocrx_word' id='word_1_192' title='bbox 2992 1260 3333 1339; x_wconf 88' lang='lat' dir='ltr'>prudenter</span> <span class='ocrx_word' id='word_1_193' title='bbox 3360 1260 3474 1321; x_wconf 89' lang='lat' dir='ltr'>ad-</span> 
     </span>
     <span class='ocr_line' id='line_1_32' title="bbox 1947 1350 3476 1433; baseline 0.001 -23"><span class='ocrx_word' id='word_1_194' title='bbox 1947 1350 2115 1413; x_wconf 91' lang='lat' dir='ltr'>ditur</span> <span class='ocrx_word' id='word_1_195' title='bbox 2145 1351 2308 1412; x_wconf 87' lang='lat' dir='ltr'>facta</span> <span class='ocrx_word' id='word_1_196' title='bbox 2325 1351 2815 1431; x_wconf 86' lang='lat' dir='ltr'>denuntiatione,</span> <span class='ocrx_word' id='word_1_197' title='bbox 2851 1371 3032 1433; x_wconf 90' lang='lat' dir='ltr'>posse</span> <span class='ocrx_word' id='word_1_198' title='bbox 3062 1353 3409 1414; x_wconf 89' lang='lat' dir='ltr'>debitorem</span> <span class='ocrx_word' id='word_1_199' title='bbox 3438 1370 3476 1412; x_wconf 90' lang='lat' dir='ltr'>a</span> 
     </span>
     <span class='ocr_line' id='line_1_33' title="bbox 1946 1443 3475 1525; baseline 0.001 -22"><span class='ocrx_word' id='word_1_200' title='bbox 1946 1443 2254 1505; x_wconf 84' lang='lat' dir='ltr'>creditore</span> <span class='ocrx_word' id='word_1_201' title='bbox 2284 1445 2427 1522; x_wconf 84' lang='lat' dir='ltr'>cogi</span> <span class='ocrx_word' id='word_1_202' title='bbox 2472 1445 2549 1505; x_wconf 90' lang='lat' dir='ltr'>ad</span> <span class='ocrx_word' id='word_1_203' title='bbox 2591 1445 3086 1525; x_wconf 88' lang='lat' dir='ltr'>redemptionem</span> <span class='ocrx_word' id='word_1_204' title='bbox 3122 1445 3475 1507; x_wconf 87' lang='lat' dir='ltr'>faciendam</span> 
     </span>
     <span class='ocr_line' id='line_1_34' title="bbox 1945 1536 3478 1600; baseline 0.002 -4"><span class='ocrx_word' id='word_1_205' title='bbox 1945 1536 2167 1597; x_wconf 88' lang='lat' dir='ltr'>saltem</span> <span class='ocrx_word' id='word_1_206' title='bbox 2198 1536 2362 1598; x_wconf 89' lang='lat' dir='ltr'>intra</span> <span class='ocrx_word' id='word_1_207' title='bbox 2402 1556 2659 1600; x_wconf 89' lang='lat' dir='ltr'>annum.</span> <span class='ocrx_word' id='word_1_208' title='bbox 2714 1538 2779 1599; x_wconf 90' lang='lat' dir='ltr'>Si</span> <span class='ocrx_word' id='word_1_209' title='bbox 2826 1543 3040 1600; x_wconf 88' lang='lat' dir='ltr'>autem</span> <span class='ocrx_word' id='word_1_210' title='bbox 3087 1556 3202 1599; x_wconf 93' lang='lat' dir='ltr'>nec</span> <span class='ocrx_word' id='word_1_211' title='bbox 3231 1538 3478 1599; x_wconf 84' lang='lat' dir='ltr'>debitor</span> 
     </span>
     <span class='ocr_line' id='line_1_35' title="bbox 1942 1628 3478 1705; baseline 0.001 -16"><span class='ocrx_word' id='word_1_212' title='bbox 1942 1628 2304 1705; x_wconf 86' lang='lat' dir='ltr'>redemerit,</span> <span class='ocrx_word' id='word_1_213' title='bbox 2347 1649 2462 1691; x_wconf 91' lang='lat' dir='ltr'>nec</span> <span class='ocrx_word' id='word_1_214' title='bbox 2487 1630 2762 1692; x_wconf 80' lang='lat' dir='ltr'>creditor</span> <span class='ocrx_word' id='word_1_215' title='bbox 2781 1631 2861 1692; x_wconf 89' lang='lat' dir='ltr'>ad</span> <span class='ocrx_word' id='word_1_216' title='bbox 2881 1631 3319 1692; x_wconf 86' lang='lat' dir='ltr'>redimendum</span> <span class='ocrx_word' id='word_1_217' title='bbox 3340 1649 3478 1691; x_wconf 91' lang='lat' dir='ltr'>eoe-</span> 
     </span>
     <span class='ocr_line' id='line_1_36' title="bbox 1943 1721 3481 1802; baseline 0.001 -21"><span class='ocrx_word' id='word_1_218' title='bbox 1943 1721 2126 1799; x_wconf 85' lang='lat' dir='ltr'>gerit‚</span> <span class='ocrx_word' id='word_1_219' title='bbox 2156 1721 2512 1800; x_wconf 89' lang='lat' dir='ltr'>reducitur,</span> <span class='ocrx_word' id='word_1_220' title='bbox 2546 1724 2759 1802; x_wconf 90' lang='lat' dir='ltr'>elapso</span> <span class='ocrx_word' id='word_1_221' title='bbox 2789 1742 2954 1785; x_wconf 89' lang='lat' dir='ltr'>anno</span> <span class='ocrx_word' id='word_1_222' title='bbox 2976 1771 2992 1801; x_wconf 91' lang='lat'>,</span> <span class='ocrx_word' id='word_1_223' title='bbox 3034 1743 3135 1785; x_wconf 86' lang='lat' dir='ltr'>res</span> <span class='ocrx_word' id='word_1_224' title='bbox 3161 1724 3242 1785; x_wconf 92' lang='lat' dir='ltr'>ad</span> <span class='ocrx_word' id='word_1_225' title='bbox 3272 1724 3481 1802; x_wconf 88' lang='lat' dir='ltr'>pristi-</span> 
     </span>
     <span class='ocr_line' id='line_1_37' title="bbox 1945 1816 3480 1891; baseline 0.003 -19"><span class='ocrx_word' id='word_1_226' title='bbox 1945 1832 2096 1874; x_wconf 90' lang='lat' dir='ltr'>num</span> <span class='ocrx_word' id='word_1_227' title='bbox 2124 1817 2357 1876; x_wconf 90' lang='lat' dir='ltr'>statum</span> <span class='ocrx_word' id='word_1_228' title='bbox 2376 1861 2392 1891; x_wconf 94' lang='lat'>,</span> <span class='ocrx_word' id='word_1_229' title='bbox 2427 1820 2490 1876; x_wconf 89' lang='lat' dir='ltr'>et</span> <span class='ocrx_word' id='word_1_230' title='bbox 2518 1816 2872 1877; x_wconf 85' lang='lat' dir='ltr'>necessaria</span> <span class='ocrx_word' id='word_1_231' title='bbox 2899 1817 3018 1878; x_wconf 89' lang='lat' dir='ltr'>erit</span> <span class='ocrx_word' id='word_1_232' title='bbox 3045 1836 3208 1879; x_wconf 84' lang='lat' dir='ltr'>nova</span> <span class='ocrx_word' id='word_1_233' title='bbox 3237 1817 3480 1877; x_wconf 87' lang='lat' dir='ltr'>denun-</span> 
     </span>
     <span class='ocr_line' id='line_1_38' title="bbox 1945 1906 3481 1989; baseline 0.001 -21"><span class='ocrx_word' id='word_1_234' title='bbox 1945 1906 2142 1968; x_wconf 70' lang='lat' dir='ltr'>tiatio‘</span> <span class='ocrx_word' id='word_1_235' title='bbox 2181 1911 2325 1970; x_wconf 90' lang='lat' dir='ltr'>ante</span> <span class='ocrx_word' id='word_1_236' title='bbox 2375 1907 2706 1986; x_wconf 87' lang='lat' dir='ltr'>bimestre,</span> <span class='ocrx_word' id='word_1_237' title='bbox 2754 1909 3007 1989; x_wconf 85' lang='lat' dir='ltr'>quando</span> <span class='ocrx_word' id='word_1_238' title='bbox 3049 1909 3295 1971; x_wconf 88' lang='lat' dir='ltr'>debitor</span> <span class='ocrx_word' id='word_1_239' title='bbox 3333 1927 3481 1970; x_wconf 88' lang='lat' dir='ltr'>cen-</span> 
     </span>
     <span class='ocr_line' id='line_1_39' title="bbox 1946 2000 3480 2079; baseline 0.003 -21"><span class='ocrx_word' id='word_1_240' title='bbox 1946 2017 2087 2061; x_wconf 88' lang='lat' dir='ltr'>sum</span> <span class='ocrx_word' id='word_1_241' title='bbox 2127 2000 2398 2061; x_wconf 77' lang='lat' dir='ltr'>voluerit</span> <span class='ocrx_word' id='word_1_242' title='bbox 2443 2000 2830 2079; x_wconf 83' lang='lat' dir='ltr'>extinguere.</span> <span class='ocrx_word' id='word_1_243' title='bbox 2883 2002 3062 2064; x_wconf 87' lang='lat' dir='ltr'>Circa</span> <span class='ocrx_word' id='word_1_244' title='bbox 3109 2000 3222 2062; x_wconf 86' lang='lat' dir='ltr'>has</span> <span class='ocrx_word' id='word_1_245' title='bbox 3268 2000 3480 2062; x_wconf 89' lang='lat' dir='ltr'>condi·</span> 
     </span>
     <span class='ocr_line' id='line_1_40' title="bbox 1947 2093 2169 2154; baseline 0.005 -1"><span class='ocrx_word' id='word_1_246' title='bbox 1947 2093 2169 2154; x_wconf 85' lang='lat' dir='ltr'>tioneS.</span> 
     </span>
    </p>

    <p class='ocr_par' dir='ltr' id='par_1_10' title="bbox 1940 2185 3485 3008">
     <span class='ocr_line' id='line_1_41' title="bbox 2025 2185 3477 2266; baseline 0 -20"><span class='ocrx_word' id='word_1_247' title='bbox 2025 2185 2357 2247; x_wconf 89' lang='lat' dir='ltr'>Dubitatur</span> <span class='ocrx_word' id='word_1_248' title='bbox 2386 2186 2589 2266; x_wconf 90' lang='lat' dir='ltr'>primo</span> <span class='ocrx_word' id='word_1_249' title='bbox 2613 2232 2628 2263; x_wconf 94' lang='lat'>,</span> <span class='ocrx_word' id='word_1_250' title='bbox 2662 2206 2744 2248; x_wconf 91' lang='lat' dir='ltr'>an</span> <span class='ocrx_word' id='word_1_251' title='bbox 2774 2187 3038 2249; x_wconf 86' lang='lat' dir='ltr'>facultas</span> <span class='ocrx_word' id='word_1_252' title='bbox 3068 2187 3369 2249; x_wconf 89' lang='lat' dir='ltr'>debitoris</span> <span class='ocrx_word' id='word_1_253' title='bbox 3399 2186 3477 2247; x_wconf 91' lang='lat' dir='ltr'>ad</span> 
     </span>
     <span class='ocr_line' id='line_1_42' title="bbox 1946 2278 3482 2361; baseline 0.001 -23"><span class='ocrx_word' id='word_1_254' title='bbox 1946 2278 2384 2340; x_wconf 87' lang='lat' dir='ltr'>redimendum</span> <span class='ocrx_word' id='word_1_255' title='bbox 2413 2297 2670 2340; x_wconf 90' lang='lat' dir='ltr'>censum</span> <span class='ocrx_word' id='word_1_256' title='bbox 2691 2280 2943 2361; x_wconf 88' lang='lat' dir='ltr'>quando</span> <span class='ocrx_word' id='word_1_257' title='bbox 2973 2281 3263 2357; x_wconf 84' lang='lat' dir='ltr'>voluerit,</span> <span class='ocrx_word' id='word_1_258' title='bbox 3294 2281 3376 2343; x_wconf 89' lang='lat' dir='ltr'>sit</span> <span class='ocrx_word' id='word_1_259' title='bbox 3403 2280 3482 2341; x_wconf 90' lang='lat' dir='ltr'>de</span> 
     </span>
     <span class='ocr_line' id='line_1_43' title="bbox 1940 2372 3481 2451; baseline 0.002 -19"><span class='ocrx_word' id='word_1_260' title='bbox 1940 2372 2082 2450; x_wconf 86' lang='lat' dir='ltr'>jure</span> <span class='ocrx_word' id='word_1_261' title='bbox 2113 2375 2377 2451; x_wconf 69' lang='lat' dir='ltr'>naturae,</span> <span class='ocrx_word' id='word_1_262' title='bbox 2410 2372 2498 2434; x_wconf 87' lang='lat' dir='ltr'>ita</span> <span class='ocrx_word' id='word_1_263' title='bbox 2516 2377 2586 2435; x_wconf 93' lang='lat' dir='ltr'>ut</span> <span class='ocrx_word' id='word_1_264' title='bbox 2599 2375 2838 2435; x_wconf 88' lang='lat' dir='ltr'>seclusa</span> <span class='ocrx_word' id='word_1_265' title='bbox 2857 2374 3030 2435; x_wconf 88' lang='lat' dir='ltr'>bulla</span> <span class='ocrx_word' id='word_1_266' title='bbox 3048 2373 3277 2435; x_wconf 88' lang='lat' dir='ltr'>debeat</span> <span class='ocrx_word' id='word_1_267' title='bbox 3294 2374 3481 2436; x_wconf 84' lang='lat' dir='ltr'>etiam</span> 
     </span>
     <span class='ocr_line' id='line_1_44' title="bbox 1948 2465 3478 2547; baseline 0.001 -21"><span class='ocrx_word' id='word_1_268' title='bbox 1948 2466 2011 2526; x_wconf 91' lang='lat' dir='ltr'>in</span> <span class='ocrx_word' id='word_1_269' title='bbox 2056 2466 2345 2526; x_wconf 87' lang='lat' dir='ltr'>censibus</span> <span class='ocrx_word' id='word_1_270' title='bbox 2401 2465 2711 2544; x_wconf 87' lang='lat' dir='ltr'>reperiri?</span> <span class='ocrx_word' id='word_1_271' title='bbox 2751 2467 2960 2547; x_wconf 80' lang='lat' dir='ltr'>Aliqui</span> <span class='ocrx_word' id='word_1_272' title='bbox 3015 2465 3183 2527; x_wconf 90' lang='lat' dir='ltr'>enim</span> <span class='ocrx_word' id='word_1_273' title='bbox 3237 2467 3478 2543; x_wconf 86' lang='lat' dir='ltr'>volunt,</span> 
     </span>
     <span class='ocr_line' id='line_1_45' title="bbox 1949 2558 3485 2637; baseline 0 -18"><span class='ocrx_word' id='word_1_274' title='bbox 1949 2558 2139 2621; x_wconf 85' lang='lat' dir='ltr'>etiam</span> <span class='ocrx_word' id='word_1_275' title='bbox 2169 2558 2248 2619; x_wconf 88' lang='lat' dir='ltr'>de</span> <span class='ocrx_word' id='word_1_276' title='bbox 2279 2560 2423 2637; x_wconf 87' lang='lat' dir='ltr'>jure</span> <span class='ocrx_word' id='word_1_277' title='bbox 2453 2563 2693 2621; x_wconf 61' lang='lat' dir='ltr'>natura}</span> <span class='ocrx_word' id='word_1_278' title='bbox 2734 2559 3016 2621; x_wconf 90' lang='lat' dir='ltr'>illicitum</span> <span class='ocrx_word' id='word_1_279' title='bbox 3065 2577 3199 2620; x_wconf 88' lang='lat' dir='ltr'>esse</span> <span class='ocrx_word' id='word_1_280' title='bbox 3229 2564 3485 2637; x_wconf 87' lang='lat' dir='ltr'>pactum</span> 
     </span>
     <span class='ocr_line' id='line_1_46' title="bbox 1950 2650 3482 2732; baseline -0.001 -21"><span class='ocrx_word' id='word_1_281' title='bbox 1950 2651 2119 2732; x_wconf 90' lang='lat' dir='ltr'>quod</span> <span class='ocrx_word' id='word_1_282' title='bbox 2165 2651 2377 2729; x_wconf 86' lang='lat' dir='ltr'>elapso</span> <span class='ocrx_word' id='word_1_283' title='bbox 2421 2650 2729 2713; x_wconf 90' lang='lat' dir='ltr'>decennio</span> <span class='ocrx_word' id='word_1_284' title='bbox 2753 2698 2769 2728; x_wconf 92' lang='lat'>,</span> <span class='ocrx_word' id='word_1_285' title='bbox 2803 2671 2865 2715; x_wconf 85' lang='lat' dir='ltr'>v.</span> <span class='ocrx_word' id='word_1_286' title='bbox 2899 2671 2963 2731; x_wconf 89' lang='lat' dir='ltr'>g.</span> <span class='ocrx_word' id='word_1_287' title='bbox 2997 2670 3221 2713; x_wconf 86' lang='lat' dir='ltr'>census</span> <span class='ocrx_word' id='word_1_288' title='bbox 3260 2652 3482 2712; x_wconf 88' lang='lat' dir='ltr'>redimi</span> 
     </span>
     <span class='ocr_line' id='line_1_47' title="bbox 1951 2742 3484 2824; baseline -0.002 -19"><span class='ocrx_word' id='word_1_289' title='bbox 1951 2743 2210 2807; x_wconf 90' lang='lat' dir='ltr'>ulterius</span> <span class='ocrx_word' id='word_1_290' title='bbox 2240 2762 2364 2805; x_wconf 91' lang='lat' dir='ltr'>non</span> <span class='ocrx_word' id='word_1_291' title='bbox 2396 2744 2625 2823; x_wconf 90' lang='lat' dir='ltr'>possit,</span> <span class='ocrx_word' id='word_1_292' title='bbox 2659 2746 2758 2806; x_wconf 82' lang='lat' dir='ltr'>vel</span> <span class='ocrx_word' id='word_1_293' title='bbox 2789 2745 2957 2824; x_wconf 91' lang='lat' dir='ltr'>quod</span> <span class='ocrx_word' id='word_1_294' title='bbox 2988 2762 3114 2805; x_wconf 90' lang='lat' dir='ltr'>non</span> <span class='ocrx_word' id='word_1_295' title='bbox 3142 2744 3339 2822; x_wconf 89' lang='lat' dir='ltr'>possit</span> <span class='ocrx_word' id='word_1_296' title='bbox 3368 2742 3484 2804; x_wconf 85' lang='lat' dir='ltr'>nisi</span> 
     </span>
     <span class='ocr_line' id='line_1_48' title="bbox 1949 2836 3481 2918; baseline 0 -20"><span class='ocrx_word' id='word_1_297' title='bbox 1949 2841 2090 2918; x_wconf 90' lang='lat' dir='ltr'>post</span> <span class='ocrx_word' id='word_1_298' title='bbox 2118 2836 2516 2898; x_wconf 90' lang='lat' dir='ltr'>decennium.</span> <span class='ocrx_word' id='word_1_299' title='bbox 2548 2837 2639 2898; x_wconf 88' lang='lat' dir='ltr'>Ita</span> <span class='ocrx_word' id='word_1_300' title='bbox 2671 2839 2890 2898; x_wconf 88' lang='lat' dir='ltr'>Covar.</span> <span class='ocrx_word' id='word_1_301' title='bbox 2924 2836 3285 2913; x_wconf 77' lang='lat' dir='ltr'>MolinaeuS,</span> <span class='ocrx_word' id='word_1_302' title='bbox 3336 2839 3481 2898; x_wconf 84' lang='lat' dir='ltr'>Ant.</span> 
     </span>
     <span class='ocr_line' id='line_1_49' title="bbox 1952 2929 3483 3008; baseline -0.001 -16"><span class='ocrx_word' id='word_1_303' title='bbox 1952 2934 2129 2993; x_wconf 92' lang='lat' dir='ltr'>Gom.</span> <span class='ocrx_word' id='word_1_304' title='bbox 2167 2933 2230 2990; x_wconf 92' lang='lat' dir='ltr'>et</span> <span class='ocrx_word' id='word_1_305' title='bbox 2256 2929 2382 3006; x_wconf 92' lang='lat' dir='ltr'>alii,</span> <span class='ocrx_word' id='word_1_306' title='bbox 2417 2947 2574 3008; x_wconf 90' lang='lat' dir='ltr'>quos</span> <span class='ocrx_word' id='word_1_307' title='bbox 2605 2930 2786 2990; x_wconf 75' lang='lat' dir='ltr'>affert</span> <span class='ocrx_word' id='word_1_308' title='bbox 2826 2929 3004 2991; x_wconf 90' lang='lat' dir='ltr'>Salas</span> <span class='ocrx_word' id='word_1_309' title='bbox 3047 2929 3198 2991; x_wconf 92' lang='lat' dir='ltr'>dub.</span> <span class='ocrx_word' id='word_1_310' title='bbox 3232 2945 3341 2990; x_wconf 60' lang='grc' dir='ltr'><strong>ΧΠ.</strong></span> <span class='ocrx_word' id='word_1_311' title='bbox 3377 2948 3483 2990; x_wconf 86' lang='lat' dir='ltr'>nu.</span> 
     </span>
    </p>
   </div>
   <div class='ocr_carea' id='block_1_10' title="bbox 75 3019 1856 3289">
    <p class='ocr_par' dir='ltr' id='par_1_11' title="bbox 75 3019 1856 3289">
     <span class='ocr_line' id='line_1_50' title="bbox 79 3019 1853 3106; baseline 0.006 -28"><span class='ocrx_word' id='word_1_312' title='bbox 79 3060 127 3096; x_wconf 73' lang='lat'><strong>„</strong></span> <span class='ocrx_word' id='word_1_313' title='bbox 148 3054 250 3095; x_wconf 50' lang='grc' dir='ltr'>ὼ.</span> <span class='ocrx_word' id='word_1_314' title='bbox 310 3019 463 3081; x_wconf 80' lang='lat' dir='ltr'>hoec</span> <span class='ocrx_word' id='word_1_315' title='bbox 490 3024 635 3083; x_wconf 87' lang='lat' dir='ltr'>sunt</span> <span class='ocrx_word' id='word_1_316' title='bbox 666 3038 681 3085; x_wconf 71' lang='grc' dir='ltr'>ς</span> <span class='ocrx_word' id='word_1_317' title='bbox 723 3023 1112 3101; x_wconf 88' lang='lat' dir='ltr'>«Volumus,</span> <span class='ocrx_word' id='word_1_318' title='bbox 1160 3043 1385 3087; x_wconf 89' lang='lat' dir='ltr'>census</span> <span class='ocrx_word' id='word_1_319' title='bbox 1424 3045 1641 3088; x_wconf 89' lang='lat' dir='ltr'>omnes</span> <span class='ocrx_word' id='word_1_320' title='bbox 1670 3046 1853 3106; x_wconf 88' lang='lat' dir='ltr'>posse</span> 
     </span>
     <span class='ocr_line' id='line_1_51' title="bbox 75 3108 1856 3206; baseline 0.004 -34"><span class='ocrx_word' id='word_1_321' title='bbox 75 3108 252 3206; x_wconf 42' lang='grc' dir='ltr'>ἴυζ’*</span> <span class='ocrx_word' id='word_1_322' title='bbox 310 3131 438 3194; x_wconf 85' lang='lat' dir='ltr'>pro</span> <span class='ocrx_word' id='word_1_323' title='bbox 470 3113 694 3175; x_wconf 88' lang='lat' dir='ltr'>eodem</span> <span class='ocrx_word' id='word_1_324' title='bbox 713 3117 916 3196; x_wconf 90' lang='lat' dir='ltr'>pretio</span> <span class='ocrx_word' id='word_1_325' title='bbox 937 3117 1239 3198; x_wconf 82' lang='lat' dir='ltr'>extingui,</span> <span class='ocrx_word' id='word_1_326' title='bbox 1274 3138 1398 3180; x_wconf 90' lang='lat' dir='ltr'>non</span> <span class='ocrx_word' id='word_1_327' title='bbox 1420 3120 1704 3181; x_wconf 89' lang='lat' dir='ltr'>obstante</span> <span class='ocrx_word' id='word_1_328' title='bbox 1723 3121 1856 3181; x_wconf 90' lang='lat' dir='ltr'>lon·</span> 
     </span>
     <span class='ocr_line' id='line_1_52' title="bbox 310 3208 1851 3289; baseline 0.005 -22"><span class='ocrx_word' id='word_1_329' title='bbox 310 3208 565 3285; x_wconf 84' lang='lat' dir='ltr'>gissimi</span> <span class='ocrx_word' id='word_1_330' title='bbox 605 3209 794 3270; x_wconf 91' lang='lat' dir='ltr'>etiam</span> <span class='ocrx_word' id='word_1_331' title='bbox 821 3211 1122 3289; x_wconf 87' lang='lat' dir='ltr'>temporis</span> <span class='ocrx_word' id='word_1_332' title='bbox 1146 3258 1161 3287; x_wconf 97' lang='lat'>,</span> <span class='ocrx_word' id='word_1_333' title='bbox 1213 3218 1275 3274; x_wconf 91' lang='lat' dir='ltr'>et</span> <span class='ocrx_word' id='word_1_334' title='bbox 1316 3213 1851 3289; x_wconf 79' lang='lat' dir='ltr'>immemorabiliS,</span> 
     </span>
    </p>
   </div>
   <div class='ocr_carea' id='block_1_11' title="bbox 1950 3021 3491 3272">
    <p class='ocr_par' dir='ltr' id='par_1_12' title="bbox 1950 3021 3491 3272">
     <span class='ocr_line' id='line_1_53' title="bbox 1950 3021 3485 3102; baseline -0.003 -16"><span class='ocrx_word' id='word_1_335' title='bbox 1950 3027 2008 3086; x_wconf 80' lang='lat'>2.</span> <span class='ocrx_word' id='word_1_336' title='bbox 2043 3029 2105 3085; x_wconf 92' lang='lat' dir='ltr'>et</span> <span class='ocrx_word' id='word_1_337' title='bbox 2131 3022 2220 3083; x_wconf 87' lang='lat' dir='ltr'>ita</span> <span class='ocrx_word' id='word_1_338' title='bbox 2248 3022 2464 3082; x_wconf 91' lang='lat' dir='ltr'>dicunt</span> <span class='ocrx_word' id='word_1_339' title='bbox 2503 3022 2565 3081; x_wconf 91' lang='lat' dir='ltr'>in</span> <span class='ocrx_word' id='word_1_340' title='bbox 2613 3021 2822 3083; x_wconf 89' lang='lat' dir='ltr'>multis</span> <span class='ocrx_word' id='word_1_341' title='bbox 2852 3022 3158 3100; x_wconf 58' lang='lat' dir='ltr'>praetoriis</span> <span class='ocrx_word' id='word_1_342' title='bbox 3200 3041 3485 3102; x_wconf 87' lang='lat' dir='ltr'>pronun-</span> 
     </span>
     <span class='ocr_line' id='line_1_54' title="bbox 1954 3114 3491 3197; baseline -0.002 -19"><span class='ocrx_word' id='word_1_343' title='bbox 1954 3118 2198 3193; x_wconf 91' lang='lat' dir='ltr'>tiatum,</span> <span class='ocrx_word' id='word_1_344' title='bbox 2231 3118 2301 3176; x_wconf 91' lang='lat' dir='ltr'>ut</span> <span class='ocrx_word' id='word_1_345' title='bbox 2329 3115 2486 3177; x_wconf 87' lang='lat' dir='ltr'>tales</span> <span class='ocrx_word' id='word_1_346' title='bbox 2503 3114 2894 3177; x_wconf 90' lang='lat' dir='ltr'>conditiones</span> <span class='ocrx_word' id='word_1_347' title='bbox 2908 3133 3021 3196; x_wconf 89' lang='lat' dir='ltr'>pro</span> <span class='ocrx_word' id='word_1_348' title='bbox 3043 3133 3168 3176; x_wconf 90' lang='lat' dir='ltr'>non</span> <span class='ocrx_word' id='word_1_349' title='bbox 3190 3114 3491 3197; x_wconf 87' lang='lat' dir='ltr'>appositis</span> 
     </span>
     <span class='ocr_line' id='line_1_55' title="bbox 1954 3211 2327 3272; baseline 0 0"><span class='ocrx_word' id='word_1_350' title='bbox 1954 3211 2327 3272; x_wconf 79' lang='lat' dir='ltr'>habeantur.</span> 
     </span>
    </p>
   </div>
   <div class='ocr_carea' id='block_1_12' title="bbox 313 3302 3814 3570">
    <p class='ocr_par' dir='ltr' id='par_1_13' title="bbox 313 3302 3814 3570">
     <span class='ocr_line' id='line_1_56' title="bbox 314 3302 3751 3386; baseline 0.002 -26"><span class='ocrx_word' id='word_1_351' title='bbox 314 3302 453 3362; x_wconf 90' lang='lat' dir='ltr'>imo</span> <span class='ocrx_word' id='word_1_352' title='bbox 483 3306 545 3363; x_wconf 88' lang='lat' dir='ltr'>et</span> <span class='ocrx_word' id='word_1_353' title='bbox 571 3308 821 3364; x_wconf 89' lang='lat' dir='ltr'>centum</span> <span class='ocrx_word' id='word_1_354' title='bbox 851 3307 913 3365; x_wconf 88' lang='lat' dir='ltr'>et</span> <span class='ocrx_word' id='word_1_355' title='bbox 937 3305 1214 3385; x_wconf 90' lang='lat' dir='ltr'>plurium</span> <span class='ocrx_word' id='word_1_356' title='bbox 1243 3324 1553 3367; x_wconf 89' lang='lat' dir='ltr'>annorum</span> <span class='ocrx_word' id='word_1_357' title='bbox 1583 3306 1858 3386; x_wconf 66' lang='lat' dir='ltr'>praescri·</span> <span class='ocrx_word' id='word_1_358' title='bbox 2036 3304 2361 3366; x_wconf 78' lang='lat' dir='ltr'>Contraria</span> <span class='ocrx_word' id='word_1_359' title='bbox 2415 3307 2629 3365; x_wconf 88' lang='lat' dir='ltr'>tamen</span> <span class='ocrx_word' id='word_1_360' title='bbox 2684 3304 2994 3365; x_wconf 86' lang='lat' dir='ltr'>sententia</span> <span class='ocrx_word' id='word_1_361' title='bbox 3034 3303 3384 3365; x_wconf 90' lang='lat' dir='ltr'>communis</span> <span class='ocrx_word' id='word_1_362' title='bbox 3432 3306 3495 3365; x_wconf 92' lang='lat' dir='ltr'>et</span> <span class='ocrx_word' id='word_1_363' title='bbox 3642 3307 3751 3366; x_wconf 87' lang='grc'>111</span> 
     </span>
     <span class='ocr_line' id='line_1_57' title="bbox 313 3394 3792 3479; baseline 0 -23"><span class='ocrx_word' id='word_1_364' title='bbox 313 3394 561 3472; x_wconf 86' lang='lat' dir='ltr'>ptione,</span> <span class='ocrx_word' id='word_1_365' title='bbox 593 3413 719 3456; x_wconf 90' lang='lat' dir='ltr'>non</span> <span class='ocrx_word' id='word_1_366' title='bbox 738 3396 1131 3457; x_wconf 87' lang='lat' dir='ltr'>obstantibus</span> <span class='ocrx_word' id='word_1_367' title='bbox 1147 3398 1460 3479; x_wconf 84' lang='lat' dir='ltr'>aliquibus</span> <span class='ocrx_word' id='word_1_368' title='bbox 1477 3400 1674 3478; x_wconf 88' lang='lat' dir='ltr'>pactis</span> <span class='ocrx_word' id='word_1_369' title='bbox 1691 3400 1858 3459; x_wconf 89' lang='lat' dir='ltr'>dire-</span> <span class='ocrx_word' id='word_1_370' title='bbox 1956 3415 2107 3457; x_wconf 81' lang='lat' dir='ltr'>vera</span> <span class='ocrx_word' id='word_1_371' title='bbox 2137 3401 2250 3473; x_wconf 88' lang='lat' dir='ltr'>est,</span> <span class='ocrx_word' id='word_1_372' title='bbox 2277 3396 2325 3456; x_wconf 89' lang='lat' dir='ltr'>si</span> <span class='ocrx_word' id='word_1_373' title='bbox 2349 3401 2558 3458; x_wconf 88' lang='lat' dir='ltr'>tamen</span> <span class='ocrx_word' id='word_1_374' title='bbox 2576 3396 2761 3474; x_wconf 88' lang='lat' dir='ltr'>pretii</span> <span class='ocrx_word' id='word_1_375' title='bbox 2779 3401 3121 3475; x_wconf 87' lang='lat' dir='ltr'>augmento</span> <span class='ocrx_word' id='word_1_376' title='bbox 3142 3398 3312 3476; x_wconf 88' lang='lat' dir='ltr'>juste</span> <span class='ocrx_word' id='word_1_377' title='bbox 3333 3398 3495 3475; x_wconf 85' lang='lat' dir='ltr'>ejus-</span> <span class='ocrx_word' id='word_1_378' title='bbox 3598 3431 3792 3476; x_wconf 60' lang='lat' dir='ltr'>tamnu</span> 
     </span>
     <span class='ocr_line' id='line_1_58' title="bbox 313 3484 3814 3570; baseline 0.001 -23"><span class='ocrx_word' id='word_1_379' title='bbox 313 3493 447 3563; x_wconf 89' lang='lat' dir='ltr'>cte,</span> <span class='ocrx_word' id='word_1_380' title='bbox 482 3487 579 3547; x_wconf 83' lang='lat' dir='ltr'>vel</span> <span class='ocrx_word' id='word_1_381' title='bbox 609 3488 914 3550; x_wconf 84' lang='lat' dir='ltr'>indirecte</span> <span class='ocrx_word' id='word_1_382' title='bbox 956 3490 1147 3551; x_wconf 91' lang='lat' dir='ltr'>talem</span> <span class='ocrx_word' id='word_1_383' title='bbox 1178 3491 1541 3552; x_wconf 83' lang='lat' dir='ltr'>facultatem</span> <span class='ocrx_word' id='word_1_384' title='bbox 1570 3492 1861 3552; x_wconf 86' lang='lat' dir='ltr'>auferen-</span> <span class='ocrx_word' id='word_1_385' title='bbox 1957 3490 2127 3550; x_wconf 89' lang='lat' dir='ltr'>modi</span> <span class='ocrx_word' id='word_1_386' title='bbox 2172 3507 2364 3550; x_wconf 88' lang='lat' dir='ltr'>onera</span> <span class='ocrx_word' id='word_1_387' title='bbox 2407 3495 2892 3567; x_wconf 86' lang='lat' dir='ltr'>compensentur</span> <span class='ocrx_word' id='word_1_388' title='bbox 2926 3510 2940 3552; x_wconf 91' lang='lat'>:</span> <span class='ocrx_word' id='word_1_389' title='bbox 2975 3509 3097 3570; x_wconf 93' lang='lat' dir='ltr'>quo</span> <span class='ocrx_word' id='word_1_390' title='bbox 3145 3491 3312 3550; x_wconf 90' lang='lat' dir='ltr'>enim</span> <span class='ocrx_word' id='word_1_391' title='bbox 3357 3489 3497 3568; x_wconf 88' lang='lat' dir='ltr'>plus</span> <span class='ocrx_word' id='word_1_392' title='bbox 3585 3484 3814 3529; x_wconf 51' lang='lat' dir='ltr'>‘dmm‘</span> 
     </span>
    </p>
   </div>
   <div class='ocr_carea' id='block_1_13' title="bbox 3590 3538 3789 3582">
    <p class='ocr_par' dir='ltr' id='par_1_14' title="bbox 3590 3538 3789 3582">
     <span class='ocr_line' id='line_1_59' title="bbox 3590 3538 3789 3582; baseline 0 -2"><span class='ocrx_word' id='word_1_393' title='bbox 3590 3550 3644 3582; x_wconf 74' lang='lat' dir='ltr'>au</span> <span class='ocrx_word' id='word_1_394' title='bbox 3662 3538 3718 3580; x_wconf 69' lang='lat' dir='ltr'>nit</span> <span class='ocrx_word' id='word_1_395' title='bbox 3736 3538 3789 3580; x_wconf 80' lang='lat' dir='ltr'>dc</span> 
     </span>
    </p>
   </div>
   <div class='ocr_carea' id='block_1_14' title="bbox 314 3580 1864 4126">
    <p class='ocr_par' dir='ltr' id='par_1_15' title="bbox 314 3580 1864 4126">
     <span class='ocr_line' id='line_1_60' title="bbox 314 3580 1858 3662; baseline 0.002 -21"><span class='ocrx_word' id='word_1_396' title='bbox 314 3580 494 3641; x_wconf 84' lang='lat' dir='ltr'>tibus</span> <span class='ocrx_word' id='word_1_397' title='bbox 514 3627 529 3655; x_wconf 92' lang='lat'>,</span> <span class='ocrx_word' id='word_1_398' title='bbox 576 3581 1076 3662; x_wconf 90' lang='lat' dir='ltr'>quibuscumque</span> <span class='ocrx_word' id='word_1_399' title='bbox 1122 3585 1330 3644; x_wconf 85' lang='lat' dir='ltr'>verbis</span> <span class='ocrx_word' id='word_1_400' title='bbox 1350 3632 1365 3659; x_wconf 93' lang='lat'>,</span> <span class='ocrx_word' id='word_1_401' title='bbox 1417 3588 1525 3646; x_wconf 88' lang='lat' dir='ltr'>aut</span> <span class='ocrx_word' id='word_1_402' title='bbox 1566 3584 1858 3646; x_wconf 87' lang='lat' dir='ltr'>clausulis</span> 
     </span>
     <span class='ocr_line' id='line_1_61' title="bbox 315 3673 1861 3757; baseline 0.003 -25"><span class='ocrx_word' id='word_1_403' title='bbox 315 3678 631 3752; x_wconf 83' lang='lat' dir='ltr'>concepta</span> <span class='ocrx_word' id='word_1_404' title='bbox 658 3673 801 3736; x_wconf 90' lang='lat' dir='ltr'>sint.</span> <span class='ocrx_word' id='word_1_405' title='bbox 832 3677 986 3736; x_wconf 88' lang='lat' dir='ltr'>Cum</span> <span class='ocrx_word' id='word_1_406' title='bbox 1016 3695 1166 3737; x_wconf 77' lang='lat' dir='ltr'>vero</span> <span class='ocrx_word' id='word_1_407' title='bbox 1196 3677 1530 3740; x_wconf 88' lang='lat' dir='ltr'>traditione</span> <span class='ocrx_word' id='word_1_408' title='bbox 1550 3677 1733 3757; x_wconf 86' lang='lat' dir='ltr'>pretii</span> <span class='ocrx_word' id='word_1_409' title='bbox 1760 3695 1861 3737; x_wconf 88' lang='lat' dir='ltr'>re·-</span> 
     </span>
     <span class='ocr_line' id='line_1_62' title="bbox 317 3766 1863 3849; baseline 0.002 -23"><span class='ocrx_word' id='word_1_410' title='bbox 317 3766 495 3826; x_wconf 87' lang='lat' dir='ltr'>ditus</span> <span class='ocrx_word' id='word_1_411' title='bbox 525 3766 983 3844; x_wconf 85' lang='lat' dir='ltr'>extinguendus</span> <span class='ocrx_word' id='word_1_412' title='bbox 1011 3769 1167 3844; x_wconf 87' lang='lat' dir='ltr'>erit,</span> <span class='ocrx_word' id='word_1_413' title='bbox 1207 3770 1494 3830; x_wconf 82' lang='lat' dir='ltr'>volumus</span> <span class='ocrx_word' id='word_1_414' title='bbox 1522 3788 1636 3849; x_wconf 90' lang='lat' dir='ltr'>per</span> <span class='ocrx_word' id='word_1_415' title='bbox 1662 3770 1863 3830; x_wconf 84' lang='lat' dir='ltr'>bime-</span> 
     </span>
     <span class='ocr_line' id='line_1_63' title="bbox 315 3859 1864 3941; baseline 0.003 -23"><span class='ocrx_word' id='word_1_416' title='bbox 315 3863 456 3919; x_wconf 83' lang='lat' dir='ltr'>stre</span> <span class='ocrx_word' id='word_1_417' title='bbox 484 3864 626 3919; x_wconf 89' lang='lat' dir='ltr'>ante</span> <span class='ocrx_word' id='word_1_418' title='bbox 656 3877 794 3919; x_wconf 88' lang='lat' dir='ltr'>eam</span> <span class='ocrx_word' id='word_1_419' title='bbox 825 3859 1179 3922; x_wconf 87' lang='lat' dir='ltr'>denuntiari</span> <span class='ocrx_word' id='word_1_420' title='bbox 1210 3862 1269 3921; x_wconf 90' lang='lat' dir='ltr'>ei</span> <span class='ocrx_word' id='word_1_421' title='bbox 1295 3863 1399 3923; x_wconf 81' lang='lat' dir='ltr'>cui</span> <span class='ocrx_word' id='word_1_422' title='bbox 1416 3863 1686 3941; x_wconf 90' lang='lat' dir='ltr'>pretium</span> <span class='ocrx_word' id='word_1_423' title='bbox 1706 3862 1864 3922; x_wconf 89' lang='lat' dir='ltr'>dan-</span> 
     </span>
     <span class='ocr_line' id='line_1_64' title="bbox 319 3951 1862 4030; baseline 0.002 -20"><span class='ocrx_word' id='word_1_424' title='bbox 319 3951 481 4011; x_wconf 89' lang='lat' dir='ltr'>dum</span> <span class='ocrx_word' id='word_1_425' title='bbox 512 3951 666 4028; x_wconf 85' lang='lat' dir='ltr'>erit,</span> <span class='ocrx_word' id='word_1_426' title='bbox 719 3957 781 4014; x_wconf 87' lang='lat' dir='ltr'>et</span> <span class='ocrx_word' id='word_1_427' title='bbox 833 3958 976 4030; x_wconf 88' lang='lat' dir='ltr'>post</span> <span class='ocrx_word' id='word_1_428' title='bbox 1027 3953 1394 4015; x_wconf 88' lang='lat' dir='ltr'>denuntiam</span> <span class='ocrx_word' id='word_1_429' title='bbox 1436 3955 1596 4015; x_wconf 86' lang='lat' dir='ltr'>intra</span> <span class='ocrx_word' id='word_1_430' title='bbox 1627 3972 1862 4015; x_wconf 89' lang='lat' dir='ltr'>annum</span> 
     </span>
     <span class='ocr_line' id='line_1_65' title="bbox 319 4043 1864 4126; baseline 0.002 -23"><span class='ocrx_word' id='word_1_431' title='bbox 319 4044 523 4105; x_wconf 85' lang='lat' dir='ltr'>etiam</span> <span class='ocrx_word' id='word_1_432' title='bbox 559 4043 640 4103; x_wconf 90' lang='lat' dir='ltr'>ab</span> <span class='ocrx_word' id='word_1_433' title='bbox 668 4043 863 4105; x_wconf 81' lang='lat' dir='ltr'>invito</span> <span class='ocrx_word' id='word_1_434' title='bbox 892 4045 1163 4122; x_wconf 89' lang='lat' dir='ltr'>pretium</span> <span class='ocrx_word' id='word_1_435' title='bbox 1192 4046 1389 4126; x_wconf 89' lang='lat' dir='ltr'>repeti</span> <span class='ocrx_word' id='word_1_436' title='bbox 1421 4065 1625 4126; x_wconf 90' lang='lat' dir='ltr'>posse.</span> <span class='ocrx_word' id='word_1_437' title='bbox 1659 4048 1737 4107; x_wconf 88' lang='lat' dir='ltr'>Et</span> <span class='ocrx_word' id='word_1_438' title='bbox 1757 4046 1864 4107; x_wconf 86' lang='lat' dir='ltr'>ubi</span> 
     </span>
    </p>
   </div>
   <div class='ocr_carea' id='block_1_15' title="bbox 323 4136 1883 4217">
    <p class='ocr_par' dir='ltr' id='par_1_16' title="bbox 323 4136 1883 4217">
     <span class='ocr_line' id='line_1_66' title="bbox 323 4136 1883 4217; baseline 0.003 -19"><span class='ocrx_word' id='word_1_439' title='bbox 323 4136 604 4216; x_wconf 84' lang='lat' dir='ltr'>pretium</span> <span class='ocrx_word' id='word_1_440' title='bbox 636 4156 838 4216; x_wconf 92' lang='lat' dir='ltr'>neque</span> <span class='ocrx_word' id='word_1_441' title='bbox 867 4137 1084 4198; x_wconf 82' lang='lat' dir='ltr'>volens</span> <span class='ocrx_word' id='word_1_442' title='bbox 1115 4138 1277 4200; x_wconf 89' lang='lat' dir='ltr'>iutra</span> <span class='ocrx_word' id='word_1_443' title='bbox 1308 4138 1605 4200; x_wconf 86' lang='lat' dir='ltr'>bimestre</span> <span class='ocrx_word' id='word_1_444' title='bbox 1636 4138 1883 4217; x_wconf 58' lang='lat' dir='ltr'>solvat,</span> 
     </span>
    </p>
   </div>
   <div class='ocr_carea' id='block_1_16' title="bbox 322 4230 1881 5606">
    <p class='ocr_par' dir='ltr' id='par_1_17' title="bbox 322 4230 1881 5606">
     <span class='ocr_line' id='line_1_67' title="bbox 322 4230 1867 4311; baseline 0.002 -20"><span class='ocrx_word' id='word_1_445' title='bbox 322 4248 539 4309; x_wconf 90' lang='lat' dir='ltr'>neque</span> <span class='ocrx_word' id='word_1_446' title='bbox 569 4230 647 4290; x_wconf 89' lang='lat' dir='ltr'>ab</span> <span class='ocrx_word' id='word_1_447' title='bbox 676 4230 872 4291; x_wconf 84' lang='lat' dir='ltr'>invito</span> <span class='ocrx_word' id='word_1_448' title='bbox 903 4230 1068 4291; x_wconf 87' lang='lat' dir='ltr'>intra</span> <span class='ocrx_word' id='word_1_449' title='bbox 1096 4250 1333 4292; x_wconf 88' lang='lat' dir='ltr'>aunum</span> <span class='ocrx_word' id='word_1_450' title='bbox 1355 4232 1661 4311; x_wconf 82' lang='lat' dir='ltr'>exigatur,</span> <span class='ocrx_word' id='word_1_451' title='bbox 1694 4233 1867 4294; x_wconf 86' lang='lat' dir='ltr'>volu-</span> 
     </span>
     <span class='ocr_line' id='line_1_68' title="bbox 322 4321 1867 4402; baseline 0.001 -19"><span class='ocrx_word' id='word_1_452' title='bbox 322 4341 474 4383; x_wconf 90' lang='lat' dir='ltr'>mus</span> <span class='ocrx_word' id='word_1_453' title='bbox 520 4321 961 4400; x_wconf 87' lang='lat' dir='ltr'>nibilominus,</span> <span class='ocrx_word' id='word_1_454' title='bbox 1026 4324 1551 4402; x_wconf 86' lang='lat' dir='ltr'>quandocumque</span> <span class='ocrx_word' id='word_1_455' title='bbox 1594 4326 1867 4387; x_wconf 90' lang='lat' dir='ltr'>reditum</span> 
     </span>
     <span class='ocr_line' id='line_1_69' title="bbox 322 4415 1869 4495; baseline 0.001 -20"><span class='ocrx_word' id='word_1_456' title='bbox 322 4415 606 4492; x_wconf 83' lang='lat' dir='ltr'>extingui</span> <span class='ocrx_word' id='word_1_457' title='bbox 630 4433 836 4492; x_wconf 87' lang='lat' dir='ltr'>posse,</span> <span class='ocrx_word' id='word_1_458' title='bbox 868 4416 1105 4495; x_wconf 75' lang='lat' dir='ltr'>praevia</span> <span class='ocrx_word' id='word_1_459' title='bbox 1132 4419 1342 4477; x_wconf 89' lang='lat' dir='ltr'>tamen</span> <span class='ocrx_word' id='word_1_460' title='bbox 1363 4435 1612 4495; x_wconf 88' lang='lat' dir='ltr'>semper</span> <span class='ocrx_word' id='word_1_461' title='bbox 1631 4418 1869 4479; x_wconf 89' lang='lat' dir='ltr'>denun-</span> 
     </span>
     <span class='ocr_line' id='line_1_70' title="bbox 324 4506 1868 4587; baseline 0.001 -18"><span class='ocrx_word' id='word_1_462' title='bbox 324 4507 445 4581; x_wconf 85' lang='lat' dir='ltr'>tia,</span> <span class='ocrx_word' id='word_1_463' title='bbox 479 4506 558 4566; x_wconf 90' lang='lat' dir='ltr'>de</span> <span class='ocrx_word' id='word_1_464' title='bbox 586 4526 710 4587; x_wconf 89' lang='lat' dir='ltr'>qua</span> <span class='ocrx_word' id='word_1_465' title='bbox 741 4525 951 4586; x_wconf 87' lang='lat' dir='ltr'>supra,</span> <span class='ocrx_word' id='word_1_466' title='bbox 987 4513 1050 4570; x_wconf 91' lang='lat' dir='ltr'>et</span> <span class='ocrx_word' id='word_1_467' title='bbox 1079 4527 1202 4569; x_wconf 89' lang='lat' dir='ltr'>non</span> <span class='ocrx_word' id='word_1_468' title='bbox 1225 4509 1618 4572; x_wconf 86' lang='lat' dir='ltr'>obstantibus</span> <span class='ocrx_word' id='word_1_469' title='bbox 1637 4510 1756 4587; x_wconf 86' lang='lat' dir='ltr'>his,</span> <span class='ocrx_word' id='word_1_470' title='bbox 1790 4511 1868 4571; x_wconf 91' lang='lat' dir='ltr'>de</span> 
     </span>
     <span class='ocr_line' id='line_1_71' title="bbox 324 4599 1871 4682; baseline 0.003 -23"><span class='ocrx_word' id='word_1_471' title='bbox 324 4599 565 4682; x_wconf 87' lang='lat' dir='ltr'>quibus</span> <span class='ocrx_word' id='word_1_472' title='bbox 608 4618 832 4678; x_wconf 85' lang='lat' dir='ltr'>supra,</span> <span class='ocrx_word' id='word_1_473' title='bbox 891 4600 1081 4680; x_wconf 92' lang='lat' dir='ltr'>idque</span> <span class='ocrx_word' id='word_1_474' title='bbox 1130 4601 1447 4664; x_wconf 85' lang='lat' dir='ltr'>observari</span> <span class='ocrx_word' id='word_1_475' title='bbox 1494 4603 1871 4664; x_wconf 89' lang='lat' dir='ltr'>mandamus</span> 
     </span>
     <span class='ocr_line' id='line_1_72' title="bbox 326 4691 1871 4772; baseline 0.002 -19"><span class='ocrx_word' id='word_1_476' title='bbox 326 4693 528 4753; x_wconf 86' lang='lat' dir='ltr'>etiam</span> <span class='ocrx_word' id='word_1_477' title='bbox 559 4691 727 4770; x_wconf 91' lang='lat' dir='ltr'>quod</span> <span class='ocrx_word' id='word_1_478' title='bbox 756 4692 1021 4771; x_wconf 82' lang='lat' dir='ltr'>plurieS,</span> <span class='ocrx_word' id='word_1_479' title='bbox 1069 4711 1143 4754; x_wconf 88' lang='lat' dir='ltr'>ac</span> <span class='ocrx_word' id='word_1_480' title='bbox 1173 4694 1405 4772; x_wconf 89' lang='lat' dir='ltr'>pluries</span> <span class='ocrx_word' id='word_1_481' title='bbox 1432 4694 1871 4757; x_wconf 90' lang='lat' dir='ltr'>denuntiatum</span> 
     </span>
     <span class='ocr_line' id='line_1_73' title="bbox 325 4784 1869 4864; baseline 0.003 -19"><span class='ocrx_word' id='word_1_482' title='bbox 325 4784 557 4845; x_wconf 82' lang='lat' dir='ltr'>fuisset</span> <span class='ocrx_word' id='word_1_483' title='bbox 577 4829 595 4859; x_wconf 90' lang='lat'>,</span> <span class='ocrx_word' id='word_1_484' title='bbox 649 4802 853 4863; x_wconf 91' lang='lat' dir='ltr'>neque</span> <span class='ocrx_word' id='word_1_485' title='bbox 899 4804 1181 4864; x_wconf 88' lang='lat' dir='ltr'>unquam</span> <span class='ocrx_word' id='word_1_486' title='bbox 1210 4788 1468 4847; x_wconf 84' lang='lat' dir='ltr'>effectus</span> <span class='ocrx_word' id='word_1_487' title='bbox 1494 4793 1745 4849; x_wconf 85' lang='lat' dir='ltr'>secutus</span> <span class='ocrx_word' id='word_1_488' title='bbox 1770 4806 1869 4849; x_wconf 87' lang='lat' dir='ltr'>es-</span> 
     </span>
     <span class='ocr_line' id='line_1_74' title="bbox 327 4876 1873 4959; baseline 0.003 -22"><span class='ocrx_word' id='word_1_489' title='bbox 327 4881 453 4937; x_wconf 89' lang='lat' dir='ltr'>set.</span> <span class='ocrx_word' id='word_1_490' title='bbox 486 4899 515 4933; x_wconf 79' lang='grc'>»</span> <span class='ocrx_word' id='word_1_491' title='bbox 554 4878 619 4937; x_wconf 91' lang='lat' dir='ltr'>In</span> <span class='ocrx_word' id='word_1_492' title='bbox 653 4876 880 4956; x_wconf 90' lang='lat' dir='ltr'>quibus</span> <span class='ocrx_word' id='word_1_493' title='bbox 909 4878 1115 4938; x_wconf 82' lang='lat' dir='ltr'>verbis</span> <span class='ocrx_word' id='word_1_494' title='bbox 1144 4879 1428 4939; x_wconf 84' lang='lat' dir='ltr'>Pontifex</span> <span class='ocrx_word' id='word_1_495' title='bbox 1457 4879 1734 4959; x_wconf 87' lang='lat' dir='ltr'>loquitur</span> <span class='ocrx_word' id='word_1_496' title='bbox 1761 4880 1873 4940; x_wconf 91' lang='lat' dir='ltr'>im-</span> 
     </span>
     <span class='ocr_line' id='line_1_75' title="bbox 327 4969 1876 5050; baseline 0.003 -21"><span class='ocrx_word' id='word_1_497' title='bbox 327 4969 556 5050; x_wconf 88' lang='lat' dir='ltr'>primis</span> <span class='ocrx_word' id='word_1_498' title='bbox 599 4969 678 5028; x_wconf 89' lang='lat' dir='ltr'>de</span> <span class='ocrx_word' id='word_1_499' title='bbox 706 4969 853 5029; x_wconf 90' lang='lat' dir='ltr'>solis</span> <span class='ocrx_word' id='word_1_500' title='bbox 882 4971 1173 5031; x_wconf 87' lang='lat' dir='ltr'>censibus</span> <span class='ocrx_word' id='word_1_501' title='bbox 1216 4970 1279 5030; x_wconf 92' lang='lat' dir='ltr'>in</span> <span class='ocrx_word' id='word_1_502' title='bbox 1306 4976 1625 5050; x_wconf 87' lang='lat' dir='ltr'>posterum</span> <span class='ocrx_word' id='word_1_503' title='bbox 1655 4991 1876 5033; x_wconf 89' lang='lat' dir='ltr'>crean-</span> 
     </span>
     <span class='ocr_line' id='line_1_76' title="bbox 330 5062 1874 5144; baseline 0.003 -23"><span class='ocrx_word' id='word_1_504' title='bbox 330 5062 471 5136; x_wconf 83' lang='lat' dir='ltr'>dis,</span> <span class='ocrx_word' id='word_1_505' title='bbox 504 5065 574 5121; x_wconf 90' lang='lat' dir='ltr'>ut</span> <span class='ocrx_word' id='word_1_506' title='bbox 600 5065 843 5122; x_wconf 87' lang='lat' dir='ltr'>constat</span> <span class='ocrx_word' id='word_1_507' title='bbox 872 5081 947 5121; x_wconf 87' lang='lat' dir='ltr'>ex</span> <span class='ocrx_word' id='word_1_508' title='bbox 974 5062 1168 5124; x_wconf 80' lang='lat' dir='ltr'>clauS.</span> <span class='ocrx_word' id='word_1_509' title='bbox 1204 5064 1474 5142; x_wconf 65' lang='lat' dir='ltr'>praeced.</span> <span class='ocrx_word' id='word_1_510' title='bbox 1523 5083 1662 5144; x_wconf 61' lang='lat' dir='ltr'>quac</span> <span class='ocrx_word' id='word_1_511' title='bbox 1703 5083 1874 5126; x_wconf 91' lang='lat' dir='ltr'>eam-</span> 
     </span>
     <span class='ocr_line' id='line_1_77' title="bbox 330 5154 1877 5232; baseline 0.002 -16"><span class='ocrx_word' id='word_1_512' title='bbox 330 5155 487 5216; x_wconf 90' lang='lat' dir='ltr'>dem</span> <span class='ocrx_word' id='word_1_513' title='bbox 533 5154 795 5232; x_wconf 85' lang='lat' dir='ltr'>periodo</span> <span class='ocrx_word' id='word_1_514' title='bbox 842 5157 1235 5217; x_wconf 92' lang='lat' dir='ltr'>connectitur</span> <span class='ocrx_word' id='word_1_515' title='bbox 1278 5157 1343 5216; x_wconf 90' lang='lat' dir='ltr'>in</span> <span class='ocrx_word' id='word_1_516' title='bbox 1379 5158 1543 5218; x_wconf 88' lang='lat' dir='ltr'>bulla</span> <span class='ocrx_word' id='word_1_517' title='bbox 1594 5177 1737 5218; x_wconf 93' lang='lat' dir='ltr'>cum</span> <span class='ocrx_word' id='word_1_518' title='bbox 1780 5159 1877 5220; x_wconf 90' lang='lat' dir='ltr'>his</span> 
     </span>
     <span class='ocr_line' id='line_1_78' title="bbox 334 5247 1881 5329; baseline 0.002 -20"><span class='ocrx_word' id='word_1_519' title='bbox 334 5247 500 5309; x_wconf 79' lang='lat' dir='ltr'>aliis.</span> <span class='ocrx_word' id='word_1_520' title='bbox 536 5247 687 5307; x_wconf 85' lang='lat' dir='ltr'>Vult</span> <span class='ocrx_word' id='word_1_521' title='bbox 715 5251 924 5307; x_wconf 85' lang='lat' dir='ltr'>autem</span> <span class='ocrx_word' id='word_1_522' title='bbox 948 5293 964 5324; x_wconf 91' lang='lat'>,</span> <span class='ocrx_word' id='word_1_523' title='bbox 1016 5248 1185 5328; x_wconf 91' lang='lat' dir='ltr'>quod</span> <span class='ocrx_word' id='word_1_524' title='bbox 1230 5249 1428 5329; x_wconf 88' lang='lat' dir='ltr'>possit</span> <span class='ocrx_word' id='word_1_525' title='bbox 1455 5269 1704 5329; x_wconf 88' lang='lat' dir='ltr'>semper</span> <span class='ocrx_word' id='word_1_526' title='bbox 1732 5269 1881 5312; x_wconf 90' lang='lat' dir='ltr'>cen-</span> 
     </span>
     <span class='ocr_line' id='line_1_79' title="bbox 329 5338 1879 5423; baseline 0.003 -22"><span class='ocrx_word' id='word_1_527' title='bbox 329 5358 449 5401; x_wconf 88' lang='lat' dir='ltr'>sus</span> <span class='ocrx_word' id='word_1_528' title='bbox 477 5338 707 5399; x_wconf 90' lang='lat' dir='ltr'>eodem</span> <span class='ocrx_word' id='word_1_529' title='bbox 737 5339 936 5418; x_wconf 82' lang='lat' dir='ltr'>pretio</span> <span class='ocrx_word' id='word_1_530' title='bbox 965 5340 1213 5416; x_wconf 88' lang='lat' dir='ltr'>redimi,</span> <span class='ocrx_word' id='word_1_531' title='bbox 1248 5360 1374 5403; x_wconf 90' lang='lat' dir='ltr'>non</span> <span class='ocrx_word' id='word_1_532' title='bbox 1405 5343 1693 5405; x_wconf 89' lang='lat' dir='ltr'>obstante</span> <span class='ocrx_word' id='word_1_533' title='bbox 1722 5363 1879 5423; x_wconf 89' lang='lat' dir='ltr'>qua-</span> 
     </span>
     <span class='ocr_line' id='line_1_80' title="bbox 328 5431 1879 5513; baseline 0.003 -20"><span class='ocrx_word' id='word_1_534' title='bbox 328 5432 495 5494; x_wconf 88' lang='lat' dir='ltr'>libet</span> <span class='ocrx_word' id='word_1_535' title='bbox 531 5431 1004 5510; x_wconf 85' lang='lat' dir='ltr'>praescriptione</span> <span class='ocrx_word' id='word_1_536' title='bbox 1032 5438 1143 5495; x_wconf 91' lang='lat' dir='ltr'>aut</span> <span class='ocrx_word' id='word_1_537' title='bbox 1179 5436 1364 5513; x_wconf 89' lang='lat' dir='ltr'>pacto</span> <span class='ocrx_word' id='word_1_538' title='bbox 1401 5436 1738 5497; x_wconf 89' lang='lat' dir='ltr'>contrario.</span> <span class='ocrx_word' id='word_1_539' title='bbox 1786 5436 1879 5497; x_wconf 88' lang='lat' dir='ltr'>Ita</span> 
     </span>
     <span class='ocr_line' id='line_1_81' title="bbox 329 5521 1875 5606; baseline 0 -18"><span class='ocrx_word' id='word_1_540' title='bbox 329 5530 593 5600; x_wconf 83' lang='lat' dir='ltr'>tamen,</span> <span class='ocrx_word' id='word_1_541' title='bbox 625 5526 699 5584; x_wconf 84' lang='lat' dir='ltr'>ut</span> <span class='ocrx_word' id='word_1_542' title='bbox 725 5521 968 5587; x_wconf 87' lang='lat' dir='ltr'>debitor</span> <span class='ocrx_word' id='word_1_543' title='bbox 995 5524 1494 5606; x_wconf 88' lang='lat' dir='ltr'>redemptionem</span> <span class='ocrx_word' id='word_1_544' title='bbox 1522 5527 1875 5589; x_wconf 86' lang='lat' dir='ltr'>faciendam</span> 
     </span>
    </p>
   </div>
   <div class='ocr_carea' id='block_1_17' title="bbox 1959 3580 3844 3659">
    <p class='ocr_par' dir='ltr' id='par_1_18' title="bbox 1959 3580 3844 3659">
     <span class='ocr_line' id='line_1_82' title="bbox 1959 3580 3844 3659; baseline -0.002 -17"><span class='ocrx_word' id='word_1_545' title='bbox 1959 3582 2194 3642; x_wconf 85' lang='lat' dir='ltr'>habent</span> <span class='ocrx_word' id='word_1_546' title='bbox 2237 3600 2459 3641; x_wconf 87' lang='lat' dir='ltr'>census</span> <span class='ocrx_word' id='word_1_547' title='bbox 2507 3580 2584 3642; x_wconf 92' lang='lat' dir='ltr'>de</span> <span class='ocrx_word' id='word_1_548' title='bbox 2631 3581 3193 3658; x_wconf 86' lang='lat' dir='ltr'>irredimibilitate,</span> <span class='ocrx_word' id='word_1_549' title='bbox 3248 3599 3321 3642; x_wconf 93' lang='lat' dir='ltr'>eo</span> <span class='ocrx_word' id='word_1_550' title='bbox 3359 3581 3498 3659; x_wconf 88' lang='lat' dir='ltr'>plus</span> <span class='ocrx_word' id='word_1_551' title='bbox 3542 3592 3636 3647; x_wconf 70' lang='lat' dir='ltr'>iure</span> <span class='ocrx_word' id='word_1_552' title='bbox 3668 3595 3844 3635; x_wconf 75' lang='lat' dir='ltr'>natur·-</span> 
     </span>
    </p>
   </div>
   <div class='ocr_carea' id='block_1_18' title="bbox 1956 3673 3520 5609">
    <p class='ocr_par' dir='ltr' id='par_1_19' title="bbox 1956 3673 3503 4401">
     <span class='ocr_line' id='line_1_83' title="bbox 1956 3673 3499 3753; baseline -0.001 -19"><span class='ocrx_word' id='word_1_553' title='bbox 1956 3675 2188 3747; x_wconf 78' lang='lat' dir='ltr'>valent,</span> <span class='ocrx_word' id='word_1_554' title='bbox 2224 3678 2285 3734; x_wconf 89' lang='lat' dir='ltr'>et</span> <span class='ocrx_word' id='word_1_555' title='bbox 2311 3674 2453 3734; x_wconf 88' lang='lat' dir='ltr'>ideo</span> <span class='ocrx_word' id='word_1_556' title='bbox 2483 3674 2746 3735; x_wconf 78' lang='lat' dir='ltr'>fortasse</span> <span class='ocrx_word' id='word_1_557' title='bbox 2771 3679 2957 3753; x_wconf 88' lang='lat' dir='ltr'>pacta</span> <span class='ocrx_word' id='word_1_558' title='bbox 2985 3674 3090 3735; x_wconf 90' lang='lat' dir='ltr'>illa</span> <span class='ocrx_word' id='word_1_559' title='bbox 3117 3693 3154 3734; x_wconf 88' lang='lat' dir='ltr'>a</span> <span class='ocrx_word' id='word_1_560' title='bbox 3178 3673 3499 3753; x_wconf 87' lang='lat' dir='ltr'>judicibus</span> 
     </span>
     <span class='ocr_line' id='line_1_84' title="bbox 1959 3765 3498 3846; baseline -0.001 -19"><span class='ocrx_word' id='word_1_561' title='bbox 1959 3767 2295 3846; x_wconf 82' lang='lat' dir='ltr'>reprobata</span> <span class='ocrx_word' id='word_1_562' title='bbox 2350 3766 2635 3842; x_wconf 86' lang='lat' dir='ltr'>fuerunt,</span> <span class='ocrx_word' id='word_1_563' title='bbox 2696 3768 2844 3846; x_wconf 90' lang='lat' dir='ltr'>quia</span> <span class='ocrx_word' id='word_1_564' title='bbox 2899 3785 3123 3827; x_wconf 89' lang='lat' dir='ltr'>census</span> <span class='ocrx_word' id='word_1_565' title='bbox 3179 3765 3498 3827; x_wconf 89' lang='lat' dir='ltr'>communi</span> 
     </span>
     <span class='ocr_line' id='line_1_85' title="bbox 1960 3858 3497 3938; baseline -0.002 -18"><span class='ocrx_word' id='word_1_566' title='bbox 1960 3859 2160 3938; x_wconf 82' lang='lat' dir='ltr'>pretio</span> <span class='ocrx_word' id='word_1_567' title='bbox 2190 3859 2381 3937; x_wconf 87' lang='lat' dir='ltr'>empti</span> <span class='ocrx_word' id='word_1_568' title='bbox 2411 3859 2678 3934; x_wconf 89' lang='lat' dir='ltr'>fuerant,</span> <span class='ocrx_word' id='word_1_569' title='bbox 2716 3876 2838 3937; x_wconf 95' lang='lat' dir='ltr'>quo</span> <span class='ocrx_word' id='word_1_570' title='bbox 2870 3858 2973 3918; x_wconf 91' lang='lat' dir='ltr'>alii</span> <span class='ocrx_word' id='word_1_571' title='bbox 3004 3877 3228 3919; x_wconf 88' lang='lat' dir='ltr'>census</span> <span class='ocrx_word' id='word_1_572' title='bbox 3257 3858 3497 3936; x_wconf 87' lang='lat' dir='ltr'>simpli-</span> 
     </span>
     <span class='ocr_line' id='line_1_86' title="bbox 1962 3950 3496 4025; baseline -0.001 -13"><span class='ocrx_word' id='word_1_573' title='bbox 1962 3952 2118 4013; x_wconf 88' lang='lat' dir='ltr'>citer</span> <span class='ocrx_word' id='word_1_574' title='bbox 2146 3950 2552 4012; x_wconf 69' lang='lat' dir='ltr'>redimibiles..</span> <span class='ocrx_word' id='word_1_575' title='bbox 2576 3952 2669 4011; x_wconf 82' lang='lat' dir='ltr'>Ita</span> <span class='ocrx_word' id='word_1_576' title='bbox 2689 3951 2921 4011; x_wconf 88' lang='lat' dir='ltr'>docent</span> <span class='ocrx_word' id='word_1_577' title='bbox 2934 3950 3202 4012; x_wconf 89' lang='lat' dir='ltr'>Conrad.</span> <span class='ocrx_word' id='word_1_578' title='bbox 3222 3950 3496 4025; x_wconf 89' lang='lat' dir='ltr'>Medina,</span> 
     </span>
     <span class='ocr_line' id='line_1_87' title="bbox 1962 4042 3496 4124; baseline -0.001 -17"><span class='ocrx_word' id='word_1_579' title='bbox 1962 4049 2026 4107; x_wconf 89' lang='lat' dir='ltr'>et</span> <span class='ocrx_word' id='word_1_580' title='bbox 2054 4047 2262 4118; x_wconf 90' lang='lat' dir='ltr'>Sotus,</span> <span class='ocrx_word' id='word_1_581' title='bbox 2297 4062 2453 4124; x_wconf 91' lang='lat' dir='ltr'>quos</span> <span class='ocrx_word' id='word_1_582' title='bbox 2482 4045 2664 4104; x_wconf 78' lang='lat' dir='ltr'>affert</span> <span class='ocrx_word' id='word_1_583' title='bbox 2693 4048 2756 4104; x_wconf 89' lang='lat' dir='ltr'>et</span> <span class='ocrx_word' id='word_1_584' title='bbox 2781 4043 3064 4122; x_wconf 85' lang='lat' dir='ltr'>sequitur</span> <span class='ocrx_word' id='word_1_585' title='bbox 3082 4042 3313 4105; x_wconf 87' lang='lat' dir='ltr'>Molina</span> <span class='ocrx_word' id='word_1_586' title='bbox 3335 4043 3496 4124; x_wconf 90' lang='lat' dir='ltr'>disp.</span> 
     </span>
     <span class='ocr_line' id='line_1_88' title="bbox 1962 4135 3503 4211; baseline -0.003 -11"><span class='ocrx_word' id='word_1_587' title='bbox 1962 4141 2099 4200; x_wconf 83' lang='grc'><strong>391.</strong></span> <span class='ocrx_word' id='word_1_588' title='bbox 2136 4157 2200 4198; x_wconf 91' lang='lat' dir='ltr'>n.</span> <span class='ocrx_word' id='word_1_589' title='bbox 2232 4141 2291 4198; x_wconf 88' lang='lat'>6.</span> <span class='ocrx_word' id='word_1_590' title='bbox 2325 4139 2496 4197; x_wconf 79' lang='lat' dir='ltr'>Less,</span> <span class='ocrx_word' id='word_1_591' title='bbox 2530 4135 2681 4197; x_wconf 91' lang='lat' dir='ltr'>dub.</span> <span class='ocrx_word' id='word_1_592' title='bbox 2708 4153 2792 4197; x_wconf 77' lang='lat' dir='ltr'>lx.</span> <span class='ocrx_word' id='word_1_593' title='bbox 2814 4136 3002 4197; x_wconf 86' lang='lat' dir='ltr'>Gabr.</span> <span class='ocrx_word' id='word_1_594' title='bbox 3028 4136 3320 4211; x_wconf 77' lang='lat' dir='ltr'>PalatioS,</span> <span class='ocrx_word' id='word_1_595' title='bbox 3349 4137 3503 4198; x_wconf 80' lang='lat' dir='ltr'>Ara-</span> 
     </span>
     <span class='ocr_line' id='line_1_89' title="bbox 1963 4228 3503 4309; baseline -0.002 -17"><span class='ocrx_word' id='word_1_596' title='bbox 1963 4249 2111 4309; x_wconf 90' lang='lat' dir='ltr'>gon.</span> <span class='ocrx_word' id='word_1_597' title='bbox 2148 4234 2210 4292; x_wconf 89' lang='lat' dir='ltr'>et</span> <span class='ocrx_word' id='word_1_598' title='bbox 2237 4229 2338 4289; x_wconf 88' lang='lat' dir='ltr'>alii</span> <span class='ocrx_word' id='word_1_599' title='bbox 2371 4247 2528 4309; x_wconf 91' lang='lat' dir='ltr'>quos</span> <span class='ocrx_word' id='word_1_600' title='bbox 2555 4229 2740 4291; x_wconf 83' lang='lat' dir='ltr'>affert</span> <span class='ocrx_word' id='word_1_601' title='bbox 2767 4233 2830 4291; x_wconf 91' lang='lat' dir='ltr'>et</span> <span class='ocrx_word' id='word_1_602' title='bbox 2875 4229 3159 4309; x_wconf 87' lang='lat' dir='ltr'>sequitur</span> <span class='ocrx_word' id='word_1_603' title='bbox 3189 4230 3366 4292; x_wconf 87' lang='lat' dir='ltr'>Salas</span> <span class='ocrx_word' id='word_1_604' title='bbox 3395 4228 3503 4290; x_wconf 90' lang='lat' dir='ltr'>ubi</span> 
     </span>
     <span class='ocr_line' id='line_1_90' title="bbox 1965 4325 2333 4401; baseline -0.003 -18"><span class='ocrx_word' id='word_1_605' title='bbox 1965 4341 2158 4401; x_wconf 89' lang='lat' dir='ltr'>supra</span> <span class='ocrx_word' id='word_1_606' title='bbox 2186 4341 2248 4383; x_wconf 92' lang='lat' dir='ltr'>n.</span> <span class='ocrx_word' id='word_1_607' title='bbox 2274 4325 2333 4383; x_wconf 78' lang='lat'>2.</span> 
     </span>
    </p>

    <p class='ocr_par' dir='ltr' id='par_1_20' title="bbox 1966 4413 3510 4940">
     <span class='ocr_line' id='line_1_91' title="bbox 2045 4413 3505 4493; baseline -0.001 -16"><span class='ocrx_word' id='word_1_608' title='bbox 2045 4415 2355 4477; x_wconf 83' lang='lat' dir='ltr'>Probatur</span> <span class='ocrx_word' id='word_1_609' title='bbox 2410 4413 2614 4493; x_wconf 88' lang='lat' dir='ltr'>primo</span> <span class='ocrx_word' id='word_1_610' title='bbox 2641 4460 2657 4490; x_wconf 91' lang='lat'>,</span> <span class='ocrx_word' id='word_1_611' title='bbox 2723 4413 2872 4493; x_wconf 90' lang='lat' dir='ltr'>quia</span> <span class='ocrx_word' id='word_1_612' title='bbox 2924 4413 3002 4474; x_wconf 92' lang='lat' dir='ltr'>de</span> <span class='ocrx_word' id='word_1_613' title='bbox 3063 4417 3208 4493; x_wconf 85' lang='lat' dir='ltr'>jure</span> <span class='ocrx_word' id='word_1_614' title='bbox 3264 4419 3505 4476; x_wconf 80' lang='lat' dir='ltr'>naturae</span> 
     </span>
     <span class='ocr_line' id='line_1_92' title="bbox 1966 4506 3504 4571; baseline -0.002 0"><span class='ocrx_word' id='word_1_615' title='bbox 1966 4510 2172 4571; x_wconf 89' lang='lat' dir='ltr'>licitus</span> <span class='ocrx_word' id='word_1_616' title='bbox 2214 4512 2308 4568; x_wconf 87' lang='lat' dir='ltr'>est</span> <span class='ocrx_word' id='word_1_617' title='bbox 2344 4526 2567 4568; x_wconf 87' lang='lat' dir='ltr'>census</span> <span class='ocrx_word' id='word_1_618' title='bbox 2606 4507 2861 4568; x_wconf 91' lang='lat' dir='ltr'>omnino</span> <span class='ocrx_word' id='word_1_619' title='bbox 2900 4506 3324 4568; x_wconf 88' lang='lat' dir='ltr'>irredimibilis</span> <span class='ocrx_word' id='word_1_620' title='bbox 3357 4528 3371 4570; x_wconf 76' lang='grc' dir='ltr'><strong><em>ε</em></strong></span> <span class='ocrx_word' id='word_1_621' title='bbox 3405 4527 3504 4569; x_wconf 89' lang='lat' dir='ltr'>er-</span> 
     </span>
     <span class='ocr_line' id='line_1_93' title="bbox 1968 4599 3510 4680; baseline -0.001 -18"><span class='ocrx_word' id='word_1_622' title='bbox 1968 4619 2049 4680; x_wconf 89' lang='lat' dir='ltr'>go</span> <span class='ocrx_word' id='word_1_623' title='bbox 2098 4619 2136 4660; x_wconf 90' lang='lat' dir='ltr'>a</span> <span class='ocrx_word' id='word_1_624' title='bbox 2173 4599 2416 4661; x_wconf 86' lang='lat' dir='ltr'>fortiori</span> <span class='ocrx_word' id='word_1_625' title='bbox 2462 4599 2667 4660; x_wconf 90' lang='lat' dir='ltr'>licitus</span> <span class='ocrx_word' id='word_1_626' title='bbox 2721 4600 2841 4660; x_wconf 88' lang='lat' dir='ltr'>erit</span> <span class='ocrx_word' id='word_1_627' title='bbox 2894 4618 3037 4661; x_wconf 91' lang='lat' dir='ltr'>cum</span> <span class='ocrx_word' id='word_1_628' title='bbox 3094 4600 3305 4680; x_wconf 87' lang='lat' dir='ltr'>aliqua</span> <span class='ocrx_word' id='word_1_629' title='bbox 3354 4600 3510 4661; x_wconf 84' lang='lat' dir='ltr'>irre-</span> 
     </span>
     <span class='ocr_line' id='line_1_94' title="bbox 1970 4691 3503 4771; baseline 0.001 -17"><span class='ocrx_word' id='word_1_630' title='bbox 1970 4693 2370 4755; x_wconf 87' lang='lat' dir='ltr'>dimibilitate</span> <span class='ocrx_word' id='word_1_631' title='bbox 2423 4692 2691 4754; x_wconf 90' lang='lat' dir='ltr'>limitata</span> <span class='ocrx_word' id='word_1_632' title='bbox 2747 4691 2955 4770; x_wconf 89' lang='lat' dir='ltr'>quoad</span> <span class='ocrx_word' id='word_1_633' title='bbox 3011 4697 3262 4771; x_wconf 89' lang='lat' dir='ltr'>tempus</span> <span class='ocrx_word' id='word_1_634' title='bbox 3284 4739 3301 4770; x_wconf 93' lang='lat'>,</span> <span class='ocrx_word' id='word_1_635' title='bbox 3361 4711 3503 4756; x_wconf 86' lang='lat' dir='ltr'>cum</span> 
     </span>
     <span class='ocr_line' id='line_1_95' title="bbox 1971 4783 3510 4848; baseline -0.001 -1"><span class='ocrx_word' id='word_1_636' title='bbox 1971 4787 2107 4847; x_wconf 81' lang='lat' dir='ltr'>haec</span> <span class='ocrx_word' id='word_1_637' title='bbox 2136 4786 2346 4846; x_wconf 89' lang='lat' dir='ltr'>minus</span> <span class='ocrx_word' id='word_1_638' title='bbox 2376 4785 2621 4845; x_wconf 85' lang='lat' dir='ltr'>auferat</span> <span class='ocrx_word' id='word_1_639' title='bbox 2647 4783 2916 4846; x_wconf 90' lang='lat' dir='ltr'>debitori</span> <span class='ocrx_word' id='word_1_640' title='bbox 2951 4784 3312 4848; x_wconf 87' lang='lat' dir='ltr'>facultatem</span> <span class='ocrx_word' id='word_1_641' title='bbox 3343 4786 3510 4846; x_wconf 88' lang='lat' dir='ltr'>redi-</span> 
     </span>
     <span class='ocr_line' id='line_1_96' title="bbox 1971 4878 2208 4940; baseline 0.004 -2"><span class='ocrx_word' id='word_1_642' title='bbox 1971 4878 2208 4940; x_wconf 90' lang='lat' dir='ltr'>mendi.</span> 
     </span>
    </p>

    <p class='ocr_par' dir='ltr' id='par_1_21' title="bbox 1974 4970 3520 5609">
     <span class='ocr_line' id='line_1_97' title="bbox 2056 4970 3513 5050; baseline -0.001 -18"><span class='ocrx_word' id='word_1_643' title='bbox 2056 4971 2345 5033; x_wconf 91' lang='lat' dir='ltr'>Secundo</span> <span class='ocrx_word' id='word_1_644' title='bbox 2376 4970 2699 5050; x_wconf 80' lang='lat' dir='ltr'>probatur,</span> <span class='ocrx_word' id='word_1_645' title='bbox 2750 4971 2897 5050; x_wconf 88' lang='lat' dir='ltr'>quia</span> <span class='ocrx_word' id='word_1_646' title='bbox 2936 4971 3000 5030; x_wconf 91' lang='lat' dir='ltr'>in</span> <span class='ocrx_word' id='word_1_647' title='bbox 3044 4971 3359 5049; x_wconf 86' lang='lat' dir='ltr'>emptione</span> <span class='ocrx_word' id='word_1_648' title='bbox 3399 4970 3513 5031; x_wconf 89' lang='lat' dir='ltr'>do-</span> 
     </span>
     <span class='ocr_line' id='line_1_98' title="bbox 1974 5062 3505 5137; baseline -0.001 -12"><span class='ocrx_word' id='word_1_649' title='bbox 1974 5084 2114 5125; x_wconf 91' lang='lat' dir='ltr'>mus</span> <span class='ocrx_word' id='word_1_650' title='bbox 2135 5064 2304 5126; x_wconf 85' lang='lat' dir='ltr'>licita</span> <span class='ocrx_word' id='word_1_651' title='bbox 2334 5069 2428 5126; x_wconf 90' lang='lat' dir='ltr'>est</span> <span class='ocrx_word' id='word_1_652' title='bbox 2473 5064 2616 5125; x_wconf 88' lang='lat' dir='ltr'>talis</span> <span class='ocrx_word' id='word_1_653' title='bbox 2658 5063 3152 5123; x_wconf 85' lang='lat' dir='ltr'>irredimibilitas</span> <span class='ocrx_word' id='word_1_654' title='bbox 3195 5062 3505 5137; x_wconf 79' lang='lat' dir='ltr'>limitata3</span> 
     </span>
     <span class='ocr_line' id='line_1_99' title="bbox 1976 5155 3514 5236; baseline -0.002 -18"><span class='ocrx_word' id='word_1_655' title='bbox 1976 5176 2124 5236; x_wconf 90' lang='lat' dir='ltr'>ergo</span> <span class='ocrx_word' id='word_1_656' title='bbox 2156 5161 2218 5218; x_wconf 90' lang='lat' dir='ltr'>et</span> <span class='ocrx_word' id='word_1_657' title='bbox 2244 5156 2305 5216; x_wconf 91' lang='lat' dir='ltr'>in</span> <span class='ocrx_word' id='word_1_658' title='bbox 2337 5157 2653 5235; x_wconf 89' lang='lat' dir='ltr'>emptione</span> <span class='ocrx_word' id='word_1_659' title='bbox 2683 5174 2927 5216; x_wconf 78' lang='lat' dir='ltr'>censuS.</span> <span class='ocrx_word' id='word_1_660' title='bbox 2949 5155 3346 5216; x_wconf 83' lang='lat' dir='ltr'>Antecedens</span> <span class='ocrx_word' id='word_1_661' title='bbox 3367 5173 3514 5217; x_wconf 88' lang='lat' dir='ltr'>con·</span> 
     </span>
     <span class='ocr_line' id='line_1_100' title="bbox 1976 5247 3515 5325; baseline -0.002 -13"><span class='ocrx_word' id='word_1_662' title='bbox 1976 5255 2100 5312; x_wconf 81' lang='lat' dir='ltr'>stat</span> <span class='ocrx_word' id='word_1_663' title='bbox 2126 5269 2182 5313; x_wconf 91' lang='lat' dir='ltr'>c.</span> <span class='ocrx_word' id='word_1_664' title='bbox 2215 5267 2359 5311; x_wconf 87' lang='lat' dir='ltr'>xxv.</span> <span class='ocrx_word' id='word_1_665' title='bbox 2393 5249 2583 5325; x_wconf 78' lang='lat' dir='ltr'>Levit,</span> <span class='ocrx_word' id='word_1_666' title='bbox 2616 5248 2724 5309; x_wconf 88' lang='lat' dir='ltr'>ubi</span> <span class='ocrx_word' id='word_1_667' title='bbox 2765 5249 2853 5309; x_wconf 88' lang='lat' dir='ltr'>sic</span> <span class='ocrx_word' id='word_1_668' title='bbox 2883 5247 3130 5311; x_wconf 90' lang='lat' dir='ltr'>dicitur.</span> <span class='ocrx_word' id='word_1_669' title='bbox 3179 5248 3295 5324; x_wconf 77' lang='lat' dir='ltr'>Qui</span> <span class='ocrx_word' id='word_1_670' title='bbox 3317 5248 3515 5309; x_wconf 76' lang='lat' dir='ltr'>vendi-</span> 
     </span>
     <span class='ocr_line' id='line_1_101' title="bbox 1978 5340 3517 5415; baseline 0.001 -12"><span class='ocrx_word' id='word_1_671' title='bbox 1978 5342 2129 5403; x_wconf 80' lang='lat' dir='ltr'>derit</span> <span class='ocrx_word' id='word_1_672' title='bbox 2157 5342 2387 5403; x_wconf 80' lang='lat' dir='ltr'>domum</span> <span class='ocrx_word' id='word_1_673' title='bbox 2416 5343 2575 5402; x_wconf 80' lang='lat' dir='ltr'>intra</span> <span class='ocrx_word' id='word_1_674' title='bbox 2603 5340 2763 5401; x_wconf 79' lang='lat' dir='ltr'>urbis</span> <span class='ocrx_word' id='word_1_675' title='bbox 2800 5360 3017 5415; x_wconf 79' lang='lat' dir='ltr'>muros,</span> <span class='ocrx_word' id='word_1_676' title='bbox 3070 5340 3297 5402; x_wconf 70' lang='lat' dir='ltr'>habebit</span> <span class='ocrx_word' id='word_1_677' title='bbox 3339 5341 3517 5404; x_wconf 81' lang='lat' dir='ltr'>licen·</span> 
     </span>
     <span class='ocr_line' id='line_1_102' title="bbox 1980 5433 3518 5515; baseline 0 -19"><span class='ocrx_word' id='word_1_678' title='bbox 1980 5436 2123 5496; x_wconf 79' lang='lat' dir='ltr'>tiam</span> <span class='ocrx_word' id='word_1_679' title='bbox 2149 5434 2497 5510; x_wconf 78' lang='lat' dir='ltr'>redimendi,</span> <span class='ocrx_word' id='word_1_680' title='bbox 2534 5434 2711 5495; x_wconf 84' lang='lat' dir='ltr'>donec</span> <span class='ocrx_word' id='word_1_681' title='bbox 2750 5453 2897 5495; x_wconf 76' lang='lat' dir='ltr'>unus</span> <span class='ocrx_word' id='word_1_682' title='bbox 2937 5433 3253 5515; x_wconf 81' lang='lat' dir='ltr'>impleatur</span> <span class='ocrx_word' id='word_1_683' title='bbox 3282 5454 3466 5497; x_wconf 73' lang='lat' dir='ltr'>annus</span> <span class='ocrx_word' id='word_1_684' title='bbox 3492 5455 3518 5511; x_wconf 93' lang='lat'>,·</span> 
     </span>
     <span class='ocr_line' id='line_1_103' title="bbox 1976 5527 3520 5609; baseline 0.001 -20"><span class='ocrx_word' id='word_1_685' title='bbox 1976 5530 2032 5590; x_wconf 77' lang='lat' dir='ltr'>si</span> <span class='ocrx_word' id='word_1_686' title='bbox 2053 5549 2166 5589; x_wconf 78' lang='lat' dir='ltr'>non</span> <span class='ocrx_word' id='word_1_687' title='bbox 2195 5527 2515 5605; x_wconf 67' lang='lat' dir='ltr'>rediment,</span> <span class='ocrx_word' id='word_1_688' title='bbox 2547 5536 2603 5588; x_wconf 88' lang='lat' dir='ltr'>et</span> <span class='ocrx_word' id='word_1_689' title='bbox 2629 5528 2775 5589; x_wconf 76' lang='lat' dir='ltr'>anni</span> <span class='ocrx_word' id='word_1_690' title='bbox 2810 5528 3063 5589; x_wconf 74' lang='lat' dir='ltr'>circulus</span> <span class='ocrx_word' id='word_1_691' title='bbox 3103 5529 3288 5609; x_wconf 79' lang='lat' dir='ltr'>fuerit</span> <span class='ocrx_word' id='word_1_692' title='bbox 3331 5529 3520 5590; x_wconf 78' lang='lat' dir='ltr'>evolu-</span> 
     </span>
    </p>
   </div>
  </div>
 </body>
</html>
