4263 6376
510 3998 616 4057 111

479 4124 599 4175 Quid.
633 4125 667 4167 si

439 4175 599 4219 deficiat
618 4178 710 4222 [inis

425 4231 723 4284 promissionis.

785 263 891 328 20·

787 441 1057 521 sumptio
1105 443 1301 504 staret
1345 458 1459 521 pro
1508 439 1909 520 obligatione.
1956 441 2162 518 Quare
2193 458 2320 500 non

785 540 988 614 potest
1006 536 1226 595 melior
1252 535 1471 612 regula
1501 537 1562 595 et
1589 532 1789 612 magis
1808 533 2175 594 universalis
2198 538 2319 593 tra·

786 628 872 706 di,
922 647 1111 708 quam
1141 645 1279 707 quae
1309 646 1385 687 ex
1435 627 1569 687 foro
1617 631 1870 687 externo
1917 625 2160 687 desumi
2203 643 2315 703 po-

783 723 905 782 test
935 742 948 781 :
984 721 1226 800 quoties
1257 720 1423 780 enim
1452 720 1515 778 in
1545 720 1679 780 foro
1723 725 1977 782 externo
2006 718 2317 779 sententia

780 814 1165 892 proferretur
1191 831 1303 891 pro
1336 812 1736 891 obligatione,
1772 817 1834 872 et
1860 830 2024 886 reus,
2060 830 2172 871 seu
2203 810 2315 870 de-

781 906 948 966 bitor
994 905 1540 980 condemnaretur,
1600 924 1724 964 non
1754 904 2036 965 obstante
2067 922 2315 982 posses-
2358 966 2372 979 ,

782 999 976 1075 sione,
1028 999 1198 1058 idem
1226 999 1289 1058 in
1319 998 1450 1058 foro
1481 997 1724 1058 interno
1757 997 2135 1058 servandum
2166 1002 2260 1058 est
2293 1016 2306 1056 :

781 1091 1031 1171 quando
1059 1110 1207 1153 vero
1255 1091 1500 1152 debitor
1527 1090 1588 1150 in
1619 1091 1752 1151 foro
1803 1094 2057 1151 externo
2105 1089 2310 1150 absol·

779 1189 1050 1261 veretur,
1101 1184 1270 1245 idem
1326 1183 1514 1245 etiam
1570 1183 1904 1243 dicendum
1935 1185 2028 1243 est
2055 1181 2118 1241 in
2175 1182 2309 1242 foro

778 1279 1195 1339 conscientiae.
1223 1281 1381 1339 Nam
1403 1276 1570 1356 quod
1597 1281 1808 1338 actore
1829 1294 1954 1336 non
1974 1277 2304 1354 probante.

775 1389 920 1432 reus
947 1372 1182 1433 absolvi
1214 1371 1462 1447 debeat,
1486 1373 1548 1431 et
1564 1369 1731 1448 quod
1754 1368 1948 1430 actori
1977 1387 2135 1429 onus
2163 1385 2311 1446 pro-

775 1464 969 1526 bandi
994 1464 1343 1539 incumbat,
1379 1462 1458 1521 de
1481 1461 1622 1541 jure
1670 1463 1908 1522 naturae
1940 1465 2034 1522 est
2066 1481 2079 1521 :
2114 1479 2309 1540 quare

775 1559 1018 1637 quoties
1050 1575 1205 1618 onus
1234 1555 1539 1635 probandi
1571 1553 1871 1615 creditori
1918 1554 2311 1614 incumberet

774 1649 837 1709 in
864 1651 998 1710 foro
1033 1655 1310 1720 extern0‚
1345 1652 1407 1708 et
1432 1647 1573 1707 ideo
1604 1646 1977 1725 probatione
2008 1646 2302 1706 deficien-

773 1745 856 1818 te,
891 1742 989 1801 vel
1018 1741 1500 1819 praesumptione
1531 1738 1885 1813 sufficienti,
1920 1757 2064 1798 reus
2094 1738 2302 1798 absol-

773 1840 1060 1910 veretur,
1120 1835 1290 1894 idem
1356 1832 1693 1893 dicendum
1737 1836 1831 1892 est
1860 1830 1920 1889 in
1967 1831 2100 1891 foro
2158 1849 2306 1891 con·

771 1928 1065 2004 scientiae,
1109 1927 1161 1988 si
1208 1926 1448 1987 eaedem
1476 1923 1956 1985 circumstantiae
1985 1922 2306 1983 invenian-

770 2025 890 2081 tur.
925 2023 1138 2099 Neque
1165 2020 1331 2080 enim
1359 2019 1453 2078 fas
1482 2022 1577 2079 est
1602 2018 1664 2077 in
1696 2016 1814 2094 hoc
1841 2019 2071 2095 puncto
2099 2016 2305 2076 forum

768 2113 1087 2174 internum
1115 2112 1195 2173 ab
1226 2115 1482 2172 externo
1526 2109 1876 2185 dissentire,
1912 2108 2163 2187 quando
2205 2108 2303 2190 ju-

769 2205 1002 2266 dicium
1032 2208 1356 2265 externum
1384 2204 1445 2262 in
1495 2202 1647 2262 falsa
1696 2202 1905 2280 aliqua
1954 2220 2303 2281 praesump-

767 2298 936 2359 tione
965 2315 1091 2357 non
1119 2296 1435 2372 fundatur,
1461 2294 1571 2356 sed
1592 2294 1864 2374 aequales
1886 2294 2141 2354 omnino
2164 2313 2301 2372 pro-

766 2391 1052 2452 bationes
1081 2390 1146 2449 in
1176 2394 1437 2467 utroque
1463 2388 1596 2448 foro
1627 2386 2044 2464 reperiuntur.
2072 2387 2161 2446 De
2183 2387 2302 2448 hoc

764 2488 975 2545 tamen
1005 2482 1370 2544 consulendi
1399 2486 1544 2541 sunt
1570 2479 1853 2559 praedicti
1880 2484 2170 2541 auctores
2192 2480 2302 2560 qui

767 2595 902 2637 rem
931 2596 1004 2637 ex
1034 2576 1313 2654 professo
1359 2577 1651 2649 tractant,
1688 2577 1760 2662 et·
1777 2571 1936 2632 bene
1966 2572 2302 2634 advertunt

767 2669 831 2729 id
860 2668 1220 2748 procedere,
1242 2666 1490 2747 quando
1522 2669 1616 2725 est
1640 2682 1886 2724 merum
1912 2664 2174 2725 dubium
2196 2684 2300 2725 ne-

765 2755 1067 2841 gativum,
1101 2778 1247 2821 nam
1273 2760 1323 2819 si
1354 2762 1516 2819 esset
1543 2757 1804 2818 dubium
1845 2756 2203 2835 positivum,
2239 2764 2301 2819 et

766 2855 1038 2916 rationes
1066 2852 1421 2932 probabiles
1459 2869 1572 2930 pro
1602 2855 1868 2930 utraque
1896 2855 2094 2928 parte,
2149 2854 2298 2912 tunc

766 2946 1091 3008 servandae
1145 2949 1353 3006 essent
1403 2944 1637 3022 regulae
1688 2960 1828 3021 quae
1880 2942 2301 3004 communiter

766 3039 997 3100 dantur
1048 3038 1214 3099 circa
1258 3036 1705 3097 conscientiam
1753 3034 2170 3112 probabilem,
2238 3040 2300 3096 ot

767 3132 1135 3213 regulariter
1162 3130 1409 3191 debitor
1436 3127 1732 3208 amplecti
1760 3130 1966 3206 potest
1985 3128 2299 3207 judicium

767 3226 1109 3306 probabile.
1170 3224 1523 3284 Advertunt
1567 3222 1778 3297 etiam,
1827 3222 2111 3299 regulam
2139 3240 2302 3301 prae-

766 3320 998 3380 dictam
1044 3318 1255 3378 locum
1285 3315 1519 3376 habere
1546 3314 1737 3375 etiam
1766 3314 2020 3394 quando
2051 3315 2299 3375 animus

767 3412 969 3491 magis
1025 3409 1373 3491 propendet
1402 3409 1466 3468 in
1498 3413 1741 3488 partem
1788 3408 2191 3484 contrariam,
2246 3408 2299 3468 si

767 3506 935 3567 enim
961 3504 1168 3566 adhue
1195 3522 1294 3563 res
1323 3505 1536 3563 manet
1584 3501 1796 3574 dubia,
1860 3518 1975 3560 nec
2005 3501 2086 3562 sit
2134 3501 2301 3580 judi-

767 3599 934 3660 cium
960 3596 1284 3677 probabile
1330 3594 1666 3673 positivum
1699 3611 1814 3672 pro
1847 3597 2026 3672 parte
2057 3598 2301 3655 contra-

767 3691 882 3768 ria,
899 3688 1235 3750 favendum
1252 3686 1728 3766 estpossessioni
1748 3691 1810 3746 et
1828 3686 2097 3747 libertati
2111 3704 2299 3764 quam

769 3783 1049 3864 possidet
1092 3780 1450 3860 promissor,
1501 3778 1616 3838 nisi
1654 3778 1869 3840 fortior
1895 3779 2300 3857 praesumptio

769 3877 850 3939 sit
884 3880 1101 3938 contra
1130 3875 1335 3952 ipsum
1366 3876 1435 3933 ιιι
1459 3871 1695 3932 dictum
1725 3875 1838 3931 est.

852 3968 1184 4030 Dubitatur
1209 3969 1404 4040 sext0,
1439 3968 1649 4025 utrum
1680 3962 2015 4023 deficiente
2044 3963 2191 4037 fine,
2216 3961 2301 4021 ad

775 4079 963 4142 quem
991 4056 1328 4139 promisisti
1357 4056 1455 4118 vel
1476 4056 1743 4132 donasti,
1776 4057 1977 4115 cesset
2004 4053 2299 4133 obligatio

771 4156 870 4216 vel
899 4150 1194 4214 donatio?
1234 4152 1321 4209 De
1363 4166 1486 4227 quo
1529 4149 1690 4209 ultra
1722 4147 1876 4208 alios
1906 4147 2036 4227 agit
2064 4148 2301 4208 Molina

773 4264 815 4310 1.
850 4251 1000 4308 tom.
1053 4244 1211 4323 disp.
1262 4246 1399 4303 208.
1448 4246 1511 4302 et
1539 4257 1606 4302 11.
1655 4245 1806 4302 tom.
1858 4241 2018 4318 disp.
2053 4243 2192 4302 286.
2240 4245 2302 4302 et

770 4342 940 4402 Less.
999 4338 1165 4398 dicto
1213 4354 1267 4396 c.
1301 4350 1480 4395 xvm.
1532 4333 1681 4394 dub.
1718 4335 1814 4394 16.
1874 4350 2019 4394 cum
2074 4333 2299 4413 quibus

768 4430 1247 4512 supponendum
1293 4432 1405 4501 est,
1466 4445 1591 4487 non
1626 4445 1761 4488 esse
1792 4426 1892 4488 hic
1941 4444 2297 4486 sermonem

769 4526 847 4586 de
876 4524 1208 4586 donatione
1238 4525 1347 4581 aut
1390 4519 1798 4599 promissione
1845 4518 2292 4594 conditionata,

768 4620 847 4679 de
877 4637 1002 4699 qua
1020 4616 1153 4696 jam
1198 4613 1483 4693 superius
1530 4611 1766 4672 dictum
1797 4616 1911 4688 est,
1963 4610 2069 4670 sed
2102 4611 2181 4671 de
2223 4630 2297 4671 ea

767 4730 907 4792 quae
934 4710 1007 4771 fit
1048 4708 1129 4769 ad
1156 4706 1429 4786 aliquem
1476 4704 1696 4781 finem,
1748 4704 1846 4764 vel
1894 4721 2037 4764 cum
2063 4703 2294 4783 aliquo

765 4804 955 4865 modo
984 4801 1195 4861 addito
1230 4802 1371 4877 :est
1398 4797 1562 4858 enim
1592 4792 1939 4857 differentia
1967 4795 2129 4855 inter
2150 4814 2299 4856 con-

767 4897 1068 4959 ditionem
1121 4897 1183 4954 et
1235 4891 1492 4952 modum
1513 4937 1528 4966 ,
1587 4889 1754 4969 quod
1807 4889 2084 4950 conditio
2143 4908 2298 4967 prae-

767 4990 990 5053 cedere
1042 4986 1264 5061 debet,
1326 4989 1388 5044 et
1435 4984 1585 5059 ideo,
1629 4983 1954 5060 suspendit
2007 4984 2297 5043 effectum

767 5079 1188 5161 dispositionis
1212 5123 1227 5153 ,
1285 5076 1485 5136 donec
1538 5074 1809 5134 conditio
1865 5078 2161 5154 ponatur,
2229 5079 2299 5138 ut

662 5178 671 5185 ’
770 5176 820 5238 si
864 5175 1037 5235 dicas
1061 5218 1076 5248 ,
1131 5170 1187 5231 si
1251 5167 1472 5228 veneris
1524 5167 1768 5227 Romam
1791 5213 1812 5241 ⁴.
1856 5166 2137 5246 promitto
2192 5167 2303 5228 tibi

768 5277 1032 5340 centum,
1093 5281 1216 5323 non
1272 5261 1439 5322 enim
1493 5259 1789 5338 obligaris
1822 5305 1837 5335 ,
1909 5258 2107 5319 donec
2151 5278 2295 5321 con·

768 5362 919 5423 ditio
962 5361 1276 5438 ponatur:
1310 5353 1535 5414 modus
1587 5371 1731 5413 vero
1799 5370 1922 5413 non
1971 5353 2297 5429 suspendit

767 5451 1262 5533 dispositionem,
1295 5444 1407 5508 sed
1436 5445 1573 5506 haec
1601 5444 1800 5519 valet;
1833 5448 2051 5523 postea
2081 5449 2292 5506 tamen

1942 257 2045 322 DE
2085 256 2442 325 JUSTITIA
2483 259 2584 324 ET
2625 261 2823 324 JURE

2419 443 2635 501 manet
2663 438 2960 519 obligatio
2989 438 3052 500 in
3082 439 3508 519 promissario,
3542 440 3643 502 vel
3692 441 3952 504 donata-

2414 533 2508 593 rio
2540 532 2920 611 adimplendi
2950 533 3229 609 modum,
3266 539 3335 594 ut
3363 534 3412 595 si
3444 534 3637 610 dicas,
3664 535 3950 616 promitto

2417 624 2544 700 tibi,
2578 624 2670 685 vel
2692 625 2764 685 do
2795 634 3041 701 centum,
3074 634 3140 685 ut
3169 625 3346 686 libros
3374 645 3547 703 emaS,
3584 629 3683 687 vel
3732 646 3798 688 ea
3829 627 3953 708 leqe

2415 726 2480 776 ut
2503 716 2754 779 studea&
2788 718 2921 791 Quo
2951 719 3296 797 supposito,
3333 720 3670 781 dicendum
3700 724 3815 796 est,
3836 721 3951 780 ali-

2401 804 2664 889 'quando
2723 811 3126 872 donationem
3178 813 3315 873 fieri
3368 812 3574 892 tacite,
3611 813 3707 874 vel
3759 814 3948 874 etiam

2413 921 2704 981 expresso
2734 905 2878 980 fine,
2925 906 3025 964 vel
3055 904 3277 980 modo;
3335 923 3458 965 non
3505 914 3716 966 tamen
3746 906 3836 967 ita
3881 912 3952 968 ut

2412 995 2773 1056 donatarius
2830 996 3142 1074 obligetur
3202 996 3280 1056 ad
3341 1015 3464 1057 nou
3522 999 3703 1059 aliter
3728 1045 3745 1070 ,
3835 999 3950 1059 do-

2411 1106 2562 1148 num
2590 1088 3093 1167 expendendum,
3129 1089 3247 1149 nisi
3276 1089 3357 1149 ad
3379 1101 3520 1150 eum
3551 1092 3760 1153 finem.
3822 1094 3920 1154 Un

2409 1179 2487 1240 de
2508 1181 2616 1259 qui
2644 1180 2892 1241 feminae
2925 1181 3159 1262 aliquid
3179 1182 3392 1258 donat,
3416 1187 3486 1245 ut
3514 1184 3646 1262 ejus
3665 1184 3946 1244 animum

2407 1272 2490 1333 ad
2525 1273 2737 1352 turpia
2784 1274 3039 1351 alliciat,
3093 1274 3335 1337 etiamsi
3367 1275 3507 1335 finis
3543 1276 3645 1336 ille
3697 1277 3948 1337 feminae

2405 1359 2492 1427 sit
2514 1371 2718 1444 notuS,
2761 1386 2885 1429 non
2913 1372 3126 1429 tamen
3175 1368 3414 1447 obligat
3459 1369 3839 1448 regulariter
3866 1370 3948 1431 ad

2405 1458 2791 1521 restituenda
2842 1460 2932 1522 sic
2985 1465 3242 1540 accepta
3287 1462 3620 1523 duficiente
3674 1462 3820 1540 fine,
3882 1469 3951 1526 ut

2405 1551 2717 1629 colligitur
2757 1571 2833 1612 ex
2874 1553 2995 1632 leg.
3031 1553 3110 1614 Si
3144 1554 3458 1635 repetendi,
3507 1556 3571 1616 C.
3632 1554 3703 1616 de
3746 1555 3947 1615 condi-

2405 1643 2558 1704 tione
2585 1644 2655 1704 ob
2705 1663 2936 1705 causam
2970 1662 2984 1707 z
3018 1637 3166 1724 qu'ia
3212 1646 3518 1727 ejusmodi
3551 1648 3717 1708 dona
3762 1649 3942 1710 abso-

2408 1737 2536 1797 lute
2565 1737 2700 1797 dari
2729 1738 2949 1814 solent,
3001 1739 3148 1800 licet
3194 1758 3337 1799 eum
3365 1757 3473 1818 spe
3522 1740 3843 1801 obtinendi
3871 1743 3947 1802 fi-

2404 1847 2548 1889 nem
2577 1830 2907 1906 intentum,
2969 1830 3101 1891 sine
3134 1851 3258 1910 qua
3307 1850 3415 1911 spe
3463 1851 3587 1893 non
3618 1832 3939 1912 darentur,

2404 1925 2474 1982 ut
2500 1922 2725 2000 probat
2752 1923 2984 1983 Molina
3034 1923 3200 1984 dicta
3241 1924 3400 2002 disp.
3435 1929 3573 1986 286.
3628 1927 3736 2005 qui
3782 1926 3943 1988 bene

2403 2014 2715 2090 observat,
2752 2014 2897 2076 licet
2923 2020 3142 2094 postea
3172 2016 3438 2078 donator
3467 2017 3684 2079 videns
3714 2038 3779 2079 se
3812 2020 3936 2079 fine

2401 2106 2788 2184 frustratum,
2849 2107 3019 2169 dicat
3061 2127 3127 2169 se
3160 2128 3282 2169 non
3332 2098 3577 2170 dedisse
3626 2111 3937 2189 absolute,

2402 2199 2513 2259 sed
2544 2199 2658 2259 sub
2688 2200 3044 2261 conditione
3067 2205 3129 2262 et
3154 2201 3555 2281 obligatione,
3590 2223 3712 2264 non
3742 2206 3939 2266 teneri

2400 2291 2697 2352 feminam
2741 2292 2821 2352 ad
2852 2294 3336 2370 restitutionem,
3400 2314 3516 2356 nec
3563 2297 3642 2356 ad
3695 2298 3757 2357 id
3808 2318 3944 2360 cre-

2401 2384 2700 2461 dendum,
2754 2385 2901 2463 quia
2955 2385 3327 2464 regulariter
3371 2386 3600 2448 dantur
3627 2389 3934 2468 absolute,

2401 2476 2517 2537 nisi
2547 2476 2716 2537 aliud
2762 2478 3167 2556 exprimatur.
3232 2479 3361 2539 Hoc
3409 2480 3597 2542 etiam
3621 2483 3809 2543 modo
3840 2483 3940 2543 in-

2399 2569 2753 2648 telligendae
2795 2574 2940 2631 sunt
2984 2571 3212 2651 aliquae
3259 2572 3648 2650 donationeS,
3712 2575 3972 2653 quibus·

2399 2662 2771 2722 urbanitatis
2800 2663 2898 2723 vel
2927 2663 3252 2725 modestiae
3280 2666 3484 2743 gratia
3515 2668 3746 2745 apponi
3777 2669 3938 2730 solet

2399 2754 2623 2814 modus
2652 2754 2873 2834 aliquis
2899 2775 2936 2816 a
2975 2756 3269 2833 donante,
3321 2776 3381 2818 v.
3417 2777 3511 2837 gr.
3559 2759 3612 2819 si
3653 2760 3716 2820 in
3763 2761 3937 2823 festis

2400 2847 2693 2908 natalitiis
2714 2847 2921 2909 mittat
2937 2849 3138 2911 amico
3156 2850 3422 2911 vitulum
3445 2852 3543 2911 vel
3576 2855 3932 2932 pecuniam,

2399 2944 2470 3000 ut
2496 2958 2639 3000 cum
2669 2959 2783 3001 sua
2811 2942 3047 3002 familia
3075 2943 3356 3004 hilariter
3384 2944 3604 3006 diebus
3633 2946 3752 3006 illis
3783 2967 3936 3027 epu-

2397 3033 2559 3093 letur
2592 3053 2605 3093 :
2641 3052 2762 3094 non
2781 3039 2875 3096 est
2890 3035 3057 3095 enim
3080 3036 3323 3097 animus
3341 3037 3621 3116 obligare
3650 3040 3731 3100 ad
3760 3041 3935 3101 illum

2399 3144 2604 3203 usum,
2650 3127 2760 3186 sed
2789 3131 3160 3207 praetextum
3201 3129 3378 3190 illum
3422 3129 3697 3193 donandi
3729 3135 3929 3212 affert,

2389 3219 2561 3280 'sicut
2606 3225 2667 3281 et
2705 3222 2957 3301 quando
2990 3222 3197 3300 pueris
3224 3223 3418 3284 donat
3458 3224 3682 3305 aliquis
3718 3227 3799 3287 ad
3841 3229 3928 3289 lu·

2400 3312 2573 3388 dum,
2619 3314 2717 3374 vel
2760 3314 2835 3374 ad
2880 3315 3116 3394 aliquid
3156 3316 3514 3394 emendum,
3559 3337 3683 3379 non
3720 3338 3936 3382 cense-

2400 3410 2502 3466 tur
2522 3406 2968 3485 obligationem
2990 3408 3334 3487 imponere.
3370 3411 3724 3490 Aliquando
3748 3415 3933 3476 etiam
3999 3481 4018 3497 Ι

2400 3499 2593 3560 verba
2620 3499 2726 3559 illa
2756 3519 2880 3561 non
2909 3502 3264 3580 significant
3305 3507 3536 3581 actum,
3573 3506 3683 3566 sed
3716 3513 3932 3586 poten-

2402 3591 2574 3667 tiam,
2609 3592 2729 3653 hoc
2758 3597 2880 3669 est,
2923 3593 3002 3654 do
3034 3594 3144 3655 tibi
3174 3595 3288 3655 has
3313 3598 3609 3674 pecunias
3641 3605 3709 3660 ut
3735 3603 3935 3678 possis

2400 3685 2672 3761 studere,
2731 3691 2800 3747 ut
2845 3687 3044 3765 possis
3100 3688 3337 3765 ludere,
3400 3694 3519 3751 etc.
3581 3696 3651 3753 ut
3697 3695 3936 3755 notavit

2400 3777 2566 3838 idem
2596 3778 2826 3839 Molina
2856 3780 3023 3841 dicta
3051 3781 3210 3858 disp.
3244 3783 3381 3843 308.
3406 3783 3728 3865 §.Siquis
3755 3787 3889 3848 item
3911 3808 3935 3848 .·

2402 3875 2464 3932 et
2499 3870 2638 3931 ideo
2683 3871 2787 3950 qui
2841 3873 3083 3933 ratione
3140 3874 3327 3934 officii
3374 3876 3470 3935 sui
3508 3878 3856 3957 accipiebat
3898 3900 3936 3941 a

2398 3981 2546 4042 rege
2578 3964 2738 4024 ultra
2768 3964 3149 4042 stipendium
3175 3967 3629 4047 pecuniarium,
3683 3978 3934 4035 centum

2402 4055 2621 4115 hordei
2639 4056 2881 4118 modios
2902 4058 2982 4118 ad
3003 4059 3302 4124 alendum
3328 4080 3582 4140 equum,
3617 4082 3760 4125 cum
3786 4086 3935 4129 con-

2399 4148 2631 4210 suleret
2655 4149 3004 4229 theologos,
3067 4170 3146 4211 an
3188 4159 3401 4231 posset
3437 4156 3577 4217 illos
3618 4159 3928 4239 accipere,

2400 4258 2543 4301 cum
2573 4260 2804 4321 equum
2835 4261 2958 4304 non
3007 4243 3287 4323 haberet,
3331 4267 3702 4327 responsum
3730 4253 3847 4315 fuit
3876 4254 3932 4316 ei

2402 4333 2771 4395 affirmative
2801 4341 3056 4415 propter
3083 4338 3389 4399 rationem
3422 4343 3810 4420 praedictam.

2481 4426 2741 4499 Quando
2770 4447 2919 4489 vero
2950 4428 3216 4492 donator
3242 4432 3510 4496 intendit
3553 4436 3631 4496 ad
3674 4440 3931 4501 modum

2398 4519 2755 4598 appositum
2803 4521 3107 4601 obligare,
3147 4544 3361 4586 rursus
3416 4527 3932 4607 distinguendum

2398 4616 2493 4673 est
2524 4631 2537 4672 ε
2573 4611 2908 4692 aliquando
2939 4615 3103 4676 enim
3132 4617 3218 4678 ita
3247 4619 3380 4680 vult
3404 4620 3483 4680 ad
3511 4622 3699 4682 finem
3728 4623 3928 4704 illum,

2399 4708 2460 4765 et
2486 4704 2744 4765 modum
2776 4706 3073 4787 obligare,
3110 4713 3183 4770 ut
3209 4728 3283 4770 eo
3317 4730 3435 4771 oon
3467 4714 3691 4791 posito,
3735 4720 3932 4780 resol-

2398 4801 2581 4858 vatur
2607 4797 2860 4860 donatio
2907 4805 2970 4862 et
3013 4801 3400 4863 restituenda
3428 4806 3508 4866 sit
3539 4827 3553 4867 z
3590 4807 3928 4887 aliquando

2397 4909 2547 4951 vero
2577 4908 2699 4950 non
2730 4891 2817 4952 ita
2845 4892 3099 4972 obligat,
3134 4900 3197 4956 et
3225 4895 3475 4959 donatio
3514 4907 3798 4964 remanet
3824 4922 3931 4964 va-

2396 4982 2544 5059 lida,
2595 4982 2703 5043 sed
2734 4984 3096 5047 donatarius
3143 4989 3284 5066 cogi
3321 4995 3526 5067 potest
3560 4992 3620 5052 in
3653 4993 3788 5055 foro
3821 5014 3931 5056 ex·-

2396 5078 2598 5152 terno,
2623 5078 2814 5155 atque
2843 5078 3032 5139 etiam
3060 5078 3122 5139 in
3154 5081 3534 5143 conscientia
3555 5084 3633 5144 ad
3665 5087 3926 5148 modum

2393 5168 2570 5227 illum
2595 5168 3076 5232 observandum.
3128 5173 3387 5244 Quando
3427 5181 3637 5238 autem
3665 5178 3926 5243 intentio

2396 5260 2624 5322 debeat
2664 5260 2890 5340 prim0,
2938 5264 3035 5324 vel
3062 5264 3269 5343 potius
3300 5268 3576 5330 secundo
3601 5271 3790 5332 modo
3824 5292 3925 5333 ex-

2394 5352 2641 5431 plicari,
2688 5354 2922 5433 pendet
2949 5374 3025 5415 ex
3054 5357 3554 5439 circumstantiis,
3588 5365 3652 5424 et
3679 5366 3923 5444 conjec-

2392 5446 2570 5520 turiS,
2604 5465 2677 5507 ex
2708 5448 2934 5527 quibus
2961 5449 3552 5530 disponentis‘mens
3573 5456 3927 5537 colligenda
