4263 6376
772 324 891 384 604

776 500 839 561 in
870 503 1082 571 nostro
1114 503 1325 562 autem
1355 518 1503 562 casu
1532 499 1762 579 dignus
1785 546 1801 578 ,
1851 501 1997 562 licet
2043 517 2169 560 non
2198 498 2311 558 ha·

776 591 1046 672 beatius
1074 593 1153 654 ad
1183 593 1555 654 beneficium
1580 639 1594 670 ,
1623 596 2032 657 concurrente
2064 591 2311 671 dignio-

776 704 879 759 re;
933 685 1123 748 habet
1173 690 1383 748 tamen
1433 686 1537 766 jus
1578 690 1647 748 nt
1689 687 1884 766 possit
1929 687 2074 766 eligi
2121 685 2311 747 etiam

778 784 997 843 contra
1016 780 1323 860 justitiam
1352 780 1815 842 distributivam
1851 781 2050 842 :sicut
2077 779 2180 839 ille
2211 777 2309 839 cui

778 872 1040 951 prodige
1068 872 1226 933 alius
1255 872 1476 949 donat,
1522 874 1670 935 licet
1696 893 1817 935 non
1851 873 2111 934 haberet
2140 892 2215 933 ex
2244 890 2310 932 se

772 963 877 1044 jus
907 965 986 1025 ad
1016 965 1450 1043 donationem,
1511 966 1787 1029 habebat
1838 971 2047 1027 tamen
2092 965 2196 1045 jus
2243 968 2313 1025 ut

779 1063 991 1136 posset
1012 1058 1297 1136 accipere
1328 1059 1514 1120 etiam
1544 1078 1582 1119 a
1602 1059 1864 1138 prodige
1880 1059 2177 1130 donante,
2202 1075 2314 1117 ne-

781 1168 903 1229 que
933 1151 1100 1211 enim
1128 1151 1254 1212 nlla
1284 1151 1634 1214 differentia
1662 1152 1927 1213 inveniri
1958 1155 2184 1230 potest,
2202 1169 2314 1211 cur

780 1242 1013 1304 habeat
1031 1242 1137 1323 jus
1164 1244 1244 1304 ad
1265 1244 1567 1305 utcndum
1606 1264 1673 1306 re
1703 1263 1815 1306 sua
1845 1250 2063 1307 contra
2089 1245 2313 1305 libera·

778 1334 1041 1413 litatem,
1092 1337 1190 1397 vel
1246 1342 1465 1399 contra
1517 1338 1907 1418 religionem,
1958 1343 2020 1399 et
2066 1356 2190 1399 non
2231 1337 2313 1399 ad

783 1428 1085 1490 utendum
1125 1434 1343 1491 contra
1383 1430 1691 1509 justitiam
1732 1431 2230 1508 distributivam,
2263 1430 2315 1491 si

784 1522 1041 1601 quidem
1069 1522 1206 1584 haec
1235 1540 1359 1583 non
1386 1525 1570 1585 affert
1588 1524 1693 1604 jus
1722 1525 2105 1586 contrarium
2126 1544 2202 1584 ex
2217 1525 2316 1603 ju·

782 1614 948 1676 stitia
976 1617 1456 1688 commutativa;
1491 1635 1642 1696 ergo
1674 1618 1725 1677 si
1753 1636 1868 1697 per
1897 1617 2024 1677 vim
2074 1618 2174 1677 vel
2206 1635 2320 1697 per

783 1708 1093 1786 fraudem,
1154 1725 1294 1788 quae
1350 1709 1685 1789 aequivalet
1720 1710 2053 1786 violentiae,
2105 1710 2321 1789 prohi-

785 1800 1029 1876 beatur,
1066 1820 1144 1861 ne
1175 1802 1441 1881 accipiat
1468 1802 1842 1864 beneficium
1882 1807 2100 1864 contra
2136 1802 2321 1883 justi-

785 1892 937 1954 tiam
958 1892 1443 1971 distributivam,
1471 1895 1842 1974 prohibetur
1860 1898 2004 1975 jure
2020 1915 2134 1957 suo
2151 1895 2319 1976 quod

788 1984 1063 2046 habebat
1100 1986 1179 2046 ad
1235 1985 1499 2047 liberam
1552 1988 1649 2048 sui
1695 1988 2086 2065 electionem,
2120 1992 2184 2049 et
2211 2005 2326 2066 per

789 2095 1179 2157 consequens
1208 2079 1481 2157 patietur
1508 2080 1823 2159 propriam
1848 2080 2162 2159 injuriam,
2183 2099 2324 2160 quae

791 2188 1039 2248 semper
1068 2175 1131 2232 et
1158 2172 1511 2232 necessario
1540 2173 1720 2234 affert
1756 2173 2204 2251 obligationem
2232 2191 2326 2233 re-

792 2263 1114 2341 stituendi,
1150 2268 1218 2326 ut
1245 2264 1569 2325 auferatur
1596 2265 1695 2324 vel
1725 2269 2052 2346 reparetur
2069 2265 2324 2327 violatio

794 2375 968 2437 juris,

875 2449 1091 2525 Dices,
1141 2449 1262 2512 hoc
1299 2456 1738 2530 argumentum
1770 2453 2108 2531 procedere
2140 2452 2329 2514 etiam

798 2542 860 2602 in
891 2542 1194 2603 electione
1221 2542 1460 2622 indigni
1485 2590 1501 2622 ,
1552 2545 1699 2623 quia
1728 2545 1776 2606 si
1809 2546 2103 2624 indignus
2133 2545 2328 2623 elige·

798 2640 970 2697 retur
997 2636 1059 2695 in
1094 2635 1168 2696 iis
1192 2637 1469 2715 casibus,
1504 2638 1730 2717 quibus
1760 2640 1896 2719 ejus
1924 2640 2145 2700 electio
2173 2639 2335 2700 vali-

652 2756 678 2784 υ
721 2758 751 2775 -
797 2727 881 2788 da
930 2731 1057 2804 est,
1117 2734 1412 2807 peccatur
1465 2731 1718 2810 quidem
1766 2737 1985 2793 contra
2023 2732 2332 2811 justitiam

798 2820 1262 2884 distributivam
1287 2868 1303 2900 ,
1350 2842 1474 2884 11011
1505 2829 1715 2885 tamen
1745 2829 1966 2887 contra
1993 2830 2336 2887 commuta-

797 2913 1022 2986 tivam;
1064 2933 1268 2995 neque
1297 2920 1392 2977 est
1417 2916 1716 2995 obligatio
1744 2917 2112 2978 restituendi
2140 2917 2333 2996 digno

797 3006 862 3066 in
891 3007 996 3067 illa
1024 3008 1334 3069 sententia
1366 3028 1380 3081 3
1441 3028 1593 3088 ergo
1632 3010 1927 3088 indignus
1970 3029 2093 3070 non
2130 3013 2337 3089 potest

798 3099 932 3159 sine
964 3100 1192 3180 injuria
1222 3119 1335 3178 per
1361 3101 1511 3178 vim,
1545 3101 1641 3162 vel
1671 3102 1957 3163 fraudem
1988 3102 2331 3182 prohiberi,

800 3211 879 3254 ne
928 3194 1226 3272 eligatur,
1276 3194 1422 3256 licet
1462 3194 1596 3274 ejus
1642 3197 1862 3258 electio
1906 3200 2071 3258 esset
2118 3200 2338 3258 contra

801 3287 955 3347 alias
986 3287 1269 3349 virtutes,
1305 3289 1487 3368 Resp.
1514 3288 1883 3351 electionem
1912 3289 2152 3369 indigni
2179 3307 2338 3349 sem·

802 3399 919 3460 per
977 3398 1113 3440 esse
1169 3384 1387 3443 contra
1431 3382 1742 3461 justitiam
1797 3384 2334 3459 commutativam,

802 3492 994 3553 quam
1022 3474 1195 3536 loedit
1224 3475 1476 3552 elector,
1528 3481 1592 3538 et
1619 3477 1752 3556 ipse
1782 3477 2017 3538 electus
2039 3523 2054 3553 ,
2116 3477 2338 3539 saltem

803 3573 1024 3630 contra
1076 3568 1529 3647 rempublicam
1582 3569 1791 3631 dando
1831 3571 1928 3630 vel
1971 3569 2338 3648 accipiendo

803 3680 1032 3723 munus
1105 3661 1203 3721 cui
1267 3662 1556 3723 satisfieri
1630 3681 1752 3723 non
1811 3667 2018 3741 potest
2049 3683 2062 3724 :
2154 3667 2340 3742 atquc

804 3755 943 3817 ideo
987 3754 1379 3834 prohibendo
1428 3754 1563 3835 ejus
1622 3756 2026 3834 electionem,
2087 3775 2212 3817 non
2272 3757 2344 3819 fit

793 3848 1032 3928 >injuria
1087 3848 1283 3909 electo
1310 3896 1324 3923 ,
1385 3850 1492 3927 qui
1549 3868 1672 3910 non
1718 3849 1994 3911 habebat
2020 3849 2217 3911 ullum
2238 3851 2343 3929 jus

804 3960 880 4002 ex
903 3941 1148 4022 justitia
1176 3941 1627 4003 commutativa
1653 3942 1734 4002 ad
1764 3943 2133 4004 electionem
2154 3989 2170 4019 ,
2204 3959 2344 4022 quae

803 4037 940 4096 erat
966 4038 1185 4096 contra
1204 4033 1512 4114 justitiam
1525 4036 2059 4113 commutativam,
2075 4036 2344 4117 ideoque

805 4128 977 4189 nulla
1007 4132 1102 4190 est
1127 4129 1425 4206 obligatio
1457 4128 1514 4188 ei
1541 4129 1934 4190 restituendi.

885 4220 1150 4300 Urgebis
1181 4266 1196 4298 ,
1258 4222 1449 4283 etiam
1504 4221 1755 4301 quando
1813 4221 2063 4301 eligitur
2114 4223 2345 4302 dignus

807 4316 1018 4376 omissi
1048 4314 1318 4394 digniori
1341 4361 1356 4390 ,
1401 4315 1473 4376 fit
1499 4315 1728 4395 injuria
1758 4317 2229 4388 communitati,
2285 4322 2348 4379 et

807 4409 1038 4470 elector
1066 4407 1257 4468 habet
1285 4407 1735 4486 obligationem
1777 4408 2151 4472 restituendi
2179 4429 2346 4471 com-

806 4500 1098 4562 munitati
1116 4500 1348 4561 damna
1374 4520 1514 4581 quae
1554 4502 1790 4579 patitur
1816 4507 2072 4581 propter
2099 4503 2346 4564 electio·

807 4613 951 4655 nem
980 4594 1188 4655 minus
1216 4594 1390 4673 digni
1414 4614 1430 4666 3
1465 4613 1614 4673 ergo
1645 4614 1719 4655 ex
1741 4595 1859 4657 hoc
1888 4596 2111 4657 saltem
2142 4597 2345 4674 capite

809 4688 1030 4751 electio
1069 4688 1173 4747 illa
1217 4691 1381 4749 esset
1427 4694 1642 4749 contra
1665 4689 1973 4768 justitiam
2001 4693 2347 4750 cummuta-

807 4781 1038 4857 tivam,
1091 4785 1153 4842 et
1194 4800 1308 4860 per
1336 4798 1729 4861 consequens
1776 4801 1901 4842 non
1943 4782 2133 4843 debet
2171 4782 2352 4842 resti-

807 4878 1007 4951 tuere,
1041 4874 1148 4954 qui
1177 4892 1318 4935 eam
1346 4893 1459 4953 per
1484 4875 1612 4935 vim
1643 4876 1738 4934 vel
1772 4874 2056 4935 fraudem
2088 4874 2351 4954 impedi-

807 4969 915 5029 vit.
969 4971 1152 5047 Resp.
1190 4986 1302 5029 nos
1332 4968 1573 5030 locutos
1604 4986 1738 5029 esse
1787 4984 1861 5029 cx
1892 4969 2345 5047 suppositione,

809 5066 873 5123 et
901 5062 962 5121 in
991 5080 1139 5122 casu
1197 5081 1319 5140 quo
1366 5062 1621 5122 omissio
1665 5061 1969 5140 dignioris
2014 5080 2139 5122 non
2188 5063 2353 5122 esset

811 5155 936 5216 ullo
965 5155 1155 5216 modo
1195 5158 1412 5216 contra
1452 5154 1762 5234 justitiam
1811 5154 2347 5229 coinmutativam,

810 5247 923 5309 sed
950 5247 1152 5308 solum
1181 5252 1399 5309 contra
1430 5247 1915 5324 distributivam,
1950 5247 2130 5327 cujus
2162 5246 2353 5307 viola-

810 5342 896 5403 tio
927 5359 1003 5402 ex
1029 5359 1096 5401 se
1128 5360 1252 5401 non
1281 5342 1461 5401 affert
1480 5340 1926 5419 obligationem
1955 5340 2348 5417 restituendi,

810 5438 882 5496 ut
909 5434 1381 5513 supponebatur
1410 5432 1472 5492 in
1503 5433 1869 5513 quaestione.
1908 5435 2169 5508 Quando
2200 5451 2350 5494 vero

813 5532 976 5589 esset
1003 5532 1220 5589 contra
1258 5527 1567 5607 justitiam
1614 5528 2124 5591 commutativam
2158 5575 2173 5605 ,
2233 5527 2351 5587 sal-

1907 321 2009 381 DE
2051 321 2405 383 JUSTITJA
2449 321 2549 382 ΕΤ
2591 321 2791 383 man

2407 500 2536 559 tem
2594 503 2815 557 contra
2881 497 3335 575 rempublicam
3382 499 3493 559 vel.
3528 500 3936 560 communita-

2407 593 2535 651 tem
2559 635 2575 667 ,
2627 589 3013 652 admittimus
3043 589 3196 650 nihil
3224 590 3454 652 debere
3484 592 3724 653 restitui
3752 591 3938 669 digno

2409 682 2637 744 omisso
2674 682 2754 743 ab
2784 701 2857 743 eo
2907 683 3010 761 qni
3055 702 3169 762 per
3198 684 3326 744 vim
3356 684 3457 745 vel
3485 684 3769 745 fraudem
3798 685 3940 746 fecit

2410 795 2487 837 ne
2517 776 2648 854 ipse
2679 776 3036 855 eligeretur,
3071 776 3179 837 sed
3212 777 3483 856 dignior,
3517 778 3637 839 nisi
3664 779 3745 839 ad
3774 797 3942 839 sum-

2407 887 2579 928 mum
2609 886 2722 947 pro
2755 869 2922 929 fama
2951 869 3177 948 injuste
3212 869 3443 947 ablata,
3477 874 3759 949 utsupra
3786 870 3944 932 dixi-

2406 980 2569 1023 mus,
2601 964 2777 1023 Tunc
2805 961 2969 1022 enim
3005 962 3403 1041 impediendo
3433 964 3522 1024 illi
3549 964 3939 1044 beneficium,

2409 1073 2533 1115 non
2564 1054 2904 1132 impeditur
2951 1055 3007 1115 ei
3054 1055 3290 1135 aliquid
3346 1056 3516 1135 quod
3561 1063 3770 1135 posset
3811 1059 3944 1119 sine

2409 1145 2636 1226 injuria
2663 1148 2917 1208 alterius
2946 1148 3306 1227 acquirere,
3356 1167 3499 1209 cum
3547 1149 3949 1211 interveniret

2410 1240 2630 1301 saltem
2674 1239 2904 1319 injuria
2932 1240 3438 1317 communitatis,
3487 1242 3541 1302 si
3586 1243 3940 1321 eligeretur,

2409 1332 2473 1393 in
2503 1333 2578 1393 iis
2610 1336 2822 1394 autem
2849 1333 3135 1411 casibuS,
3169 1338 3280 1395 aut
3306 1334 3370 1393 in
3402 1352 3479 1395 ea
3507 1335 3852 1411 sententia,
3887 1334 3947 1395 in

2414 1444 2539 1506 qua
2565 1444 2681 1488 nec
2708 1425 2981 1505 digniori
3011 1445 3129 1488 nec
3156 1427 3591 1490 communitati
3623 1429 3693 1489 fit
3719 1428 3949 1508 injuria

2415 1518 2700 1597 obligans
2755 1518 2837 1579 ad
2893 1519 3349 1582 restitutionem
3404 1520 3690 1599 eligendo
3744 1522 3950 1581 minus

2415 1611 2712 1690 dignum,
2765 1611 3116 1690 procedunt
3157 1614 3433 1675 rationes
3460 1614 3671 1689 factm,
3722 1617 3787 1674 et
3813 1632 3951 1692 pro·

2415 1703 2602 1779 baut,
2636 1704 2772 1764 fleri
2802 1704 2917 1784 ipsi
2950 1704 3244 1784 injuriam
3275 1724 3418 1766 cum
3450 1706 3828 1785 obligatione
3854 1724 3953 1766 re-
4044 1762 4053 1769 .

2418 1797 2716 1860 stituendi
2736 1844 2751 1873 ,
2795 1797 2845 1857 si
2876 1815 2989 1876 per
3016 1798 3144 1858 vim
3167 1844 3183 1876 ,
3218 1799 3317 1859 vel
3345 1799 3634 1860 fraudem
3662 1798 3797 1879 ejus
3827 1799 3955 1859 ele-

2420 1890 2540 1952 ctio
2571 1889 2971 1968 impediatur,
3004 1891 3195 1952 etiam
3226 1894 3294 1953 ut
3326 1891 3593 1971 eligatur
3622 1892 3891 1972 dignior.

2500 1985 2597 2043 An
2625 2002 2774 2043 vero
2818 1983 2898 2044 sit
2941 1984 3295 2063 reputanda
3322 1984 3653 2061 violentia,
3704 1985 3955 2065 quando

2423 2076 2562 2157 quis
2590 2076 2742 2137 emit
2769 2076 3105 2155 suffragia,
3138 2078 3235 2138 vel
3263 2077 3569 2139 subornat
3594 2078 3959 2138 muneribus

2420 2169 2521 2229 vel
2550 2168 2875 2248 promissis
2904 2170 3227 2245 electoreS,
3262 2175 3325 2232 et
3353 2188 3430 2229 an
3464 2170 3696 2232 habeat
3724 2172 3959 2250 obliga·
4005 2166 4212 2275 ‘’hdffl

2420 2262 2656 2324 tionem
2687 2262 3076 2339 restituendi,
3111 2263 3310 2323 videri
3338 2268 3600 2342 possunt
3627 2264 3861 2326 Sanch.
3896 2264 3957 2325 d.
4006 2233 4203 2328 undicum-

2425 2355 2576 2417 dub.
2609 2372 2770 2416 κως.
2807 2374 2842 2415 a
2875 2375 2935 2416 n.
2971 2358 3069 2417 23.
3122 2360 3184 2417 et
3210 2357 3424 2419 Castro
3457 2358 3641 2418 Palao
3671 2358 3734 2417 d.
3768 2376 3955 2436 punc.

2425 2465 2511 2510 xl.
2542 2448 2598 2528 ἓ.
2632 2452 2692 2509 5.
2725 2466 2763 2509 a
2793 2467 2897 2509 1111.
2932 2452 2993 2511 8.
3055 2448 3328 2510 Adverte
3359 2449 3631 2529 denique
3652 2496 3668 2526 ,
3701 2451 3753 2511 si
3781 2450 3824 2510 ii
3858 2450 3963 2530 qui

2419 2541 2525 2622 jus
2553 2542 2837 2620 suffragii
2865 2559 2990 2602 non
3021 2541 3255 2603 habent
3277 2587 3292 2617 ,
3342 2542 3515 2602 falsis
3544 2542 3736 2604 titulis
3770 2561 3844 2603 se
3873 2543 3968 2604 in-

2428 2637 2688 2714 gerant,
2723 2637 2787 2695 et
2812 2637 3233 2714 suffragentur
3261 2654 3375 2714 pro
3407 2634 3677 2714 digniori
3702 2682 3718 2712 ,
3750 2639 3817 2696 et
3846 2636 3969 2696 sint

2429 2746 2619 2788 causa
2666 2727 2834 2806 quod
2882 2728 3110 2805 dignus
3141 2746 3261 2788 non
3293 2728 3574 2790 obtineat
3601 2728 3969 2790 cathedram

2430 2820 2529 2880 vel
2559 2820 2955 2896 beneficium,
2976 2820 3145 2900 quod
3173 2821 3328 2882 alias
3356 2821 3687 2895 obtineret,
3707 2821 3767 2881 in
3795 2822 3972 2883 omni

2431 2913 2738 2973 sententia
2767 2912 3031 2992 obligari
3061 2913 3140 2974 ad
3168 2915 3627 2976 restitutionem
3658 2915 3879 2994 dign0‚
3907 2920 3974 2975 ut

2431 3006 2663 3067 fatetur
2689 3006 2820 3085 ipse
2852 3006 3083 3068 Sanch.
3117 3026 3180 3069 n.
3219 3012 3314 3069 14.
3361 3008 3601 3069 etiamsi
3632 3027 3706 3068 ex
3732 3007 3976 3088 justitia

2434 3099 2881 3160 commutativa
2908 3099 3158 3179 dignior
3187 3101 3506 3162 debuisset
3556 3101 3722 3181 eligi.
3786 3102 3974 3163 Ratio

2433 3197 2643 3255 autem
2665 3197 2778 3269 est,
2814 3196 2961 3273 quia
2988 3199 3138 3257 tunc
3165 3215 3378 3258 coram
3407 3198 3537 3258 Deo
3560 3242 3576 3274 ,
3611 3201 3674 3259 et
3700 3197 3777 3258 de
3807 3197 3975 3258 facto

2436 3305 2561 3347 non
2603 3287 2855 3366 dignior
2896 3289 3005 3350 sed
3055 3289 3283 3368 dignus
3332 3290 3567 3351 electus
3620 3290 3767 3367 fuit,
3830 3308 3979 3351 cum

2437 3382 2601 3461 ipse,
2651 3387 2720 3443 ut
2757 3401 3081 3461 suppono,
3133 3383 3425 3444 babuerit
3467 3385 3650 3463 plura
3677 3386 3979 3464 suffragia

2435 3475 2646 3537 valida
2688 3494 2877 3554 quam
2907 3476 3191 3556 dignior,
3252 3477 3360 3557 qui
3413 3478 3710 3555 pauciora
3755 3479 3983 3540 habuit

2439 3569 2666 3644 valida,
2726 3572 2789 3630 et
2842 3570 3021 3647 plura
3078 3570 3445 3649 apparentia
3495 3574 3558 3632 et
3596 3570 3931 3650 illegitima
3962 3592 3977 3633 :

2439 3679 2633 3741 quare
2689 3680 2833 3722 cum
2891 3662 3116 3741 dignus
3171 3681 3285 3741 per
3327 3681 3544 3723 veram
3589 3668 3654 3725 et
3700 3664 3984 3725 validam

2439 3756 2809 3818 electionem
2839 3755 3198 3835 acquisierit
3226 3775 3444 3816 verum
3467 3756 3594 3837 jus,
3621 3757 3852 3838 injuste
3883 3776 3985 3818 co·

2439 3850 2608 3930 gitur
2635 3869 2709 3911 eo
2739 3868 2954 3910 carere
2991 3854 3293 3928 praetextu
3325 3850 3643 3911 electionis
3672 3870 3986 3930 apparen-

2440 3944 2555 4021 tis,
2607 3962 2747 4023 quae
2790 3943 2953 4006 facta
2982 3947 3077 4004 est
3102 3944 3184 4004 ab
3211 3944 3314 4017 iis,
3362 3943 3466 4024 (1111
3512 3945 3814 4006 electores
3857 3963 3985 4005 11011

2442 4041 2643 4099 erant.

4086 1989 4165 2047 101

3133 4429 3188 4506 ς.
3237 4431 3295 4490 2.

2489 4697 2577 4759 De
2605 4695 3064 4778 cooperantibus,
3096 4704 3152 4756 et
3178 4693 3636 4776 impedientibus,
3671 4705 3728 4755 et
3754 4714 3967 4756 eorum

2768 4802 3118 4883 obliqatione
3146 4800 3226 4861 ad
3249 4799 3684 4865 restituendum.

2533 5061 2621 5120 De
2652 5055 3156 5136 cooperantibuS,
3197 5056 3296 5116 vel
3351 5053 3844 5133 impedientibus
3888 5073 4011 5132 per
4152 5057 4216 5116 lst‘

2452 5151 2603 5227 vim,
2639 5151 2735 5212 vel
2769 5151 3076 5226 fraudem,
3111 5168 3188 5210 ne
3224 5148 3448 5228 aliquis
3477 5146 3860 5208 beneficium
3891 5146 4010 5208 ob-
4128 5185 4216 5236 Qu„

2454 5245 2684 5322 tineat,
2739 5244 3010 5304 diximus
3040 5261 3229 5321 supra
3258 5243 3321 5302 in
3351 5259 3579 5320 genere
3609 5241 3773 5319 disp.
3806 5257 4008 5302 xvm.
4062 5249 4215 5335 ⁸2⁸¹*ss

2455 5338 2518 5400 d.
2552 5341 2703 5400 sect.
2735 5342 2795 5398 ὃ.
2836 5342 2898 5399 61
2925 5338 3003 5397 (16
3046 5355 3263 5396 eorum
3296 5333 3675 5414 obligatione
3706 5333 3786 5393 ad
3822 5333 4013 5395 resti·
4062 5347 4215 5390 man

2449 5432 2754 5495 tuendum
2780 5430 3102 5509 impedite,
3135 5427 3351 5509 quanti
3380 5426 3637 5488 arbitrio
3668 5427 4018 5505 prudentis

2450 5525 2744 5586 aestimari
2774 5527 3020 5604 poterat
3045 5541 3188 5604 spes
3216 5520 3558 5598 obtinendi,
3593 5519 3739 5600 quia
3768 5517 4018 5601 injuste
