<?xml version="1.0" encoding="UTF-8"?>
<!DOCTYPE html PUBLIC "-//W3C//DTD XHTML 1.0 Transitional//EN"
    "http://www.w3.org/TR/xhtml1/DTD/xhtml1-transitional.dtd">
<html xmlns="http://www.w3.org/1999/xhtml" xml:lang="en" lang="en">
 <head>
  <title>
</title>
<meta http-equiv="Content-Type" content="text/html;charset=utf-8" />
  <meta name='ocr-system' content='tesseract 3.04.00' />
  <meta name='ocr-capabilities' content='ocr_page ocr_carea ocr_par ocr_line ocrx_word'/>
</head>
<body>
  <div class='ocr_page' id='page_1' title='image "./joannisdelugodi00lugogoog_0146.png"; bbox 0 0 4263 6376; ppageno 0'>
   <div class='ocr_carea' id='block_1_1' title="bbox 786 370 901 432">
    <p class='ocr_par' dir='ltr' id='par_1_1' title="bbox 786 370 901 432">
     <span class='ocr_line' id='line_1_1' title="bbox 786 370 901 432; baseline -0.009 0"><span class='ocrx_word' id='word_1_1' title='bbox 786 370 901 432; x_wconf 74' lang='lat'><strong>134</strong></span> 
     </span>
    </p>
   </div>
   <div class='ocr_carea' id='block_1_2' title="bbox 765 544 2321 5681">
    <p class='ocr_par' dir='ltr' id='par_1_2' title="bbox 765 544 2321 5491">
     <span class='ocr_line' id='line_1_2' title="bbox 781 544 2316 629; baseline -0.003 -18"><span class='ocrx_word' id='word_1_2' title='bbox 781 549 931 611; x_wconf 81' lang='lat' dir='ltr'><strong>facit</strong></span> <span class='ocrx_word' id='word_1_3' title='bbox 959 547 1129 629; x_wconf 86' lang='lat' dir='ltr'><strong>quod</strong></span> <span class='ocrx_word' id='word_1_4' title='bbox 1156 547 1437 628; x_wconf 86' lang='lat' dir='ltr'><strong>legatum</strong></span> <span class='ocrx_word' id='word_1_5' title='bbox 1468 563 1592 607; x_wconf 93' lang='lat' dir='ltr'><strong>non</strong></span> <span class='ocrx_word' id='word_1_6' title='bbox 1621 545 1700 606; x_wconf 89' lang='lat' dir='ltr'><strong>sit</strong></span> <span class='ocrx_word' id='word_1_7' title='bbox 1728 544 2044 623; x_wconf 84' lang='lat' dir='ltr'><strong>validum,</strong></span> <span class='ocrx_word' id='word_1_8' title='bbox 2097 544 2183 606; x_wconf 86' lang='lat' dir='ltr'><strong>ita</strong></span> <span class='ocrx_word' id='word_1_9' title='bbox 2211 563 2316 606; x_wconf 87' lang='lat' dir='ltr'><strong>ea-</strong></span> 
     </span>
     <span class='ocr_line' id='line_1_3' title="bbox 782 638 2319 718; baseline -0.004 -14"><span class='ocrx_word' id='word_1_10' title='bbox 782 644 926 704; x_wconf 85' lang='lat' dir='ltr'><strong>dem</strong></span> <span class='ocrx_word' id='word_1_11' title='bbox 954 641 1330 704; x_wconf 78' lang='lat' dir='ltr'>incertitudo</span> <span class='ocrx_word' id='word_1_12' title='bbox 1361 640 1619 701; x_wconf 80' lang='lat' dir='ltr'><strong>deberet</strong></span> <span class='ocrx_word' id='word_1_13' title='bbox 1646 639 1874 715; x_wconf 83' lang='lat' dir='ltr'><strong>tacere,</strong></span> <span class='ocrx_word' id='word_1_14' title='bbox 1910 638 2078 718; x_wconf 89' lang='lat' dir='ltr'><strong>quod</strong></span> <span class='ocrx_word' id='word_1_15' title='bbox 2107 639 2319 700; x_wconf 88' lang='lat' dir='ltr'><strong>adem-</strong></span> 
     </span>
     <span class='ocr_line' id='line_1_4' title="bbox 782 731 2319 816; baseline -0.003 -18"><span class='ocrx_word' id='word_1_16' title='bbox 782 737 909 816; x_wconf 91' lang='lat' dir='ltr'><strong>ptio</strong></span> <span class='ocrx_word' id='word_1_17' title='bbox 940 755 1065 798; x_wconf 90' lang='lat' dir='ltr'><strong>non</strong></span> <span class='ocrx_word' id='word_1_18' title='bbox 1096 739 1262 797; x_wconf 90' lang='lat' dir='ltr'><strong>esset</strong></span> <span class='ocrx_word' id='word_1_19' title='bbox 1287 734 1499 796; x_wconf 81' lang='lat' dir='ltr'><strong>valida</strong></span> <span class='ocrx_word' id='word_1_20' title='bbox 1518 782 1533 812; x_wconf 88' lang='lat'><strong>,</strong></span> <span class='ocrx_word' id='word_1_21' title='bbox 1587 750 1734 794; x_wconf 91' lang='lat' dir='ltr'><strong>cum</strong></span> <span class='ocrx_word' id='word_1_22' title='bbox 1763 731 2140 794; x_wconf 78' lang='lat' dir='ltr'><strong>incertitudo</strong></span> <span class='ocrx_word' id='word_1_23' title='bbox 2168 735 2319 795; x_wconf 91' lang='lat' dir='ltr'><strong>tunc</strong></span> 
     </span>
     <span class='ocr_line' id='line_1_5' title="bbox 781 826 2321 908; baseline -0.002 -17"><span class='ocrx_word' id='word_1_24' title='bbox 781 848 905 892; x_wconf 91' lang='lat' dir='ltr'><strong>non</strong></span> <span class='ocrx_word' id='word_1_25' title='bbox 951 829 1031 891; x_wconf 89' lang='lat' dir='ltr'><strong>sit</strong></span> <span class='ocrx_word' id='word_1_26' title='bbox 1075 830 1137 889; x_wconf 90' lang='lat' dir='ltr'><strong>in</strong></span> <span class='ocrx_word' id='word_1_27' title='bbox 1165 828 1391 908; x_wconf 86' lang='lat' dir='ltr'><strong>legatis</strong></span> <span class='ocrx_word' id='word_1_28' title='bbox 1443 828 1520 888; x_wconf 92' lang='lat' dir='ltr'><strong>de</strong></span> <span class='ocrx_word' id='word_1_29' title='bbox 1578 826 1805 908; x_wconf 85' lang='lat' dir='ltr'><strong>quibus</strong></span> <span class='ocrx_word' id='word_1_30' title='bbox 1856 831 2025 888; x_wconf 91' lang='lat' dir='ltr'><strong>certo</strong></span> <span class='ocrx_word' id='word_1_31' title='bbox 2073 830 2321 888; x_wconf 88' lang='lat' dir='ltr'><strong>constat</strong></span> 
     </span>
     <span class='ocr_line' id='line_1_6' title="bbox 781 918 2318 1003; baseline -0.003 -19"><span class='ocrx_word' id='word_1_32' title='bbox 781 923 1030 1003; x_wconf 87' lang='lat' dir='ltr'><strong>utrique</strong></span> <span class='ocrx_word' id='word_1_33' title='bbox 1060 922 1252 983; x_wconf 88' lang='lat' dir='ltr'><strong>fuisse</strong></span> <span class='ocrx_word' id='word_1_34' title='bbox 1275 969 1290 999; x_wconf 93' lang='lat'>‚</span> <span class='ocrx_word' id='word_1_35' title='bbox 1343 921 1455 982; x_wconf 92' lang='lat' dir='ltr'><strong>sed</strong></span> <span class='ocrx_word' id='word_1_36' title='bbox 1484 920 1547 980; x_wconf 91' lang='lat' dir='ltr'><strong>in</strong></span> <span class='ocrx_word' id='word_1_37' title='bbox 1578 918 1982 999; x_wconf 82' lang='lat' dir='ltr'><strong>ademptione</strong></span> <span class='ocrx_word' id='word_1_38' title='bbox 2011 918 2146 981; x_wconf 85' lang='lat' dir='ltr'><strong>sola</strong></span> <span class='ocrx_word' id='word_1_39' title='bbox 2170 966 2185 996; x_wconf 92' lang='lat'>‚</span> <span class='ocrx_word' id='word_1_40' title='bbox 2239 919 2318 980; x_wconf 91' lang='lat' dir='ltr'><strong>de</strong></span> 
     </span>
     <span class='ocr_line' id='line_1_7' title="bbox 783 1011 2316 1097; baseline -0.003 -20"><span class='ocrx_word' id='word_1_41' title='bbox 783 1035 908 1097; x_wconf 90' lang='lat' dir='ltr'><strong>qua</strong></span> <span class='ocrx_word' id='word_1_42' title='bbox 937 1033 1062 1077; x_wconf 91' lang='lat' dir='ltr'><strong>non</strong></span> <span class='ocrx_word' id='word_1_43' title='bbox 1091 1018 1298 1096; x_wconf 90' lang='lat' dir='ltr'><strong>potest</strong></span> <span class='ocrx_word' id='word_1_44' title='bbox 1326 1013 1581 1093; x_wconf 90' lang='lat' dir='ltr'><strong>probari</strong></span> <span class='ocrx_word' id='word_1_45' title='bbox 1628 1012 1725 1074; x_wconf 90' lang='lat' dir='ltr'><strong>cui</strong></span> <span class='ocrx_word' id='word_1_46' title='bbox 1766 1012 1848 1074; x_wconf 89' lang='lat' dir='ltr'><strong>sit</strong></span> <span class='ocrx_word' id='word_1_47' title='bbox 1885 1013 2073 1074; x_wconf 83' lang='lat' dir='ltr'><strong>facta.</strong></span> <span class='ocrx_word' id='word_1_48' title='bbox 2138 1011 2316 1073; x_wconf 81' lang='lat' dir='ltr'><strong>Ratio</strong></span> 
     </span>
     <span class='ocr_line' id='line_1_8' title="bbox 782 1105 2318 1185; baseline -0.003 -14"><span class='ocrx_word' id='word_1_49' title='bbox 782 1113 991 1171; x_wconf 90' lang='lat' dir='ltr'><strong>autem</strong></span> <span class='ocrx_word' id='word_1_50' title='bbox 1023 1126 1136 1170; x_wconf 91' lang='lat' dir='ltr'><strong>cur</strong></span> <span class='ocrx_word' id='word_1_51' title='bbox 1165 1108 1458 1170; x_wconf 89' lang='lat' dir='ltr'><strong>dixerunt</strong></span> <span class='ocrx_word' id='word_1_52' title='bbox 1484 1108 1763 1185; x_wconf 83' lang='lat' dir='ltr'><strong>legatum</strong></span> <span class='ocrx_word' id='word_1_53' title='bbox 1793 1105 2013 1168; x_wconf 85' lang='lat' dir='ltr'><strong>incerti</strong></span> <span class='ocrx_word' id='word_1_54' title='bbox 2045 1106 2318 1167; x_wconf 86' lang='lat' dir='ltr'><strong>nominis</strong></span> 
     </span>
     <span class='ocr_line' id='line_1_9' title="bbox 781 1198 2316 1281; baseline -0.004 -16"><span class='ocrx_word' id='word_1_55' title='bbox 781 1221 904 1265; x_wconf 91' lang='lat' dir='ltr'><strong>non</strong></span> <span class='ocrx_word' id='word_1_56' title='bbox 928 1201 1167 1279; x_wconf 88' lang='lat' dir='ltr'><strong>deberi,</strong></span> <span class='ocrx_word' id='word_1_57' title='bbox 1201 1202 1339 1278; x_wconf 77' lang='lat' dir='ltr'><strong>fuit,</strong></span> <span class='ocrx_word' id='word_1_58' title='bbox 1366 1201 1513 1281; x_wconf 89' lang='lat' dir='ltr'><strong>quia</strong></span> <span class='ocrx_word' id='word_1_59' title='bbox 1532 1198 2146 1280; x_wconf 81' lang='lat' dir='ltr'><strong>probatiolegatario</strong></span> <span class='ocrx_word' id='word_1_60' title='bbox 2176 1199 2316 1259; x_wconf 90' lang='lat' dir='ltr'><strong>dee-</strong></span> 
     </span>
     <span class='ocr_line' id='line_1_10' title="bbox 780 1292 2319 1374; baseline -0.002 -17"><span class='ocrx_word' id='word_1_61' title='bbox 780 1300 913 1370; x_wconf 76' lang='lat' dir='ltr'><strong>rat3</strong></span> <span class='ocrx_word' id='word_1_62' title='bbox 949 1296 1249 1357; x_wconf 88' lang='lat' dir='ltr'><strong>nimirum</strong></span> <span class='ocrx_word' id='word_1_63' title='bbox 1277 1293 1551 1374; x_wconf 76' lang='lat' dir='ltr'><strong>petendo</strong></span> <span class='ocrx_word' id='word_1_64' title='bbox 1580 1292 1857 1372; x_wconf 84' lang='lat' dir='ltr'><strong>legatum</strong></span> <span class='ocrx_word' id='word_1_65' title='bbox 1889 1292 2162 1353; x_wconf 88' lang='lat' dir='ltr'><strong>debebat</strong></span> <span class='ocrx_word' id='word_1_66' title='bbox 2180 1309 2319 1370; x_wconf 86' lang='lat' dir='ltr'><strong>pro·</strong></span> 
     </span>
     <span class='ocr_line' id='line_1_11' title="bbox 777 1386 2316 1468; baseline -0.003 -17"><span class='ocrx_word' id='word_1_67' title='bbox 777 1390 929 1451; x_wconf 89' lang='lat' dir='ltr'><strong>bare</strong></span> <span class='ocrx_word' id='word_1_68' title='bbox 946 1388 1066 1449; x_wconf 89' lang='lat' dir='ltr'><strong>sibi</strong></span> <span class='ocrx_word' id='word_1_69' title='bbox 1086 1388 1368 1468; x_wconf 88' lang='lat' dir='ltr'><strong>legatum</strong></span> <span class='ocrx_word' id='word_1_70' title='bbox 1388 1387 1676 1448; x_wconf 89' lang='lat' dir='ltr'><strong>relictum</strong></span> <span class='ocrx_word' id='word_1_71' title='bbox 1701 1405 1716 1460; x_wconf 90' lang='lat'>;</span> <span class='ocrx_word' id='word_1_72' title='bbox 1752 1386 1921 1467; x_wconf 90' lang='lat' dir='ltr'><strong>quod</strong></span> <span class='ocrx_word' id='word_1_73' title='bbox 1940 1387 2155 1447; x_wconf 88' lang='lat' dir='ltr'><strong>tamen</strong></span> <span class='ocrx_word' id='word_1_74' title='bbox 2177 1403 2316 1464; x_wconf 90' lang='lat' dir='ltr'><strong>pro-</strong></span> 
     </span>
     <span class='ocr_line' id='line_1_12' title="bbox 779 1479 2320 1561; baseline -0.001 -19"><span class='ocrx_word' id='word_1_75' title='bbox 779 1483 932 1544; x_wconf 89' lang='lat' dir='ltr'><strong>bare</strong></span> <span class='ocrx_word' id='word_1_76' title='bbox 969 1500 1093 1544; x_wconf 91' lang='lat' dir='ltr'><strong>non</strong></span> <span class='ocrx_word' id='word_1_77' title='bbox 1125 1483 1404 1561; x_wconf 89' lang='lat' dir='ltr'><strong>poterat,</strong></span> <span class='ocrx_word' id='word_1_78' title='bbox 1440 1479 1587 1560; x_wconf 88' lang='lat' dir='ltr'><strong>quia</strong></span> <span class='ocrx_word' id='word_1_79' title='bbox 1618 1498 1742 1540; x_wconf 91' lang='lat' dir='ltr'><strong>non</strong></span> <span class='ocrx_word' id='word_1_80' title='bbox 1774 1479 2100 1541; x_wconf 80' lang='lat' dir='ltr'><strong>constabat</strong></span> <span class='ocrx_word' id='word_1_81' title='bbox 2127 1483 2320 1541; x_wconf 86' lang='lat' dir='ltr'><strong>testa-</strong></span> 
     </span>
     <span class='ocr_line' id='line_1_13' title="bbox 778 1572 2315 1655; baseline -0.003 -17"><span class='ocrx_word' id='word_1_82' title='bbox 778 1581 981 1638; x_wconf 87' lang='lat' dir='ltr'><strong>torem</strong></span> <span class='ocrx_word' id='word_1_83' title='bbox 1007 1575 1235 1655; x_wconf 88' lang='lat' dir='ltr'><strong>deipso</strong></span> <span class='ocrx_word' id='word_1_84' title='bbox 1257 1574 1558 1635; x_wconf 87' lang='lat' dir='ltr'><strong>locutum.</strong></span> <span class='ocrx_word' id='word_1_85' title='bbox 1595 1572 1893 1634; x_wconf 86' lang='lat' dir='ltr'><strong>Similiter</strong></span> <span class='ocrx_word' id='word_1_86' title='bbox 1916 1591 2088 1652; x_wconf 83' lang='lat' dir='ltr'><strong>ergo,</strong></span> <span class='ocrx_word' id='word_1_87' title='bbox 2122 1590 2315 1651; x_wconf 88' lang='lat' dir='ltr'><strong>quan-</strong></span> 
     </span>
     <span class='ocr_line' id='line_1_14' title="bbox 781 1665 2311 1748; baseline -0.001 -18"><span class='ocrx_word' id='word_1_88' title='bbox 781 1669 861 1730; x_wconf 93' lang='lat' dir='ltr'><strong>do</strong></span> <span class='ocrx_word' id='word_1_89' title='bbox 893 1668 1140 1748; x_wconf 86' lang='lat' dir='ltr'><strong>utrique</strong></span> <span class='ocrx_word' id='word_1_90' title='bbox 1163 1669 1335 1729; x_wconf 89' lang='lat' dir='ltr'><strong>certo</strong></span> <span class='ocrx_word' id='word_1_91' title='bbox 1365 1667 1642 1746; x_wconf 85' lang='lat' dir='ltr'><strong>legatum</strong></span> <span class='ocrx_word' id='word_1_92' title='bbox 1671 1665 1808 1743; x_wconf 83' lang='lat' dir='ltr'><strong>fuit,</strong></span> <span class='ocrx_word' id='word_1_93' title='bbox 1843 1670 1907 1726; x_wconf 92' lang='lat' dir='ltr'><strong>et</strong></span> <span class='ocrx_word' id='word_1_94' title='bbox 1935 1667 2094 1728; x_wconf 85' lang='lat' dir='ltr'><strong>alter</strong></span> <span class='ocrx_word' id='word_1_95' title='bbox 2121 1666 2311 1745; x_wconf 88' lang='lat' dir='ltr'><strong>petit:</strong></span> 
     </span>
     <span class='ocr_line' id='line_1_15' title="bbox 780 1757 2320 1839; baseline -0.003 -16"><span class='ocrx_word' id='word_1_96' title='bbox 780 1762 983 1823; x_wconf 75' lang='lat' dir='ltr'><strong>haeres</strong></span> <span class='ocrx_word' id='word_1_97' title='bbox 1012 1765 1223 1822; x_wconf 87' lang='lat' dir='ltr'><strong>autem</strong></span> <span class='ocrx_word' id='word_1_98' title='bbox 1254 1759 1505 1839; x_wconf 85' lang='lat' dir='ltr'><strong>excipit,</strong></span> <span class='ocrx_word' id='word_1_99' title='bbox 1543 1759 1907 1839; x_wconf 87' lang='lat' dir='ltr'><strong>ademptum</strong></span> <span class='ocrx_word' id='word_1_100' title='bbox 1932 1757 2123 1820; x_wconf 86' lang='lat' dir='ltr'><strong>fuisse</strong></span> <span class='ocrx_word' id='word_1_101' title='bbox 2152 1758 2320 1837; x_wconf 85' lang='lat' dir='ltr'><strong>lega-</strong></span> 
     </span>
     <span class='ocr_line' id='line_1_16' title="bbox 779 1852 2316 1933; baseline -0.001 -17"><span class='ocrx_word' id='word_1_102' title='bbox 779 1859 934 1932; x_wconf 89' lang='lat' dir='ltr'><strong>tum,</strong></span> <span class='ocrx_word' id='word_1_103' title='bbox 970 1855 1049 1914; x_wconf 90' lang='lat' dir='ltr'><strong>ad</strong></span> <span class='ocrx_word' id='word_1_104' title='bbox 1080 1853 1396 1915; x_wconf 83' lang='lat' dir='ltr'><strong>haeredem</strong></span> <span class='ocrx_word' id='word_1_105' title='bbox 1418 1853 1691 1933; x_wconf 89' lang='lat' dir='ltr'><strong>pertinet</strong></span> <span class='ocrx_word' id='word_1_106' title='bbox 1711 1852 2146 1932; x_wconf 86' lang='lat' dir='ltr'><strong>exceptionem</strong></span> <span class='ocrx_word' id='word_1_107' title='bbox 2177 1870 2316 1932; x_wconf 90' lang='lat' dir='ltr'><strong>pro·</strong></span> 
     </span>
     <span class='ocr_line' id='line_1_17' title="bbox 776 1946 2319 2027; baseline -0.003 -18"><span class='ocrx_word' id='word_1_108' title='bbox 776 1950 963 2022; x_wconf 87' lang='lat' dir='ltr'><strong>bare;</strong></span> <span class='ocrx_word' id='word_1_109' title='bbox 1010 1965 1153 2008; x_wconf 90' lang='lat' dir='ltr'><strong>cum</strong></span> <span class='ocrx_word' id='word_1_110' title='bbox 1200 1966 1350 2027; x_wconf 82' lang='lat' dir='ltr'><strong>ergo</strong></span> <span class='ocrx_word' id='word_1_111' title='bbox 1394 1965 1519 2008; x_wconf 91' lang='lat' dir='ltr'><strong>non</strong></span> <span class='ocrx_word' id='word_1_112' title='bbox 1556 1946 1752 2026; x_wconf 84' lang='lat' dir='ltr'><strong>possit</strong></span> <span class='ocrx_word' id='word_1_113' title='bbox 1796 1946 2065 2025; x_wconf 86' lang='lat' dir='ltr'><strong>probare</strong></span> <span class='ocrx_word' id='word_1_114' title='bbox 2097 1946 2319 2006; x_wconf 88' lang='lat' dir='ltr'><strong>adem—</strong></span> 
     </span>
     <span class='ocr_line' id='line_1_18' title="bbox 779 2039 2316 2122; baseline -0.001 -19"><span class='ocrx_word' id='word_1_115' title='bbox 779 2044 955 2122; x_wconf 89' lang='lat' dir='ltr'><strong>ptum</strong></span> <span class='ocrx_word' id='word_1_116' title='bbox 986 2059 1120 2103; x_wconf 88' lang='lat' dir='ltr'><strong>csse</strong></span> <span class='ocrx_word' id='word_1_117' title='bbox 1167 2041 1313 2102; x_wconf 91' lang='lat' dir='ltr'><strong>huic</strong></span> <span class='ocrx_word' id='word_1_118' title='bbox 1360 2042 1619 2122; x_wconf 90' lang='lat' dir='ltr'><strong>propter</strong></span> <span class='ocrx_word' id='word_1_119' title='bbox 1663 2039 2170 2102; x_wconf 80' lang='lat' dir='ltr'><strong>incertitudinem</strong></span> <span class='ocrx_word' id='word_1_120' title='bbox 2209 2057 2316 2102; x_wconf 90' lang='lat' dir='ltr'><strong>no·</strong></span> 
     </span>
     <span class='ocr_line' id='line_1_19' title="bbox 779 2133 2314 2213; baseline -0.002 -18"><span class='ocrx_word' id='word_1_121' title='bbox 779 2135 986 2212; x_wconf 54' lang='lat' dir='ltr'><strong>minis),</strong></span> <span class='ocrx_word' id='word_1_122' title='bbox 1021 2134 1180 2196; x_wconf 87' lang='lat' dir='ltr'><strong>sicut</strong></span> <span class='ocrx_word' id='word_1_123' title='bbox 1208 2133 1269 2194; x_wconf 92' lang='lat' dir='ltr'><strong>in</strong></span> <span class='ocrx_word' id='word_1_124' title='bbox 1300 2133 1667 2213; x_wconf 89' lang='lat' dir='ltr'><strong>primocasu</strong></span> <span class='ocrx_word' id='word_1_125' title='bbox 1687 2133 2025 2212; x_wconf 67' lang='lat' dir='ltr'><strong>legatarius</strong></span> <span class='ocrx_word' id='word_1_126' title='bbox 2046 2134 2314 2213; x_wconf 87' lang='lat' dir='ltr'><strong>probare</strong></span> 
     </span>
     <span class='ocr_line' id='line_1_20' title="bbox 781 2227 2316 2308; baseline 0 -20"><span class='ocrx_word' id='word_1_127' title='bbox 781 2246 905 2289; x_wconf 91' lang='lat' dir='ltr'><strong>non</strong></span> <span class='ocrx_word' id='word_1_128' title='bbox 938 2230 1185 2307; x_wconf 90' lang='lat' dir='ltr'><strong>poterat</strong></span> <span class='ocrx_word' id='word_1_129' title='bbox 1231 2227 1349 2288; x_wconf 90' lang='lat' dir='ltr'><strong>sibi</strong></span> <span class='ocrx_word' id='word_1_130' title='bbox 1388 2245 1525 2287; x_wconf 89' lang='lat' dir='ltr'><strong>esse</strong></span> <span class='ocrx_word' id='word_1_131' title='bbox 1552 2227 1869 2306; x_wconf 86' lang='lat' dir='ltr'><strong>legatum,</strong></span> <span class='ocrx_word' id='word_1_132' title='bbox 1925 2245 2316 2308; x_wconf 86' lang='lat' dir='ltr'><strong>consequens</strong></span> 
     </span>
     <span class='ocr_line' id='line_1_21' title="bbox 780 2321 2320 2402; baseline -0.001 -19"><span class='ocrx_word' id='word_1_133' title='bbox 780 2327 876 2384; x_wconf 88' lang='lat' dir='ltr'><strong>est</strong></span> <span class='ocrx_word' id='word_1_134' title='bbox 904 2326 971 2384; x_wconf 90' lang='lat' dir='ltr'><strong>ut</strong></span> <span class='ocrx_word' id='word_1_135' title='bbox 1000 2323 1282 2402; x_wconf 83' lang='lat' dir='ltr'><strong>exceptio</strong></span> <span class='ocrx_word' id='word_1_136' title='bbox 1312 2339 1437 2382; x_wconf 90' lang='lat' dir='ltr'><strong>non</strong></span> <span class='ocrx_word' id='word_1_137' title='bbox 1458 2321 1775 2398; x_wconf 89' lang='lat' dir='ltr'><strong>subsistat,</strong></span> <span class='ocrx_word' id='word_1_138' title='bbox 1810 2321 1921 2382; x_wconf 89' lang='lat' dir='ltr'><strong>sed</strong></span> <span class='ocrx_word' id='word_1_139' title='bbox 1937 2338 2320 2401; x_wconf 83' lang='lat' dir='ltr'><strong>consequen-</strong></span> 
     </span>
     <span class='ocr_line' id='line_1_22' title="bbox 777 2413 2318 2494; baseline -0.001 -17"><span class='ocrx_word' id='word_1_140' title='bbox 777 2421 875 2478; x_wconf 88' lang='lat' dir='ltr'><strong>ter</strong></span> <span class='ocrx_word' id='word_1_141' title='bbox 904 2414 1222 2477; x_wconf 88' lang='lat' dir='ltr'><strong>debuisset</strong></span> <span class='ocrx_word' id='word_1_142' title='bbox 1259 2414 1489 2492; x_wconf 87' lang='lat' dir='ltr'><strong>dicere,</strong></span> <span class='ocrx_word' id='word_1_143' title='bbox 1525 2413 1989 2494; x_wconf 84' lang='lat' dir='ltr'><strong>ademptionem</strong></span> <span class='ocrx_word' id='word_1_144' title='bbox 2034 2415 2318 2476; x_wconf 89' lang='lat' dir='ltr'><strong>inutilem</strong></span> 
     </span>
     <span class='ocr_line' id='line_1_23' title="bbox 780 2506 2311 2589; baseline 0 -19"><span class='ocrx_word' id='word_1_145' title='bbox 780 2527 953 2587; x_wconf 88' lang='lat' dir='ltr'><strong>esse,</strong></span> <span class='ocrx_word' id='word_1_146' title='bbox 1001 2512 1066 2570; x_wconf 89' lang='lat' dir='ltr'><strong>et</strong></span> <span class='ocrx_word' id='word_1_147' title='bbox 1104 2508 1367 2589; x_wconf 81' lang='lat' dir='ltr'><strong>singulis</strong></span> <span class='ocrx_word' id='word_1_148' title='bbox 1408 2506 1625 2569; x_wconf 91' lang='lat' dir='ltr'><strong>deberi</strong></span> <span class='ocrx_word' id='word_1_149' title='bbox 1665 2506 1983 2587; x_wconf 86' lang='lat' dir='ltr'><strong>integrum</strong></span> <span class='ocrx_word' id='word_1_150' title='bbox 2009 2508 2311 2587; x_wconf 83' lang='lat' dir='ltr'><strong>legatum,</strong></span> 
     </span>
     <span class='ocr_line' id='line_1_24' title="bbox 779 2600 2316 2682; baseline 0 -19"><span class='ocrx_word' id='word_1_151' title='bbox 779 2603 940 2665; x_wconf 84' lang='lat' dir='ltr'><strong>sicut</strong></span> <span class='ocrx_word' id='word_1_152' title='bbox 984 2600 1038 2663; x_wconf 87' lang='lat' dir='ltr'><strong>si</strong></span> <span class='ocrx_word' id='word_1_153' title='bbox 1079 2601 1445 2682; x_wconf 80' lang='lat' dir='ltr'><strong>ademptum</strong></span> <span class='ocrx_word' id='word_1_154' title='bbox 1484 2619 1607 2663; x_wconf 92' lang='lat' dir='ltr'><strong>non</strong></span> <span class='ocrx_word' id='word_1_155' title='bbox 1656 2600 1918 2662; x_wconf 85' lang='lat' dir='ltr'><strong>fuisset:</strong></span> <span class='ocrx_word' id='word_1_156' title='bbox 1962 2600 2023 2660; x_wconf 89' lang='lat' dir='ltr'><strong>in</strong></span> <span class='ocrx_word' id='word_1_157' title='bbox 2054 2600 2316 2663; x_wconf 81' lang='lat' dir='ltr'><strong>veritate</strong></span> 
     </span>
     <span class='ocr_line' id='line_1_25' title="bbox 777 2694 2315 2775; baseline 0 -19"><span class='ocrx_word' id='word_1_158' title='bbox 777 2700 989 2760; x_wconf 84' lang='lat' dir='ltr'><strong>autem</strong></span> <span class='ocrx_word' id='word_1_159' title='bbox 1017 2699 1167 2758; x_wconf 90' lang='lat' dir='ltr'><strong>tunc</strong></span> <span class='ocrx_word' id='word_1_160' title='bbox 1197 2694 1387 2759; x_wconf 92' lang='lat' dir='ltr'><strong>etiam</strong></span> <span class='ocrx_word' id='word_1_161' title='bbox 1416 2694 1827 2757; x_wconf 85' lang='lat' dir='ltr'><strong>dividendum</strong></span> <span class='ocrx_word' id='word_1_162' title='bbox 1857 2695 2315 2775; x_wconf 81' lang='lat' dir='ltr'><strong>essetlegatum</strong></span> 
     </span>
     <span class='ocr_line' id='line_1_26' title="bbox 778 2788 2315 2866; baseline -0.001 -16"><span class='ocrx_word' id='word_1_163' title='bbox 778 2790 939 2852; x_wconf 91' lang='lat' dir='ltr'><strong>inter</strong></span> <span class='ocrx_word' id='word_1_164' title='bbox 966 2789 1125 2866; x_wconf 88' lang='lat' dir='ltr'><strong>illos,</strong></span> <span class='ocrx_word' id='word_1_165' title='bbox 1159 2808 1303 2851; x_wconf 87' lang='lat' dir='ltr'><strong>cum</strong></span> <span class='ocrx_word' id='word_1_166' title='bbox 1334 2791 1649 2851; x_wconf 85' lang='lat' dir='ltr'><strong>constaret</strong></span> <span class='ocrx_word' id='word_1_167' title='bbox 1677 2807 1802 2849; x_wconf 92' lang='lat' dir='ltr'><strong>non</strong></span> <span class='ocrx_word' id='word_1_168' title='bbox 1833 2788 2047 2850; x_wconf 88' lang='lat' dir='ltr'><strong>deberi</strong></span> <span class='ocrx_word' id='word_1_169' title='bbox 2078 2793 2315 2851; x_wconf 88' lang='lat' dir='ltr'><strong>utrum-</strong></span> 
     </span>
     <span class='ocr_line' id='line_1_27' title="bbox 778 2881 2316 2964; baseline 0 -20"><span class='ocrx_word' id='word_1_170' title='bbox 778 2903 901 2964; x_wconf 88' lang='lat' dir='ltr'><strong>que</strong></span> <span class='ocrx_word' id='word_1_171' title='bbox 938 2884 1255 2964; x_wconf 88' lang='lat' dir='ltr'><strong>legatum,</strong></span> <span class='ocrx_word' id='word_1_172' title='bbox 1304 2881 1414 2943; x_wconf 88' lang='lat' dir='ltr'><strong>sed</strong></span> <span class='ocrx_word' id='word_1_173' title='bbox 1442 2882 1732 2944; x_wconf 87' lang='lat' dir='ltr'><strong>alterum.</strong></span> <span class='ocrx_word' id='word_1_174' title='bbox 1786 2882 1965 2954; x_wconf 91' lang='lat' dir='ltr'><strong>Quod</strong></span> <span class='ocrx_word' id='word_1_175' title='bbox 1996 2887 2208 2944; x_wconf 90' lang='lat' dir='ltr'><strong>autem</strong></span> <span class='ocrx_word' id='word_1_176' title='bbox 2240 2902 2316 2944; x_wconf 87' lang='lat' dir='ltr'><strong>ex</strong></span> 
     </span>
     <span class='ocr_line' id='line_1_28' title="bbox 780 2975 2314 3056; baseline 0 -18"><span class='ocrx_word' id='word_1_177' title='bbox 780 2977 898 3039; x_wconf 91' lang='lat' dir='ltr'><strong>illis</strong></span> <span class='ocrx_word' id='word_1_178' title='bbox 928 2977 1173 3038; x_wconf 86' lang='lat' dir='ltr'><strong>duobus</strong></span> <span class='ocrx_word' id='word_1_179' title='bbox 1201 2975 1424 3056; x_wconf 85' lang='lat' dir='ltr'><strong>legatis</strong></span> <span class='ocrx_word' id='word_1_180' title='bbox 1453 2975 1821 3037; x_wconf 81' lang='lat' dir='ltr'><strong>solvendum</strong></span> <span class='ocrx_word' id='word_1_181' title='bbox 1852 2980 2034 3052; x_wconf 87' lang='lat' dir='ltr'><strong>esset,</strong></span> <span class='ocrx_word' id='word_1_182' title='bbox 2070 2981 2134 3039; x_wconf 90' lang='lat' dir='ltr'><strong>et</strong></span> <span class='ocrx_word' id='word_1_183' title='bbox 2160 2977 2314 3038; x_wconf 89' lang='lat' dir='ltr'><strong>divi-</strong></span> 
     </span>
     <span class='ocr_line' id='line_1_29' title="bbox 779 3068 2314 3151; baseline 0 -20"><span class='ocrx_word' id='word_1_184' title='bbox 779 3069 1056 3133; x_wconf 88' lang='lat' dir='ltr'><strong>dendum</strong></span> <span class='ocrx_word' id='word_1_185' title='bbox 1077 3117 1092 3147; x_wconf 94' lang='lat'><strong>,</strong></span> <span class='ocrx_word' id='word_1_186' title='bbox 1146 3069 1197 3129; x_wconf 88' lang='lat' dir='ltr'><strong>si</strong></span> <span class='ocrx_word' id='word_1_187' title='bbox 1223 3070 1436 3149; x_wconf 83' lang='lat' dir='ltr'><strong>legata</strong></span> <span class='ocrx_word' id='word_1_188' title='bbox 1464 3068 1715 3130; x_wconf 87' lang='lat' dir='ltr'><strong>fuerant</strong></span> <span class='ocrx_word' id='word_1_189' title='bbox 1740 3070 2075 3149; x_wconf 72' lang='lat' dir='ltr'><strong>inaequalia</strong></span> <span class='ocrx_word' id='word_1_190' title='bbox 2099 3118 2114 3148; x_wconf 92' lang='lat'>‚</span> <span class='ocrx_word' id='word_1_191' title='bbox 2167 3071 2314 3151; x_wconf 88' lang='lat' dir='ltr'><strong>quia</strong></span> 
     </span>
     <span class='ocr_line' id='line_1_30' title="bbox 778 3162 2311 3244; baseline 0 -18"><span class='ocrx_word' id='word_1_192' title='bbox 778 3164 885 3226; x_wconf 91' lang='lat' dir='ltr'><strong>nni</strong></span> <span class='ocrx_word' id='word_1_193' title='bbox 910 3212 926 3242; x_wconf 90' lang='lat'><strong>,</strong></span> <span class='ocrx_word' id='word_1_194' title='bbox 984 3183 1045 3227; x_wconf 85' lang='lat' dir='ltr'><strong>v.</strong></span> <span class='ocrx_word' id='word_1_195' title='bbox 1078 3183 1175 3244; x_wconf 83' lang='lat' dir='ltr'><strong>gr.</strong></span> <span class='ocrx_word' id='word_1_196' title='bbox 1209 3162 1425 3227; x_wconf 84' lang='lat' dir='ltr'><strong>relicta</strong></span> <span class='ocrx_word' id='word_1_197' title='bbox 1463 3164 1712 3226; x_wconf 81' lang='lat' dir='ltr'><strong>fuerant</strong></span> <span class='ocrx_word' id='word_1_198' title='bbox 1739 3166 1991 3227; x_wconf 89' lang='lat' dir='ltr'><strong>centum</strong></span> <span class='ocrx_word' id='word_1_199' title='bbox 2046 3167 2109 3227; x_wconf 88' lang='lat' dir='ltr'><strong>et</strong></span> <span class='ocrx_word' id='word_1_200' title='bbox 2138 3164 2311 3226; x_wconf 88' lang='lat' dir='ltr'><strong>alteri</strong></span> 
     </span>
     <span class='ocr_line' id='line_1_31' title="bbox 779 3257 2314 3339; baseline 0.001 -20"><span class='ocrx_word' id='word_1_201' title='bbox 779 3259 1236 3339; x_wconf 83' lang='lat' dir='ltr'><strong>quinquagInta</strong></span> <span class='ocrx_word' id='word_1_202' title='bbox 1266 3261 1327 3319; x_wconf 92' lang='lat' dir='ltr'><strong>et</strong></span> <span class='ocrx_word' id='word_1_203' title='bbox 1357 3277 1434 3318; x_wconf 89' lang='lat' dir='ltr'><strong>an</strong></span> <span class='ocrx_word' id='word_1_204' title='bbox 1466 3257 1783 3320; x_wconf 83' lang='lat' dir='ltr'><strong>sufficeret</strong></span> <span class='ocrx_word' id='word_1_205' title='bbox 1806 3258 2085 3338; x_wconf 85' lang='lat' dir='ltr'><strong>legatum</strong></span> <span class='ocrx_word' id='word_1_206' title='bbox 2108 3258 2314 3320; x_wconf 91' lang='lat' dir='ltr'><strong>minus</strong></span> 
     </span>
     <span class='ocr_line' id='line_1_32' title="bbox 777 3349 2311 3431; baseline -0.001 -18"><span class='ocrx_word' id='word_1_207' title='bbox 777 3352 954 3428; x_wconf 87' lang='lat' dir='ltr'><strong>solvi,</strong></span> <span class='ocrx_word' id='word_1_208' title='bbox 982 3356 1044 3414; x_wconf 89' lang='lat' dir='ltr'><strong>et</strong></span> <span class='ocrx_word' id='word_1_209' title='bbox 1071 3349 1266 3412; x_wconf 83' lang='lat' dir='ltr'><strong>dividi</strong></span> <span class='ocrx_word' id='word_1_210' title='bbox 1283 3351 1446 3412; x_wconf 89' lang='lat' dir='ltr'><strong>inter</strong></span> <span class='ocrx_word' id='word_1_211' title='bbox 1460 3354 1798 3431; x_wconf 88' lang='lat' dir='ltr'><strong>utrumque</strong></span> <span class='ocrx_word' id='word_1_212' title='bbox 1816 3351 1847 3412; x_wconf 68' lang='grc' dir='ltr'><strong>ἶ)</strong></span> <span class='ocrx_word' id='word_1_213' title='bbox 1865 3352 2052 3413; x_wconf 91' lang='lat' dir='ltr'><strong>credo</strong></span> <span class='ocrx_word' id='word_1_214' title='bbox 2081 3352 2311 3412; x_wconf 91' lang='lat' dir='ltr'><strong>debere</strong></span> 
     </span>
     <span class='ocr_line' id='line_1_33' title="bbox 777 3442 2314 3525; baseline 0.001 -19"><span class='ocrx_word' id='word_1_215' title='bbox 777 3446 1036 3525; x_wconf 84' lang='lat' dir='ltr'><strong>singulis</strong></span> <span class='ocrx_word' id='word_1_216' title='bbox 1057 3443 1338 3505; x_wconf 85' lang='lat' dir='ltr'><strong>dandum</strong></span> <span class='ocrx_word' id='word_1_217' title='bbox 1367 3443 1696 3504; x_wconf 89' lang='lat' dir='ltr'><strong>dimidium</strong></span> <span class='ocrx_word' id='word_1_218' title='bbox 1716 3442 1951 3523; x_wconf 90' lang='lat' dir='ltr'><strong>proprii</strong></span> <span class='ocrx_word' id='word_1_219' title='bbox 1981 3444 2193 3523; x_wconf 82' lang='lat' dir='ltr'><strong>legati,</strong></span> <span class='ocrx_word' id='word_1_220' title='bbox 2228 3446 2314 3507; x_wconf 88' lang='lat' dir='ltr'><strong>ita</strong></span> 
     </span>
     <span class='ocr_line' id='line_1_34' title="bbox 775 3536 2315 3618; baseline -0.001 -16"><span class='ocrx_word' id='word_1_221' title='bbox 775 3544 846 3602; x_wconf 87' lang='lat' dir='ltr'><strong>ut</strong></span> <span class='ocrx_word' id='word_1_222' title='bbox 890 3538 998 3600; x_wconf 88' lang='lat' dir='ltr'><strong>uni</strong></span> <span class='ocrx_word' id='word_1_223' title='bbox 1038 3538 1268 3601; x_wconf 88' lang='lat' dir='ltr'><strong>dentur</strong></span> <span class='ocrx_word' id='word_1_224' title='bbox 1298 3536 1753 3618; x_wconf 85' lang='lat' dir='ltr'><strong>quinquaginta</strong></span> <span class='ocrx_word' id='word_1_225' title='bbox 1783 3541 1846 3598; x_wconf 90' lang='lat' dir='ltr'><strong>et</strong></span> <span class='ocrx_word' id='word_1_226' title='bbox 1879 3537 2057 3599; x_wconf 88' lang='lat' dir='ltr'><strong>alteri</strong></span> <span class='ocrx_word' id='word_1_227' title='bbox 2092 3537 2315 3617; x_wconf 84' lang='lat' dir='ltr'><strong>viginti</strong></span> 
     </span>
     <span class='ocr_line' id='line_1_35' title="bbox 777 3630 2308 3714; baseline -0.001 -21"><span class='ocrx_word' id='word_1_228' title='bbox 777 3633 1053 3714; x_wconf 89' lang='lat' dir='ltr'><strong>quinque</strong></span> <span class='ocrx_word' id='word_1_229' title='bbox 1072 3630 1313 3713; x_wconf 87' lang='lat' dir='ltr'><strong>quiade</strong></span> <span class='ocrx_word' id='word_1_230' title='bbox 1344 3631 1603 3710; x_wconf 85' lang='lat' dir='ltr'><strong>singulis</strong></span> <span class='ocrx_word' id='word_1_231' title='bbox 1630 3633 1725 3692; x_wconf 91' lang='lat' dir='ltr'><strong>est</strong></span> <span class='ocrx_word' id='word_1_232' title='bbox 1753 3631 1992 3710; x_wconf 80' lang='lat' dir='ltr'><strong>aequale</strong></span> <span class='ocrx_word' id='word_1_233' title='bbox 2024 3631 2308 3710; x_wconf 90' lang='lat' dir='ltr'><strong>dubium,</strong></span> 
     </span>
     <span class='ocr_line' id='line_1_36' title="bbox 776 3723 2316 3803; baseline 0.001 -15"><span class='ocrx_word' id='word_1_234' title='bbox 776 3746 853 3788; x_wconf 89' lang='lat' dir='ltr'><strong>an</strong></span> <span class='ocrx_word' id='word_1_235' title='bbox 887 3726 1193 3788; x_wconf 85' lang='lat' dir='ltr'><strong>debeatur</strong></span> <span class='ocrx_word' id='word_1_236' title='bbox 1231 3723 1351 3785; x_wconf 88' lang='lat' dir='ltr'><strong>illis</strong></span> <span class='ocrx_word' id='word_1_237' title='bbox 1381 3742 1566 3785; x_wconf 89' lang='lat' dir='ltr'><strong>suum</strong></span> <span class='ocrx_word' id='word_1_238' title='bbox 1590 3723 1892 3803; x_wconf 85' lang='lat' dir='ltr'><strong>legatum.</strong></span> <span class='ocrx_word' id='word_1_239' title='bbox 1940 3725 2067 3785; x_wconf 89' lang='lat' dir='ltr'><strong>Nec</strong></span> <span class='ocrx_word' id='word_1_240' title='bbox 2109 3726 2316 3789; x_wconf 87' lang='lat' dir='ltr'><strong>obstat</strong></span> 
     </span>
     <span class='ocr_line' id='line_1_37' title="bbox 775 3816 2316 3902; baseline -0.001 -19"><span class='ocrx_word' id='word_1_241' title='bbox 775 3821 942 3902; x_wconf 92' lang='lat' dir='ltr'><strong>quod</strong></span> <span class='ocrx_word' id='word_1_242' title='bbox 973 3820 1158 3902; x_wconf 87' lang='lat' dir='ltr'><strong>paulo</strong></span> <span class='ocrx_word' id='word_1_243' title='bbox 1189 3822 1334 3882; x_wconf 87' lang='lat' dir='ltr'><strong>ante</strong></span> <span class='ocrx_word' id='word_1_244' title='bbox 1366 3816 1637 3878; x_wconf 84' lang='lat' dir='ltr'><strong>diximus</strong></span> <span class='ocrx_word' id='word_1_245' title='bbox 1660 3864 1675 3894; x_wconf 92' lang='lat'>‚</span> <span class='ocrx_word' id='word_1_246' title='bbox 1724 3816 1975 3898; x_wconf 88' lang='lat' dir='ltr'><strong>quando</strong></span> <span class='ocrx_word' id='word_1_247' title='bbox 2016 3818 2140 3880; x_wconf 92' lang='lat' dir='ltr'><strong>duo</strong></span> <span class='ocrx_word' id='word_1_248' title='bbox 2171 3824 2316 3882; x_wconf 88' lang='lat' dir='ltr'><strong>sunt</strong></span> 
     </span>
     <span class='ocr_line' id='line_1_38' title="bbox 773 3910 2313 3994; baseline -0.002 -18"><span class='ocrx_word' id='word_1_249' title='bbox 773 3914 937 3977; x_wconf 83' lang='lat' dir='ltr'><strong>servi</strong></span> <span class='ocrx_word' id='word_1_250' title='bbox 968 3912 1251 3994; x_wconf 87' lang='lat' dir='ltr'><strong>ejusdem</strong></span> <span class='ocrx_word' id='word_1_251' title='bbox 1283 3911 1574 3989; x_wconf 87' lang='lat' dir='ltr'><strong>nominis,</strong></span> <span class='ocrx_word' id='word_1_252' title='bbox 1604 3910 1892 3972; x_wconf 90' lang='lat' dir='ltr'><strong>viliorem</strong></span> <span class='ocrx_word' id='word_1_253' title='bbox 1922 3929 2103 3991; x_wconf 90' lang='lat' dir='ltr'><strong>posse</strong></span> <span class='ocrx_word' id='word_1_254' title='bbox 2134 3912 2313 3974; x_wconf 88' lang='lat' dir='ltr'><strong>reddi</strong></span> 
     </span>
     <span class='ocr_line' id='line_1_39' title="bbox 773 4005 2312 4087; baseline -0.001 -18"><span class='ocrx_word' id='word_1_255' title='bbox 773 4008 1076 4087; x_wconf 83' lang='lat' dir='ltr'><strong>legatario</strong></span> <span class='ocrx_word' id='word_1_256' title='bbox 1114 4029 1126 4069; x_wconf 93' lang='lat'><strong>:</strong></span> <span class='ocrx_word' id='word_1_257' title='bbox 1160 4011 1310 4068; x_wconf 92' lang='lat' dir='ltr'><strong>tunc</strong></span> <span class='ocrx_word' id='word_1_258' title='bbox 1341 4005 1510 4067; x_wconf 90' lang='lat' dir='ltr'><strong>enim</strong></span> <span class='ocrx_word' id='word_1_259' title='bbox 1547 4008 1794 4068; x_wconf 84' lang='lat' dir='ltr'><strong>constat</strong></span> <span class='ocrx_word' id='word_1_260' title='bbox 1821 4006 2147 4068; x_wconf 90' lang='lat' dir='ltr'><strong>meliorem</strong></span> <span class='ocrx_word' id='word_1_261' title='bbox 2178 4025 2312 4067; x_wconf 86' lang='lat' dir='ltr'><strong>esse</strong></span> 
     </span>
     <span class='ocr_line' id='line_1_40' title="bbox 775 4098 2312 4181; baseline -0.001 -19"><span class='ocrx_word' id='word_1_262' title='bbox 775 4102 1097 4179; x_wconf 88' lang='lat' dir='ltr'><strong>relictum,</strong></span> <span class='ocrx_word' id='word_1_263' title='bbox 1145 4118 1260 4161; x_wconf 90' lang='lat' dir='ltr'><strong>nec</strong></span> <span class='ocrx_word' id='word_1_264' title='bbox 1288 4102 1496 4179; x_wconf 87' lang='lat' dir='ltr'><strong>potest</strong></span> <span class='ocrx_word' id='word_1_265' title='bbox 1523 4098 1725 4160; x_wconf 75' lang='lat' dir='ltr'><strong>haeres</strong></span> <span class='ocrx_word' id='word_1_266' title='bbox 1754 4099 1895 4178; x_wconf 87' lang='lat' dir='ltr'><strong>cogi</strong></span> <span class='ocrx_word' id='word_1_267' title='bbox 1924 4099 2056 4161; x_wconf 90' lang='lat' dir='ltr'><strong>sine</strong></span> <span class='ocrx_word' id='word_1_268' title='bbox 2086 4101 2312 4181; x_wconf 88' lang='lat' dir='ltr'><strong>proba-</strong></span> 
     </span>
     <span class='ocr_line' id='line_1_41' title="bbox 774 4192 2312 4272; baseline -0.002 -16"><span class='ocrx_word' id='word_1_269' title='bbox 774 4195 942 4257; x_wconf 90' lang='lat' dir='ltr'><strong>tione</strong></span> <span class='ocrx_word' id='word_1_270' title='bbox 963 4242 978 4272; x_wconf 88' lang='lat'><strong>,</strong></span> <span class='ocrx_word' id='word_1_271' title='bbox 1030 4212 1172 4255; x_wconf 86' lang='lat' dir='ltr'><strong>cum</strong></span> <span class='ocrx_word' id='word_1_272' title='bbox 1202 4193 1335 4272; x_wconf 90' lang='lat' dir='ltr'><strong>ipse</strong></span> <span class='ocrx_word' id='word_1_273' title='bbox 1363 4210 1508 4253; x_wconf 89' lang='lat' dir='ltr'><strong>reus</strong></span> <span class='ocrx_word' id='word_1_274' title='bbox 1538 4192 1618 4254; x_wconf 90' lang='lat' dir='ltr'><strong>sit</strong></span> <span class='ocrx_word' id='word_1_275' title='bbox 1649 4213 1661 4254; x_wconf 71' lang='grc' dir='ltr'>ε</span> <span class='ocrx_word' id='word_1_276' title='bbox 1716 4209 1881 4253; x_wconf 89' lang='lat' dir='ltr'><strong>nunc</strong></span> <span class='ocrx_word' id='word_1_277' title='bbox 1911 4198 2121 4254; x_wconf 89' lang='lat' dir='ltr'><strong>autem</strong></span> <span class='ocrx_word' id='word_1_278' title='bbox 2169 4211 2312 4253; x_wconf 91' lang='lat' dir='ltr'><strong>eon-</strong></span> 
     </span>
     <span class='ocr_line' id='line_1_42' title="bbox 773 4283 2312 4365; baseline -0.001 -16"><span class='ocrx_word' id='word_1_279' title='bbox 773 4290 898 4352; x_wconf 84' lang='lat' dir='ltr'><strong>stat</strong></span> <span class='ocrx_word' id='word_1_280' title='bbox 926 4286 1115 4349; x_wconf 88' lang='lat' dir='ltr'><strong>etiam</strong></span> <span class='ocrx_word' id='word_1_281' title='bbox 1145 4287 1224 4346; x_wconf 90' lang='lat' dir='ltr'><strong>de</strong></span> <span class='ocrx_word' id='word_1_282' title='bbox 1254 4287 1465 4365; x_wconf 85' lang='lat' dir='ltr'><strong>legato</strong></span> <span class='ocrx_word' id='word_1_283' title='bbox 1496 4283 1720 4365; x_wconf 86' lang='lat' dir='ltr'><strong>majori</strong></span> <span class='ocrx_word' id='word_1_284' title='bbox 1750 4284 1914 4348; x_wconf 85' lang='lat' dir='ltr'><strong>facto</strong></span> <span class='ocrx_word' id='word_1_285' title='bbox 1940 4332 1956 4363; x_wconf 92' lang='lat'><strong>,</strong></span> <span class='ocrx_word' id='word_1_286' title='bbox 2008 4290 2070 4347; x_wconf 91' lang='lat' dir='ltr'><strong>et</strong></span> <span class='ocrx_word' id='word_1_287' title='bbox 2111 4288 2312 4347; x_wconf 58' lang='lat' dir='ltr'><strong>haeres</strong></span> 
     </span>
     <span class='ocr_line' id='line_1_43' title="bbox 777 4378 2311 4459; baseline -0.002 -17"><span class='ocrx_word' id='word_1_288' title='bbox 777 4399 900 4442; x_wconf 87' lang='lat' dir='ltr'><strong>non</strong></span> <span class='ocrx_word' id='word_1_289' title='bbox 932 4380 1159 4459; x_wconf 86' lang='lat' dir='ltr'><strong>probat</strong></span> <span class='ocrx_word' id='word_1_290' title='bbox 1201 4379 1587 4440; x_wconf 86' lang='lat' dir='ltr'><strong>sufficienter</strong></span> <span class='ocrx_word' id='word_1_291' title='bbox 1628 4378 2015 4458; x_wconf 87' lang='lat' dir='ltr'><strong>ademptum.</strong></span> <span class='ocrx_word' id='word_1_292' title='bbox 2068 4381 2144 4441; x_wconf 84' lang='lat' dir='ltr'><strong>Et</strong></span> <span class='ocrx_word' id='word_1_293' title='bbox 2174 4380 2311 4459; x_wconf 82' lang='lat' dir='ltr'><strong>qui·</strong></span> 
     </span>
     <span class='ocr_line' id='line_1_44' title="bbox 774 4471 2313 4551; baseline -0.001 -17"><span class='ocrx_word' id='word_1_294' title='bbox 774 4476 940 4551; x_wconf 90' lang='lat' dir='ltr'><strong>dem,</strong></span> <span class='ocrx_word' id='word_1_295' title='bbox 978 4474 1024 4534; x_wconf 88' lang='lat' dir='ltr'><strong>si</strong></span> <span class='ocrx_word' id='word_1_296' title='bbox 1057 4474 1337 4550; x_wconf 81' lang='lat' dir='ltr'><strong>legatum</strong></span> <span class='ocrx_word' id='word_1_297' title='bbox 1382 4472 1489 4532; x_wconf 89' lang='lat' dir='ltr'><strong>uni</strong></span> <span class='ocrx_word' id='word_1_298' title='bbox 1532 4471 1646 4533; x_wconf 88' lang='lat' dir='ltr'><strong>soli</strong></span> <span class='ocrx_word' id='word_1_299' title='bbox 1691 4477 1862 4534; x_wconf 91' lang='lat' dir='ltr'><strong>certo</strong></span> <span class='ocrx_word' id='word_1_300' title='bbox 1904 4473 2138 4535; x_wconf 84' lang='lat' dir='ltr'><strong>factum</strong></span> <span class='ocrx_word' id='word_1_301' title='bbox 2169 4473 2313 4533; x_wconf 89' lang='lat' dir='ltr'><strong>fuis-</strong></span> 
     </span>
     <span class='ocr_line' id='line_1_45' title="bbox 772 4564 2310 4645; baseline -0.002 -16"><span class='ocrx_word' id='word_1_302' title='bbox 772 4571 887 4645; x_wconf 86' lang='lat' dir='ltr'><strong>set,</strong></span> <span class='ocrx_word' id='word_1_303' title='bbox 922 4570 985 4628; x_wconf 86' lang='lat' dir='ltr'><strong>ct</strong></span> <span class='ocrx_word' id='word_1_304' title='bbox 1013 4565 1330 4645; x_wconf 79' lang='lat' dir='ltr'><strong>ademptio</strong></span> <span class='ocrx_word' id='word_1_305' title='bbox 1362 4564 1750 4644; x_wconf 85' lang='lat' dir='ltr'><strong>subsequens</strong></span> <span class='ocrx_word' id='word_1_306' title='bbox 1784 4569 1949 4627; x_wconf 84' lang='lat' dir='ltr'><strong>esset</strong></span> <span class='ocrx_word' id='word_1_307' title='bbox 1977 4565 2191 4643; x_wconf 85' lang='lat' dir='ltr'><strong>dubia,</strong></span> <span class='ocrx_word' id='word_1_308' title='bbox 2225 4567 2310 4627; x_wconf 91' lang='lat' dir='ltr'><strong>le-</strong></span> 
     </span>
     <span class='ocr_line' id='line_1_46' title="bbox 770 4658 2310 4741; baseline -0.003 -18"><span class='ocrx_word' id='word_1_309' title='bbox 770 4666 988 4741; x_wconf 85' lang='lat' dir='ltr'><strong>gatum</strong></span> <span class='ocrx_word' id='word_1_310' title='bbox 1024 4661 1339 4739; x_wconf 87' lang='lat' dir='ltr'><strong>integrum</strong></span> <span class='ocrx_word' id='word_1_311' title='bbox 1374 4658 1457 4720; x_wconf 89' lang='lat' dir='ltr'><strong>illi</strong></span> <span class='ocrx_word' id='word_1_312' title='bbox 1502 4658 1873 4719; x_wconf 86' lang='lat' dir='ltr'><strong>solvendum</strong></span> <span class='ocrx_word' id='word_1_313' title='bbox 1903 4664 2108 4733; x_wconf 87' lang='lat' dir='ltr'><strong>esset;</strong></span> <span class='ocrx_word' id='word_1_314' title='bbox 2160 4660 2310 4739; x_wconf 87' lang='lat' dir='ltr'><strong>quia</strong></span> 
     </span>
     <span class='ocr_line' id='line_1_47' title="bbox 771 4751 2301 4835; baseline -0.001 -19"><span class='ocrx_word' id='word_1_315' title='bbox 771 4754 1136 4835; x_wconf 84' lang='lat' dir='ltr'><strong>exceptione</strong></span> <span class='ocrx_word' id='word_1_316' title='bbox 1184 4770 1310 4813; x_wconf 92' lang='lat' dir='ltr'><strong>non</strong></span> <span class='ocrx_word' id='word_1_317' title='bbox 1356 4751 1657 4832; x_wconf 87' lang='lat' dir='ltr'><strong>probata,</strong></span> <span class='ocrx_word' id='word_1_318' title='bbox 1718 4756 1893 4814; x_wconf 89' lang='lat' dir='ltr'><strong>actor</strong></span> <span class='ocrx_word' id='word_1_319' title='bbox 1950 4753 2301 4828; x_wconf 86' lang='lat' dir='ltr'><strong>obtineret;</strong></span> 
     </span>
     <span class='ocr_line' id='line_1_48' title="bbox 769 4847 2306 4931; baseline -0.003 -20"><span class='ocrx_word' id='word_1_320' title='bbox 769 4850 919 4931; x_wconf 87' lang='lat' dir='ltr'><strong>quia</strong></span> <span class='ocrx_word' id='word_1_321' title='bbox 946 4865 1095 4910; x_wconf 83' lang='lat' dir='ltr'><strong>vero</strong></span> <span class='ocrx_word' id='word_1_322' title='bbox 1126 4848 1190 4908; x_wconf 88' lang='lat' dir='ltr'><strong>in</strong></span> <span class='ocrx_word' id='word_1_323' title='bbox 1238 4849 1451 4908; x_wconf 89' lang='lat' dir='ltr'><strong>nostro</strong></span> <span class='ocrx_word' id='word_1_324' title='bbox 1488 4864 1635 4907; x_wconf 88' lang='lat' dir='ltr'><strong>casu</strong></span> <span class='ocrx_word' id='word_1_325' title='bbox 1673 4849 1937 4927; x_wconf 86' lang='lat' dir='ltr'><strong>uterque</strong></span> <span class='ocrx_word' id='word_1_326' title='bbox 1967 4847 2306 4926; x_wconf 87' lang='lat' dir='ltr'><strong>legatarius</strong></span> 
     </span>
     <span class='ocr_line' id='line_1_49' title="bbox 769 4940 2309 5019; baseline -0.002 -14"><span class='ocrx_word' id='word_1_327' title='bbox 769 4949 865 5008; x_wconf 87' lang='lat' dir='ltr'><strong>est</strong></span> <span class='ocrx_word' id='word_1_328' title='bbox 894 4945 1071 5004; x_wconf 88' lang='lat' dir='ltr'><strong>actor</strong></span> <span class='ocrx_word' id='word_1_329' title='bbox 1115 4944 1179 5004; x_wconf 86' lang='lat' dir='ltr'><strong>et</strong></span> <span class='ocrx_word' id='word_1_330' title='bbox 1223 4959 1406 5017; x_wconf 76' lang='lat' dir='ltr'><strong>reue,</strong></span> <span class='ocrx_word' id='word_1_331' title='bbox 1459 4943 1768 5019; x_wconf 88' lang='lat' dir='ltr'><strong>quatenus</strong></span> <span class='ocrx_word' id='word_1_332' title='bbox 1813 4940 2043 5019; x_wconf 85' lang='lat' dir='ltr'><strong>singuli</strong></span> <span class='ocrx_word' id='word_1_333' title='bbox 2088 4940 2309 5002; x_wconf 81' lang='lat' dir='ltr'><strong>volunt</strong></span> 
     </span>
     <span class='ocr_line' id='line_1_50' title="bbox 769 5031 2305 5113; baseline -0.003 -15"><span class='ocrx_word' id='word_1_334' title='bbox 769 5038 1107 5098; x_wconf 83' lang='lat' dir='ltr'><strong>defendere</strong></span> <span class='ocrx_word' id='word_1_335' title='bbox 1150 5033 1472 5095; x_wconf 69' lang='lat' dir='ltr'><strong>haeredem</strong></span> <span class='ocrx_word' id='word_1_336' title='bbox 1514 5031 1670 5094; x_wconf 87' lang='lat' dir='ltr'><strong>alter</strong></span> <span class='ocrx_word' id='word_1_337' title='bbox 1709 5032 1787 5093; x_wconf 90' lang='lat' dir='ltr'><strong>ab</strong></span> <span class='ocrx_word' id='word_1_338' title='bbox 1826 5033 2023 5094; x_wconf 89' lang='lat' dir='ltr'><strong>altero</strong></span> <span class='ocrx_word' id='word_1_339' title='bbox 2053 5037 2305 5113; x_wconf 89' lang='lat' dir='ltr'><strong>petente</strong></span> 
     </span>
     <span class='ocr_line' id='line_1_51' title="bbox 767 5124 2306 5209; baseline -0.003 -15"><span class='ocrx_word' id='word_1_340' title='bbox 767 5147 951 5194; x_wconf 87' lang='lat' dir='ltr'><strong>suum</strong></span> <span class='ocrx_word' id='word_1_341' title='bbox 978 5130 1279 5209; x_wconf 86' lang='lat' dir='ltr'><strong>legatum,</strong></span> <span class='ocrx_word' id='word_1_342' title='bbox 1315 5127 1517 5188; x_wconf 71' lang='lat' dir='ltr'><strong>haeres</strong></span> <span class='ocrx_word' id='word_1_343' title='bbox 1530 5124 1788 5206; x_wconf 78' lang='lat' dir='ltr'><strong>juvatur</strong></span> <span class='ocrx_word' id='word_1_344' title='bbox 1814 5126 2209 5206; x_wconf 78' lang='lat' dir='ltr'><strong>alegatariiS,</strong></span> <span class='ocrx_word' id='word_1_345' title='bbox 2245 5131 2306 5189; x_wconf 90' lang='lat' dir='ltr'><strong>et</strong></span> 
     </span>
     <span class='ocr_line' id='line_1_52' title="bbox 768 5219 2305 5301; baseline -0.005 -14"><span class='ocrx_word' id='word_1_346' title='bbox 768 5224 1124 5287; x_wconf 81' lang='lat' dir='ltr'><strong>admittitur</strong></span> <span class='ocrx_word' id='word_1_347' title='bbox 1152 5220 1439 5299; x_wconf 81' lang='lat' dir='ltr'><strong>exceptio</strong></span> <span class='ocrx_word' id='word_1_348' title='bbox 1471 5238 1597 5281; x_wconf 90' lang='lat' dir='ltr'><strong>non</strong></span> <span class='ocrx_word' id='word_1_349' title='bbox 1629 5219 1896 5299; x_wconf 86' lang='lat' dir='ltr'><strong>integra,</strong></span> <span class='ocrx_word' id='word_1_350' title='bbox 1930 5221 2041 5282; x_wconf 90' lang='lat' dir='ltr'><strong>sed</strong></span> <span class='ocrx_word' id='word_1_351' title='bbox 2071 5239 2146 5281; x_wconf 84' lang='lat' dir='ltr'><strong>ex</strong></span> <span class='ocrx_word' id='word_1_352' title='bbox 2164 5239 2305 5301; x_wconf 87' lang='lat' dir='ltr'><strong>par·</strong></span> 
     </span>
     <span class='ocr_line' id='line_1_53' title="bbox 766 5313 2303 5399; baseline -0.003 -19"><span class='ocrx_word' id='word_1_353' title='bbox 766 5323 850 5396; x_wconf 89' lang='lat' dir='ltr'><strong>te,</strong></span> <span class='ocrx_word' id='word_1_354' title='bbox 877 5318 1025 5399; x_wconf 87' lang='lat' dir='ltr'><strong>quia</strong></span> <span class='ocrx_word' id='word_1_355' title='bbox 1039 5334 1185 5396; x_wconf 78' lang='lat' dir='ltr'><strong>Jura</strong></span> <span class='ocrx_word' id='word_1_356' title='bbox 1210 5313 1658 5394; x_wconf 87' lang='lat' dir='ltr'><strong>legatariorum</strong></span> <span class='ocrx_word' id='word_1_357' title='bbox 1674 5317 1820 5375; x_wconf 87' lang='lat' dir='ltr'><strong>sunt</strong></span> <span class='ocrx_word' id='word_1_358' title='bbox 1839 5315 2125 5395; x_wconf 69' lang='lat' dir='ltr'><strong>aequalia,</strong></span> <span class='ocrx_word' id='word_1_359' title='bbox 2160 5333 2303 5376; x_wconf 89' lang='lat' dir='ltr'><strong>cum</strong></span> 
     </span>
     <span class='ocr_line' id='line_1_54' title="bbox 765 5408 1676 5491; baseline -0.004 -18"><span class='ocrx_word' id='word_1_360' title='bbox 765 5411 995 5491; x_wconf 85' lang='lat' dir='ltr'><strong>singuli</strong></span> <span class='ocrx_word' id='word_1_361' title='bbox 1025 5411 1148 5471; x_wconf 87' lang='lat' dir='ltr'><strong>sint</strong></span> <span class='ocrx_word' id='word_1_362' title='bbox 1176 5414 1441 5486; x_wconf 88' lang='lat' dir='ltr'><strong>actores,</strong></span> <span class='ocrx_word' id='word_1_363' title='bbox 1477 5411 1541 5470; x_wconf 89' lang='lat' dir='ltr'><strong>et</strong></span> <span class='ocrx_word' id='word_1_364' title='bbox 1565 5408 1676 5469; x_wconf 91' lang='lat' dir='ltr'><strong>rei.</strong></span> 
     </span>
    </p>

    <p class='ocr_par' dir='ltr' id='par_1_3' title="bbox 768 5501 2301 5681">
     <span class='ocr_line' id='line_1_55' title="bbox 845 5501 2301 5582; baseline -0.003 -16"><span class='ocrx_word' id='word_1_365' title='bbox 845 5506 1077 5581; x_wconf 88' lang='lat' dir='ltr'><strong>Tertio,</strong></span> <span class='ocrx_word' id='word_1_366' title='bbox 1112 5508 1174 5565; x_wconf 91' lang='lat' dir='ltr'><strong>et</strong></span> <span class='ocrx_word' id='word_1_367' title='bbox 1201 5524 1239 5564; x_wconf 89' lang='lat' dir='ltr'><strong>a</strong></span> <span class='ocrx_word' id='word_1_368' title='bbox 1258 5503 1451 5582; x_wconf 84' lang='lat' dir='ltr'><strong>priori</strong></span> <span class='ocrx_word' id='word_1_369' title='bbox 1481 5508 1698 5565; x_wconf 84' lang='lat' dir='ltr'><strong>contra</strong></span> <span class='ocrx_word' id='word_1_370' title='bbox 1728 5501 2101 5564; x_wconf 89' lang='lat' dir='ltr'><strong>sententiam</strong></span> <span class='ocrx_word' id='word_1_371' title='bbox 2131 5501 2301 5563; x_wconf 88' lang='lat' dir='ltr'><strong>illam</strong></span> 
     </span>
     <span class='ocr_line' id='line_1_56' title="bbox 768 5596 2298 5681; baseline -0.004 -20"><span class='ocrx_word' id='word_1_372' title='bbox 768 5599 1081 5680; x_wconf 83' lang='lat' dir='ltr'><strong>arguitur,</strong></span> <span class='ocrx_word' id='word_1_373' title='bbox 1131 5597 1277 5678; x_wconf 84' lang='lat' dir='ltr'><strong>quia</strong></span> <span class='ocrx_word' id='word_1_374' title='bbox 1319 5596 1571 5681; x_wconf 87' lang='lat' dir='ltr'><strong>quando</strong></span> <span class='ocrx_word' id='word_1_375' title='bbox 1615 5601 1783 5659; x_wconf 89' lang='lat' dir='ltr'><strong>certo</strong></span> <span class='ocrx_word' id='word_1_376' title='bbox 1816 5600 2060 5660; x_wconf 81' lang='lat' dir='ltr'><strong>constat</strong></span> <span class='ocrx_word' id='word_1_377' title='bbox 2088 5596 2195 5661; x_wconf 89' lang='lat' dir='ltr'><strong>uni</strong></span> <span class='ocrx_word' id='word_1_378' title='bbox 2226 5614 2298 5656; x_wconf 88' lang='lat' dir='ltr'><strong>ex</strong></span> 
     </span>
    </p>
   </div>
   <div class='ocr_carea' id='block_1_3' title="bbox 1949 365 2834 430">
    <p class='ocr_par' dir='ltr' id='par_1_4' title="bbox 1949 365 2834 430">
     <span class='ocr_line' id='line_1_57' title="bbox 1949 365 2834 430; baseline 0.005 -4"><span class='ocrx_word' id='word_1_379' title='bbox 1949 366 2049 426; x_wconf 81' lang='lat' dir='ltr'><strong>DE</strong></span> <span class='ocrx_word' id='word_1_380' title='bbox 2092 365 2448 429; x_wconf 81' lang='lat' dir='ltr'><strong>JUSTITIA</strong></span> <span class='ocrx_word' id='word_1_381' title='bbox 2494 367 2593 428; x_wconf 87' lang='grc' dir='ltr'><strong>ΕΤ</strong></span> <span class='ocrx_word' id='word_1_382' title='bbox 2635 367 2834 430; x_wconf 82' lang='lat' dir='ltr'>JURE</span> 
     </span>
    </p>
   </div>
   <div class='ocr_carea' id='block_1_4' title="bbox 2414 546 3969 3338">
    <p class='ocr_par' dir='ltr' id='par_1_5' title="bbox 2414 546 3969 3338">
     <span class='ocr_line' id='line_1_58' title="bbox 2422 546 3960 629; baseline 0.004 -23"><span class='ocrx_word' id='word_1_383' title='bbox 2422 546 2667 607; x_wconf 88' lang='lat' dir='ltr'><strong>duobus</strong></span> <span class='ocrx_word' id='word_1_384' title='bbox 2692 546 2870 608; x_wconf 85' lang='lat' dir='ltr'><strong>Titiis</strong></span> <span class='ocrx_word' id='word_1_385' title='bbox 2919 547 3131 610; x_wconf 89' lang='lat' dir='ltr'><strong>deberi</strong></span> <span class='ocrx_word' id='word_1_386' title='bbox 3175 549 3492 629; x_wconf 83' lang='lat' dir='ltr'><strong>legatum,</strong></span> <span class='ocrx_word' id='word_1_387' title='bbox 3544 554 3712 614; x_wconf 90' lang='lat' dir='ltr'><strong>certo</strong></span> <span class='ocrx_word' id='word_1_388' title='bbox 3756 552 3960 615; x_wconf 83' lang='lat' dir='ltr'><strong>etiam</strong></span> 
     </span>
     <span class='ocr_line' id='line_1_59' title="bbox 2421 643 3960 725; baseline 0.004 -25"><span class='ocrx_word' id='word_1_389' title='bbox 2421 643 2665 702; x_wconf 85' lang='lat' dir='ltr'><strong>constat</strong></span> <span class='ocrx_word' id='word_1_390' title='bbox 2721 644 3082 703; x_wconf 83' lang='lat' dir='ltr'><strong>testatorem</strong></span> <span class='ocrx_word' id='word_1_391' title='bbox 3140 643 3412 704; x_wconf 88' lang='lat' dir='ltr'><strong>noluisse</strong></span> <span class='ocrx_word' id='word_1_392' title='bbox 3467 663 3725 706; x_wconf 85' lang='lat' dir='ltr'><strong>manere</strong></span> <span class='ocrx_word' id='word_1_393' title='bbox 3776 644 3960 725; x_wconf 85' lang='lat' dir='ltr'><strong>apud</strong></span> 
     </span>
     <span class='ocr_line' id='line_1_60' title="bbox 2420 734 3961 811; baseline 0.004 -19"><span class='ocrx_word' id='word_1_394' title='bbox 2420 734 2772 811; x_wconf 61' lang='lat' dir='ltr'><strong>haeredem,</strong></span> <span class='ocrx_word' id='word_1_395' title='bbox 2821 739 2882 796; x_wconf 92' lang='lat' dir='ltr'><strong>et</strong></span> <span class='ocrx_word' id='word_1_396' title='bbox 2923 740 3092 796; x_wconf 86' lang='lat' dir='ltr'><strong>certo</strong></span> <span class='ocrx_word' id='word_1_397' title='bbox 3134 742 3380 799; x_wconf 88' lang='lat' dir='ltr'><strong>constat</strong></span> <span class='ocrx_word' id='word_1_398' title='bbox 3406 738 3675 800; x_wconf 89' lang='lat' dir='ltr'><strong>alterum</strong></span> <span class='ocrx_word' id='word_1_399' title='bbox 3715 756 3788 800; x_wconf 80' lang='lat' dir='ltr'><strong>ex</strong></span> <span class='ocrx_word' id='word_1_400' title='bbox 3832 738 3961 798; x_wconf 82' lang='lat' dir='ltr'><strong>illis</strong></span> 
     </span>
     <span class='ocr_line' id='line_1_61' title="bbox 2419 826 3961 911; baseline 0.004 -25"><span class='ocrx_word' id='word_1_401' title='bbox 2419 844 2554 886; x_wconf 85' lang='lat' dir='ltr'><strong>esse</strong></span> <span class='ocrx_word' id='word_1_402' title='bbox 2606 826 2952 888; x_wconf 89' lang='lat' dir='ltr'><strong>dominium</strong></span> <span class='ocrx_word' id='word_1_403' title='bbox 2994 828 3220 908; x_wconf 89' lang='lat' dir='ltr'><strong>legati,</strong></span> <span class='ocrx_word' id='word_1_404' title='bbox 3281 830 3381 890; x_wconf 83' lang='lat' dir='ltr'><strong>vel</strong></span> <span class='ocrx_word' id='word_1_405' title='bbox 3426 829 3662 891; x_wconf 85' lang='lat' dir='ltr'><strong>habere</strong></span> <span class='ocrx_word' id='word_1_406' title='bbox 3710 831 3812 911; x_wconf 89' lang='lat' dir='ltr'><strong>jus</strong></span> <span class='ocrx_word' id='word_1_407' title='bbox 3874 830 3961 892; x_wconf 88' lang='lat' dir='ltr'><strong>ad</strong></span> 
     </span>
     <span class='ocr_line' id='line_1_62' title="bbox 2419 918 3960 1003; baseline 0.003 -25"><span class='ocrx_word' id='word_1_408' title='bbox 2419 919 2592 996; x_wconf 89' lang='lat' dir='ltr'><strong>illud,</strong></span> <span class='ocrx_word' id='word_1_409' title='bbox 2625 918 2771 981; x_wconf 91' lang='lat' dir='ltr'><strong>licet</strong></span> <span class='ocrx_word' id='word_1_410' title='bbox 2799 938 2923 980; x_wconf 88' lang='lat' dir='ltr'><strong>non</strong></span> <span class='ocrx_word' id='word_1_411' title='bbox 2954 924 3198 983; x_wconf 87' lang='lat' dir='ltr'><strong>constet</strong></span> <span class='ocrx_word' id='word_1_412' title='bbox 3226 922 3363 1003; x_wconf 87' lang='lat' dir='ltr'><strong>quis</strong></span> <span class='ocrx_word' id='word_1_413' title='bbox 3392 923 3505 998; x_wconf 87' lang='lat' dir='ltr'><strong>sit;</strong></span> <span class='ocrx_word' id='word_1_414' title='bbox 3554 927 3616 985; x_wconf 89' lang='lat' dir='ltr'><strong>et</strong></span> <span class='ocrx_word' id='word_1_415' title='bbox 3659 923 3798 985; x_wconf 91' lang='lat' dir='ltr'><strong>ideo</strong></span> <span class='ocrx_word' id='word_1_416' title='bbox 3833 924 3960 1002; x_wconf 83' lang='lat' dir='ltr'><strong>ipsi</strong></span> 
     </span>
     <span class='ocr_line' id='line_1_63' title="bbox 2419 1012 3956 1098; baseline 0.005 -27"><span class='ocrx_word' id='word_1_417' title='bbox 2419 1012 2636 1074; x_wconf 91' lang='lat' dir='ltr'><strong>dicunt</strong></span> <span class='ocrx_word' id='word_1_418' title='bbox 2665 1013 2832 1092; x_wconf 86' lang='lat' dir='ltr'><strong>quod</strong></span> <span class='ocrx_word' id='word_1_419' title='bbox 2884 1032 3007 1075; x_wconf 87' lang='lat' dir='ltr'><strong>non</strong></span> <span class='ocrx_word' id='word_1_420' title='bbox 3057 1015 3269 1078; x_wconf 88' lang='lat' dir='ltr'><strong>deficit</strong></span> <span class='ocrx_word' id='word_1_421' title='bbox 3305 1017 3411 1095; x_wconf 88' lang='lat' dir='ltr'><strong>jus</strong></span> <span class='ocrx_word' id='word_1_422' title='bbox 3457 1016 3568 1077; x_wconf 88' lang='lat' dir='ltr'><strong>sed</strong></span> <span class='ocrx_word' id='word_1_423' title='bbox 3609 1016 3904 1098; x_wconf 86' lang='lat' dir='ltr'><strong>probatio</strong></span> <span class='ocrx_word' id='word_1_424' title='bbox 3941 1038 3956 1079; x_wconf 74' lang='grc' dir='ltr'>ε</span> 
     </span>
     <span class='ocr_line' id='line_1_64' title="bbox 2418 1105 3965 1190; baseline 0.003 -24"><span class='ocrx_word' id='word_1_425' title='bbox 2418 1105 2670 1186; x_wconf 91' lang='lat' dir='ltr'><strong>quando</strong></span> <span class='ocrx_word' id='word_1_426' title='bbox 2701 1110 2913 1168; x_wconf 90' lang='lat' dir='ltr'><strong>autem</strong></span> <span class='ocrx_word' id='word_1_427' title='bbox 2944 1111 3114 1170; x_wconf 88' lang='lat' dir='ltr'><strong>certo</strong></span> <span class='ocrx_word' id='word_1_428' title='bbox 3145 1113 3389 1171; x_wconf 84' lang='lat' dir='ltr'><strong>constat</strong></span> <span class='ocrx_word' id='word_1_429' title='bbox 3430 1128 3566 1170; x_wconf 91' lang='lat' dir='ltr'><strong>rem</strong></span> <span class='ocrx_word' id='word_1_430' title='bbox 3612 1128 3797 1190; x_wconf 86' lang='lat' dir='ltr'><strong>quam</strong></span> <span class='ocrx_word' id='word_1_431' title='bbox 3840 1110 3965 1170; x_wconf 86' lang='lat' dir='ltr'><strong>ha-</strong></span> 
     </span>
     <span class='ocr_line' id='line_1_65' title="bbox 2415 1199 3957 1281; baseline 0.003 -22"><span class='ocrx_word' id='word_1_432' title='bbox 2415 1199 2527 1260; x_wconf 90' lang='lat' dir='ltr'><strong>bes</strong></span> <span class='ocrx_word' id='word_1_433' title='bbox 2556 1217 2692 1260; x_wconf 87' lang='lat' dir='ltr'><strong>esse</strong></span> <span class='ocrx_word' id='word_1_434' title='bbox 2724 1200 2992 1261; x_wconf 84' lang='lat' dir='ltr'><strong>alienam</strong></span> <span class='ocrx_word' id='word_1_435' title='bbox 3017 1247 3033 1278; x_wconf 90' lang='lat'><strong>,</strong></span> <span class='ocrx_word' id='word_1_436' title='bbox 3086 1221 3312 1281; x_wconf 87' lang='lat' dir='ltr'><strong>nempe</strong></span> <span class='ocrx_word' id='word_1_437' title='bbox 3354 1203 3520 1266; x_wconf 88' lang='lat' dir='ltr'><strong>Petri</strong></span> <span class='ocrx_word' id='word_1_438' title='bbox 3545 1250 3561 1280; x_wconf 90' lang='lat'><strong>,</strong></span> <span class='ocrx_word' id='word_1_439' title='bbox 3613 1203 3714 1265; x_wconf 75' lang='lat' dir='ltr'><strong>vel</strong></span> <span class='ocrx_word' id='word_1_440' title='bbox 3753 1203 3957 1280; x_wconf 81' lang='lat' dir='ltr'><strong>Pauli,</strong></span> 
     </span>
     <span class='ocr_line' id='line_1_66' title="bbox 2417 1293 3962 1378; baseline 0.003 -26"><span class='ocrx_word' id='word_1_441' title='bbox 2417 1310 2543 1354; x_wconf 90' lang='lat' dir='ltr'><strong>non</strong></span> <span class='ocrx_word' id='word_1_442' title='bbox 2612 1295 2789 1372; x_wconf 89' lang='lat' dir='ltr'><strong>potes</strong></span> <span class='ocrx_word' id='word_1_443' title='bbox 2849 1293 3021 1354; x_wconf 85' lang='lat' dir='ltr'><strong>illam</strong></span> <span class='ocrx_word' id='word_1_444' title='bbox 3082 1295 3195 1356; x_wconf 87' lang='lat' dir='ltr'><strong>tibi</strong></span> <span class='ocrx_word' id='word_1_445' title='bbox 3256 1296 3527 1358; x_wconf 88' lang='lat' dir='ltr'><strong>retinere</strong></span> <span class='ocrx_word' id='word_1_446' title='bbox 3559 1344 3574 1374; x_wconf 92' lang='lat'>‚</span> <span class='ocrx_word' id='word_1_447' title='bbox 3650 1315 3724 1358; x_wconf 92' lang='lat' dir='ltr'><strong>eo</strong></span> <span class='ocrx_word' id='word_1_448' title='bbox 3784 1297 3962 1378; x_wconf 87' lang='lat' dir='ltr'><strong>quod</strong></span> 
     </span>
     <span class='ocr_line' id='line_1_67' title="bbox 2417 1385 3967 1466; baseline 0.003 -21"><span class='ocrx_word' id='word_1_449' title='bbox 2417 1385 2657 1446; x_wconf 85' lang='lat' dir='ltr'><strong>nescias</strong></span> <span class='ocrx_word' id='word_1_450' title='bbox 2685 1385 2863 1466; x_wconf 88' lang='lat' dir='ltr'><strong>cujus</strong></span> <span class='ocrx_word' id='word_1_451' title='bbox 2913 1387 3164 1449; x_wconf 89' lang='lat' dir='ltr'><strong>illorum</strong></span> <span class='ocrx_word' id='word_1_452' title='bbox 3220 1390 3336 1466; x_wconf 88' lang='lat' dir='ltr'><strong>sit,</strong></span> <span class='ocrx_word' id='word_1_453' title='bbox 3390 1389 3501 1450; x_wconf 91' lang='lat' dir='ltr'><strong>sed</strong></span> <span class='ocrx_word' id='word_1_454' title='bbox 3546 1389 3740 1451; x_wconf 86' lang='lat' dir='ltr'><strong>debes</strong></span> <span class='ocrx_word' id='word_1_455' title='bbox 3791 1390 3967 1451; x_wconf 87' lang='lat' dir='ltr'><strong>inter</strong></span> 
     </span>
     <span class='ocr_line' id='line_1_68' title="bbox 2415 1480 3959 1560; baseline 0.005 -20"><span class='ocrx_word' id='word_1_456' title='bbox 2415 1482 2749 1560; x_wconf 87' lang='lat' dir='ltr'><strong>utrumque</strong></span> <span class='ocrx_word' id='word_1_457' title='bbox 2798 1480 3078 1542; x_wconf 86' lang='lat' dir='ltr'><strong>dividere</strong></span> <span class='ocrx_word' id='word_1_458' title='bbox 3108 1529 3123 1559; x_wconf 90' lang='lat'><strong>,</strong></span> <span class='ocrx_word' id='word_1_459' title='bbox 3186 1486 3254 1544; x_wconf 95' lang='lat' dir='ltr'><strong>ut</strong></span> <span class='ocrx_word' id='word_1_460' title='bbox 3305 1500 3524 1544; x_wconf 88' lang='lat' dir='ltr'><strong>omnes</strong></span> <span class='ocrx_word' id='word_1_461' title='bbox 3572 1485 3959 1558; x_wconf 84' lang='lat' dir='ltr'><strong>concedunt,</strong></span> 
     </span>
     <span class='ocr_line' id='line_1_69' title="bbox 2418 1571 3963 1655; baseline 0.005 -24"><span class='ocrx_word' id='word_1_462' title='bbox 2418 1575 2480 1633; x_wconf 90' lang='lat' dir='ltr'><strong>et</strong></span> <span class='ocrx_word' id='word_1_463' title='bbox 2528 1590 2640 1632; x_wconf 87' lang='lat' dir='ltr'><strong>nos</strong></span> <span class='ocrx_word' id='word_1_464' title='bbox 2686 1571 2957 1634; x_wconf 84' lang='lat' dir='ltr'><strong>diximus</strong></span> <span class='ocrx_word' id='word_1_465' title='bbox 3002 1592 3193 1655; x_wconf 84' lang='lat' dir='ltr'><strong>supra</strong></span> <span class='ocrx_word' id='word_1_466' title='bbox 3236 1574 3533 1654; x_wconf 88' lang='lat' dir='ltr'><strong>disputat.</strong></span> <span class='ocrx_word' id='word_1_467' title='bbox 3569 1592 3674 1638; x_wconf 83' lang='lat' dir='ltr'><strong>xx.</strong></span> <span class='ocrx_word' id='word_1_468' title='bbox 3733 1575 3802 1638; x_wconf 83' lang='lat' dir='ltr'><strong>de</strong></span> <span class='ocrx_word' id='word_1_469' title='bbox 3853 1597 3963 1636; x_wconf 77' lang='lat' dir='ltr'><strong>m·-</strong></span> 
     </span>
     <span class='ocr_line' id='line_1_70' title="bbox 2416 1665 3955 1750; baseline 0.006 -26"><span class='ocrx_word' id='word_1_470' title='bbox 2416 1665 2549 1725; x_wconf 80' lang='lat' dir='ltr'><strong>dine</strong></span> <span class='ocrx_word' id='word_1_471' title='bbox 2568 1666 2965 1741; x_wconf 77' lang='lat' dir='ltr'><strong>restitutionis,</strong></span> <span class='ocrx_word' id='word_1_472' title='bbox 2992 1669 3267 1729; x_wconf 88' lang='lat' dir='ltr'><strong>sectione</strong></span> <span class='ocrx_word' id='word_1_473' title='bbox 3281 1669 3506 1748; x_wconf 89' lang='lat' dir='ltr'><strong>prima,</strong></span> <span class='ocrx_word' id='word_1_474' title='bbox 3532 1671 3595 1731; x_wconf 92' lang='lat' dir='ltr'><strong>in</strong></span> <span class='ocrx_word' id='word_1_475' title='bbox 3615 1671 3955 1750; x_wconf 80' lang='lat' dir='ltr'><strong>principie.</strong></span> 
     </span>
     <span class='ocr_line' id='line_1_71' title="bbox 2420 1755 3968 1846; baseline 0.003 -26"><span class='ocrx_word' id='word_1_476' title='bbox 2420 1759 2484 1820; x_wconf 92' lang='lat' dir='ltr'><strong>Si</strong></span> <span class='ocrx_word' id='word_1_477' title='bbox 2514 1777 2665 1838; x_wconf 85' lang='lat' dir='ltr'><strong>ergo</strong></span> <span class='ocrx_word' id='word_1_478' title='bbox 2687 1755 2888 1821; x_wconf 84' lang='lat' dir='ltr'><strong>haeres</strong></span> <span class='ocrx_word' id='word_1_479' title='bbox 2920 1761 3036 1823; x_wconf 89' lang='lat' dir='ltr'><strong>scit</strong></span> <span class='ocrx_word' id='word_1_480' title='bbox 3064 1765 3233 1823; x_wconf 83' lang='lat' dir='ltr'><strong>certo</strong></span> <span class='ocrx_word' id='word_1_481' title='bbox 3266 1781 3420 1841; x_wconf 88' lang='lat' dir='ltr'><strong>rem,</strong></span> <span class='ocrx_word' id='word_1_482' title='bbox 3456 1764 3621 1825; x_wconf 90' lang='lat' dir='ltr'><strong>hanc</strong></span> <span class='ocrx_word' id='word_1_483' title='bbox 3642 1766 3968 1846; x_wconf 70' lang='lat' dir='ltr'><strong>pertinere</strong></span> 
     </span>
     <span class='ocr_line' id='line_1_72' title="bbox 2417 1851 3965 1937; baseline 0.005 -26"><span class='ocrx_word' id='word_1_484' title='bbox 2417 1852 2497 1912; x_wconf 89' lang='lat' dir='ltr'><strong>ad</strong></span> <span class='ocrx_word' id='word_1_485' title='bbox 2527 1851 2713 1930; x_wconf 90' lang='lat' dir='ltr'><strong>hunc,</strong></span> <span class='ocrx_word' id='word_1_486' title='bbox 2748 1854 2844 1914; x_wconf 81' lang='lat' dir='ltr'><strong>vel</strong></span> <span class='ocrx_word' id='word_1_487' title='bbox 2878 1854 3050 1914; x_wconf 90' lang='lat' dir='ltr'><strong>illum</strong></span> <span class='ocrx_word' id='word_1_488' title='bbox 3080 1855 3342 1932; x_wconf 86' lang='lat' dir='ltr'><strong>Titium,</strong></span> <span class='ocrx_word' id='word_1_489' title='bbox 3395 1874 3520 1918; x_wconf 90' lang='lat' dir='ltr'><strong>non</strong></span> <span class='ocrx_word' id='word_1_490' title='bbox 3550 1862 3758 1937; x_wconf 89' lang='lat' dir='ltr'><strong>potest</strong></span> <span class='ocrx_word' id='word_1_491' title='bbox 3783 1858 3965 1918; x_wconf 83' lang='lat' dir='ltr'><strong>illam</strong></span> 
     </span>
     <span class='ocr_line' id='line_1_73' title="bbox 2416 1945 3968 2028; baseline 0.005 -23"><span class='ocrx_word' id='word_1_492' title='bbox 2416 1945 2533 2006; x_wconf 89' lang='lat' dir='ltr'><strong>sibi</strong></span> <span class='ocrx_word' id='word_1_493' title='bbox 2560 1946 2726 2008; x_wconf 88' lang='lat' dir='ltr'><strong>licite</strong></span> <span class='ocrx_word' id='word_1_494' title='bbox 2754 1946 3024 2007; x_wconf 89' lang='lat' dir='ltr'><strong>retinere</strong></span> <span class='ocrx_word' id='word_1_495' title='bbox 3048 1994 3063 2024; x_wconf 89' lang='lat'><strong>,</strong></span> <span class='ocrx_word' id='word_1_496' title='bbox 3094 1949 3205 2009; x_wconf 88' lang='lat' dir='ltr'><strong>sed</strong></span> <span class='ocrx_word' id='word_1_497' title='bbox 3235 1949 3423 2012; x_wconf 90' lang='lat' dir='ltr'><strong>debet</strong></span> <span class='ocrx_word' id='word_1_498' title='bbox 3452 1950 3603 2011; x_wconf 87' lang='lat' dir='ltr'><strong>dure</strong></span> <span class='ocrx_word' id='word_1_499' title='bbox 3628 1998 3643 2028; x_wconf 90' lang='lat'><strong>,</strong></span> <span class='ocrx_word' id='word_1_500' title='bbox 3695 1953 3767 2013; x_wconf 92' lang='lat' dir='ltr'><strong>ut</strong></span> <span class='ocrx_word' id='word_1_501' title='bbox 3794 1952 3968 2013; x_wconf 80' lang='lat' dir='ltr'><strong>inter</strong></span> 
     </span>
     <span class='ocr_line' id='line_1_74' title="bbox 2416 2038 3845 2123; baseline 0.005 -24"><span class='ocrx_word' id='word_1_502' title='bbox 2416 2039 2552 2100; x_wconf 89' lang='lat' dir='ltr'><strong>illos</strong></span> <span class='ocrx_word' id='word_1_503' title='bbox 2584 2038 2920 2116; x_wconf 85' lang='lat' dir='ltr'><strong>dividatur,</strong></span> <span class='ocrx_word' id='word_1_504' title='bbox 2954 2040 3053 2103; x_wconf 85' lang='lat' dir='ltr'><strong>vel</strong></span> <span class='ocrx_word' id='word_1_505' title='bbox 3083 2045 3250 2103; x_wconf 84' lang='lat' dir='ltr'><strong>sorte</strong></span> <span class='ocrx_word' id='word_1_506' title='bbox 3282 2043 3387 2103; x_wconf 89' lang='lat' dir='ltr'><strong>uni</strong></span> <span class='ocrx_word' id='word_1_507' title='bbox 3418 2042 3845 2123; x_wconf 84' lang='lat' dir='ltr'><strong>adjudicetur.</strong></span> 
     </span>
     <span class='ocr_line' id='line_1_75' title="bbox 2498 2132 3966 2216; baseline 0.004 -22"><span class='ocrx_word' id='word_1_508' title='bbox 2498 2132 2915 2195; x_wconf 85' lang='lat' dir='ltr'><strong>Confirmatur</strong></span> <span class='ocrx_word' id='word_1_509' title='bbox 2947 2134 3148 2214; x_wconf 89' lang='lat' dir='ltr'><strong>primo</strong></span> <span class='ocrx_word' id='word_1_510' title='bbox 3168 2182 3183 2212; x_wconf 88' lang='lat'><strong>,</strong></span> <span class='ocrx_word' id='word_1_511' title='bbox 3233 2136 3377 2216; x_wconf 87' lang='lat' dir='ltr'><strong>quia</strong></span> <span class='ocrx_word' id='word_1_512' title='bbox 3407 2137 3649 2198; x_wconf 86' lang='lat' dir='ltr'><strong>etiamsi</strong></span> <span class='ocrx_word' id='word_1_513' title='bbox 3679 2138 3966 2200; x_wconf 83' lang='lat' dir='ltr'><strong>incertus</strong></span> 
     </span>
     <span class='ocr_line' id='line_1_76' title="bbox 2417 2226 3961 2309; baseline 0.003 -21"><span class='ocrx_word' id='word_1_514' title='bbox 2417 2226 2671 2288; x_wconf 91' lang='lat' dir='ltr'><strong>omnino</strong></span> <span class='ocrx_word' id='word_1_515' title='bbox 2717 2227 3111 2289; x_wconf 88' lang='lat' dir='ltr'><strong>sitdominus</strong></span> <span class='ocrx_word' id='word_1_516' title='bbox 3162 2247 3286 2290; x_wconf 90' lang='lat' dir='ltr'><strong>non</strong></span> <span class='ocrx_word' id='word_1_517' title='bbox 3337 2230 3538 2292; x_wconf 86' lang='lat' dir='ltr'><strong>solum</strong></span> <span class='ocrx_word' id='word_1_518' title='bbox 3578 2231 3746 2292; x_wconf 87' lang='lat' dir='ltr'><strong>inter</strong></span> <span class='ocrx_word' id='word_1_519' title='bbox 3774 2233 3961 2309; x_wconf 71' lang='grc' dir='ltr'>ᾶιιοε,</span> 
     </span>
     <span class='ocr_line' id='line_1_77' title="bbox 2416 2321 3969 2403; baseline 0.004 -22"><span class='ocrx_word' id='word_1_520' title='bbox 2416 2321 2515 2381; x_wconf 76' lang='lat' dir='ltr'><strong>vel</strong></span> <span class='ocrx_word' id='word_1_521' title='bbox 2544 2325 2704 2397; x_wconf 89' lang='lat' dir='ltr'><strong>tres,</strong></span> <span class='ocrx_word' id='word_1_522' title='bbox 2738 2321 2849 2382; x_wconf 87' lang='lat' dir='ltr'><strong>sed</strong></span> <span class='ocrx_word' id='word_1_523' title='bbox 2879 2322 3041 2383; x_wconf 87' lang='lat' dir='ltr'><strong>inter</strong></span> <span class='ocrx_word' id='word_1_524' title='bbox 3071 2341 3287 2383; x_wconf 88' lang='lat' dir='ltr'><strong>omnes</strong></span> <span class='ocrx_word' id='word_1_525' title='bbox 3316 2323 3599 2386; x_wconf 87' lang='lat' dir='ltr'><strong>homines</strong></span> <span class='ocrx_word' id='word_1_526' title='bbox 3629 2327 3879 2403; x_wconf 88' lang='lat' dir='ltr'><strong>mundi,</strong></span> <span class='ocrx_word' id='word_1_527' title='bbox 3913 2327 3969 2387; x_wconf 86' lang='lat' dir='ltr'><strong>si</strong></span> 
     </span>
     <span class='ocr_line' id='line_1_78' title="bbox 2414 2412 3959 2498; baseline 0.003 -22"><span class='ocrx_word' id='word_1_528' title='bbox 2414 2417 2624 2476; x_wconf 87' lang='lat' dir='ltr'><strong>tamen</strong></span> <span class='ocrx_word' id='word_1_529' title='bbox 2667 2412 2778 2476; x_wconf 90' lang='lat' dir='ltr'><strong>tibi</strong></span> <span class='ocrx_word' id='word_1_530' title='bbox 2807 2419 3052 2477; x_wconf 89' lang='lat' dir='ltr'><strong>constat</strong></span> <span class='ocrx_word' id='word_1_531' title='bbox 3078 2435 3209 2476; x_wconf 91' lang='lat' dir='ltr'><strong>rem</strong></span> <span class='ocrx_word' id='word_1_532' title='bbox 3242 2435 3432 2496; x_wconf 86' lang='lat' dir='ltr'><strong>quarn</strong></span> <span class='ocrx_word' id='word_1_533' title='bbox 3451 2418 3769 2494; x_wconf 86' lang='lat' dir='ltr'><strong>invenisti,</strong></span> <span class='ocrx_word' id='word_1_534' title='bbox 3797 2439 3859 2481; x_wconf 79' lang='lat' dir='ltr'><strong>v.</strong></span> <span class='ocrx_word' id='word_1_535' title='bbox 3895 2439 3959 2498; x_wconf 85' lang='lat' dir='ltr'><strong>g.</strong></span> 
     </span>
     <span class='ocr_line' id='line_1_79' title="bbox 2416 2506 3966 2591; baseline 0.003 -23"><span class='ocrx_word' id='word_1_536' title='bbox 2416 2524 2552 2568; x_wconf 87' lang='lat' dir='ltr'><strong>esse</strong></span> <span class='ocrx_word' id='word_1_537' title='bbox 2584 2506 2887 2583; x_wconf 89' lang='lat' dir='ltr'><strong>alienam,</strong></span> <span class='ocrx_word' id='word_1_538' title='bbox 2938 2508 3128 2568; x_wconf 88' lang='lat' dir='ltr'><strong>debes</strong></span> <span class='ocrx_word' id='word_1_539' title='bbox 3175 2510 3397 2570; x_wconf 86' lang='lat' dir='ltr'><strong>saltem</strong></span> <span class='ocrx_word' id='word_1_540' title='bbox 3453 2528 3528 2570; x_wconf 87' lang='lat' dir='ltr'><strong>ex</strong></span> <span class='ocrx_word' id='word_1_541' title='bbox 3564 2518 3966 2591; x_wconf 65' lang='lat' dir='ltr'><strong>praesumpta</strong></span> 
     </span>
     <span class='ocr_line' id='line_1_80' title="bbox 2417 2599 3966 2684; baseline 0.003 -24"><span class='ocrx_word' id='word_1_542' title='bbox 2417 2599 2650 2662; x_wconf 87' lang='lat' dir='ltr'><strong>domini</strong></span> <span class='ocrx_word' id='word_1_543' title='bbox 2689 2600 3008 2663; x_wconf 83' lang='lat' dir='ltr'><strong>voluntate</strong></span> <span class='ocrx_word' id='word_1_544' title='bbox 3056 2601 3206 2662; x_wconf 89' lang='lat' dir='ltr'><strong>dare</strong></span> <span class='ocrx_word' id='word_1_545' title='bbox 3245 2602 3648 2682; x_wconf 75' lang='lat' dir='ltr'><strong>pauperibuS,</strong></span> <span class='ocrx_word' id='word_1_546' title='bbox 3672 2608 3966 2684; x_wconf 86' lang='lat' dir='ltr'><strong>utsupra</strong></span> 
     </span>
     <span class='ocr_line' id='line_1_81' title="bbox 2418 2693 3966 2778; baseline 0.004 -24"><span class='ocrx_word' id='word_1_547' title='bbox 2418 2712 2560 2754; x_wconf 89' lang='lat' dir='ltr'><strong>cum</strong></span> <span class='ocrx_word' id='word_1_548' title='bbox 2593 2693 2910 2754; x_wconf 89' lang='lat' dir='ltr'><strong>communi</strong></span> <span class='ocrx_word' id='word_1_549' title='bbox 2959 2695 3270 2756; x_wconf 85' lang='lat' dir='ltr'><strong>sententia</strong></span> <span class='ocrx_word' id='word_1_550' title='bbox 3300 2695 3627 2756; x_wconf 88' lang='lat' dir='ltr'><strong>docuimus</strong></span> <span class='ocrx_word' id='word_1_551' title='bbox 3659 2716 3673 2756; x_wconf 78' lang='grc' dir='ltr'><strong><em>ε</em></strong></span> <span class='ocrx_word' id='word_1_552' title='bbox 3718 2702 3966 2778; x_wconf 87' lang='lat' dir='ltr'><strong>quanto</strong></span> 
     </span>
     <span class='ocr_line' id='line_1_82' title="bbox 2417 2786 3966 2868; baseline 0.004 -20"><span class='ocrx_word' id='word_1_553' title='bbox 2417 2804 2568 2866; x_wconf 84' lang='lat' dir='ltr'><strong>ergo</strong></span> <span class='ocrx_word' id='word_1_554' title='bbox 2598 2786 2805 2847; x_wconf 87' lang='lat' dir='ltr'><strong>minus</strong></span> <span class='ocrx_word' id='word_1_555' title='bbox 2845 2786 3075 2868; x_wconf 85' lang='lat' dir='ltr'><strong>poteris</strong></span> <span class='ocrx_word' id='word_1_556' title='bbox 3122 2806 3262 2849; x_wconf 89' lang='lat' dir='ltr'><strong>eam</strong></span> <span class='ocrx_word' id='word_1_557' title='bbox 3309 2789 3576 2851; x_wconf 88' lang='lat' dir='ltr'><strong>retinere</strong></span> <span class='ocrx_word' id='word_1_558' title='bbox 3609 2838 3624 2867; x_wconf 90' lang='lat'><strong>,</strong></span> <span class='ocrx_word' id='word_1_559' title='bbox 3685 2792 3740 2851; x_wconf 89' lang='lat' dir='ltr'><strong>si</strong></span> <span class='ocrx_word' id='word_1_560' title='bbox 3789 2796 3966 2854; x_wconf 85' lang='lat' dir='ltr'><strong>certo</strong></span> 
     </span>
     <span class='ocr_line' id='line_1_83' title="bbox 2416 2881 3962 2963; baseline 0.002 -21"><span class='ocrx_word' id='word_1_561' title='bbox 2416 2883 2660 2943; x_wconf 88' lang='lat' dir='ltr'><strong>constat</strong></span> <span class='ocrx_word' id='word_1_562' title='bbox 2687 2899 2883 2941; x_wconf 91' lang='lat' dir='ltr'><strong>unum</strong></span> <span class='ocrx_word' id='word_1_563' title='bbox 2915 2900 2989 2940; x_wconf 86' lang='lat' dir='ltr'><strong>ex</strong></span> <span class='ocrx_word' id='word_1_564' title='bbox 3007 2881 3254 2943; x_wconf 88' lang='lat' dir='ltr'><strong>duobus</strong></span> <span class='ocrx_word' id='word_1_565' title='bbox 3284 2901 3419 2943; x_wconf 88' lang='lat' dir='ltr'><strong>esse</strong></span> <span class='ocrx_word' id='word_1_566' title='bbox 3442 2881 3576 2963; x_wconf 85' lang='lat' dir='ltr'><strong>ejus</strong></span> <span class='ocrx_word' id='word_1_567' title='bbox 3596 2883 3962 2961; x_wconf 86' lang='lat' dir='ltr'><strong>dominum,</strong></span> 
     </span>
     <span class='ocr_line' id='line_1_84' title="bbox 2416 2972 3967 3056; baseline 0.003 -21"><span class='ocrx_word' id='word_1_568' title='bbox 2416 2992 2562 3035; x_wconf 90' lang='lat' dir='ltr'><strong>cum</strong></span> <span class='ocrx_word' id='word_1_569' title='bbox 2588 2991 2775 3034; x_wconf 88' lang='lat' dir='ltr'><strong>verus</strong></span> <span class='ocrx_word' id='word_1_570' title='bbox 2805 2972 3115 3053; x_wconf 90' lang='lat' dir='ltr'><strong>dominus,</strong></span> <span class='ocrx_word' id='word_1_571' title='bbox 3150 2976 3431 3056; x_wconf 84' lang='lat' dir='ltr'><strong>quisquis</strong></span> <span class='ocrx_word' id='word_1_572' title='bbox 3459 2976 3560 3036; x_wconf 91' lang='lat' dir='ltr'><strong>ille</strong></span> <span class='ocrx_word' id='word_1_573' title='bbox 3589 2978 3686 3054; x_wconf 89' lang='lat' dir='ltr'><strong>sit,</strong></span> <span class='ocrx_word' id='word_1_574' title='bbox 3720 2976 3967 3040; x_wconf 87' lang='lat' dir='ltr'><strong>habeat</strong></span> 
     </span>
     <span class='ocr_line' id='line_1_85' title="bbox 2414 3067 3967 3147; baseline 0.003 -18"><span class='ocrx_word' id='word_1_575' title='bbox 2414 3068 2605 3130; x_wconf 90' lang='lat' dir='ltr'><strong>talem</strong></span> <span class='ocrx_word' id='word_1_576' title='bbox 2634 3067 3022 3129; x_wconf 86' lang='lat' dir='ltr'><strong>voluntatem</strong></span> <span class='ocrx_word' id='word_1_577' title='bbox 3049 3115 3064 3146; x_wconf 99' lang='lat'><strong>,</strong></span> <span class='ocrx_word' id='word_1_578' title='bbox 3115 3072 3183 3130; x_wconf 91' lang='lat' dir='ltr'><strong>ut</strong></span> <span class='ocrx_word' id='word_1_579' title='bbox 3213 3069 3421 3147; x_wconf 89' lang='lat' dir='ltr'><strong>potius</strong></span> <span class='ocrx_word' id='word_1_580' title='bbox 3448 3088 3547 3130; x_wconf 87' lang='lat' dir='ltr'><strong>res</strong></span> <span class='ocrx_word' id='word_1_581' title='bbox 3577 3070 3680 3132; x_wconf 90' lang='lat' dir='ltr'><strong>illa</strong></span> <span class='ocrx_word' id='word_1_582' title='bbox 3708 3070 3967 3134; x_wconf 81' lang='lat' dir='ltr'><strong>divida-</strong></span> 
     </span>
     <span class='ocr_line' id='line_1_86' title="bbox 2414 3161 3541 3243; baseline 0.002 -20"><span class='ocrx_word' id='word_1_583' title='bbox 2414 3165 2516 3223; x_wconf 87' lang='lat' dir='ltr'><strong>tur</strong></span> <span class='ocrx_word' id='word_1_584' title='bbox 2543 3178 2732 3243; x_wconf 87' lang='lat' dir='ltr'><strong>quam</strong></span> <span class='ocrx_word' id='word_1_585' title='bbox 2761 3161 3105 3223; x_wconf 87' lang='lat' dir='ltr'><strong>retineatur</strong></span> <span class='ocrx_word' id='word_1_586' title='bbox 3131 3162 3211 3224; x_wconf 90' lang='lat' dir='ltr'><strong>ab</strong></span> <span class='ocrx_word' id='word_1_587' title='bbox 3241 3161 3541 3225; x_wconf 85' lang='lat' dir='ltr'><strong>haercde?</strong></span> 
     </span>
     <span class='ocr_line' id='line_1_87' title="bbox 2497 3254 3968 3338; baseline 0.001 -21"><span class='ocrx_word' id='word_1_588' title='bbox 2497 3254 2916 3318; x_wconf 86' lang='lat' dir='ltr'><strong>Confirmatur</strong></span> <span class='ocrx_word' id='word_1_589' title='bbox 2943 3257 3245 3333; x_wconf 89' lang='lat' dir='ltr'><strong>secundo,</strong></span> <span class='ocrx_word' id='word_1_590' title='bbox 3283 3256 3430 3337; x_wconf 86' lang='lat' dir='ltr'><strong>quia</strong></span> <span class='ocrx_word' id='word_1_591' title='bbox 3447 3258 3498 3318; x_wconf 89' lang='lat' dir='ltr'><strong>si</strong></span> <span class='ocrx_word' id='word_1_592' title='bbox 3518 3256 3635 3338; x_wconf 89' lang='lat' dir='ltr'><strong>ipsi</strong></span> <span class='ocrx_word' id='word_1_593' title='bbox 3664 3258 3968 3338; x_wconf 83' lang='lat' dir='ltr'><strong>legatarii</strong></span> 
     </span>
    </p>
   </div>
   <div class='ocr_carea' id='block_1_5' title="bbox 2363 3348 3965 3431">
    <p class='ocr_par' dir='ltr' id='par_1_6' title="bbox 2363 3348 3965 3431">
     <span class='ocr_line' id='line_1_88' title="bbox 2363 3348 3965 3431; baseline 0.002 -21"><span class='ocrx_word' id='word_1_594' title='bbox 2363 3366 2368 3373; x_wconf 89' lang='lat'>·</span> <span class='ocrx_word' id='word_1_595' title='bbox 2415 3349 2822 3410; x_wconf 84' lang='lat' dir='ltr'><strong>convenirent</strong></span> <span class='ocrx_word' id='word_1_596' title='bbox 2850 3348 3014 3410; x_wconf 88' lang='lat' dir='ltr'><strong>inter</strong></span> <span class='ocrx_word' id='word_1_597' title='bbox 3042 3368 3107 3409; x_wconf 90' lang='lat' dir='ltr'><strong>se</strong></span> <span class='ocrx_word' id='word_1_598' title='bbox 3129 3399 3144 3427; x_wconf 90' lang='lat'><strong>,</strong></span> <span class='ocrx_word' id='word_1_599' title='bbox 3190 3353 3252 3410; x_wconf 88' lang='lat' dir='ltr'><strong>et</strong></span> <span class='ocrx_word' id='word_1_600' title='bbox 3281 3350 3439 3411; x_wconf 85' lang='lat' dir='ltr'><strong>alter</strong></span> <span class='ocrx_word' id='word_1_601' title='bbox 3466 3355 3718 3430; x_wconf 88' lang='lat' dir='ltr'><strong>accepto</strong></span> <span class='ocrx_word' id='word_1_602' title='bbox 3754 3353 3965 3431; x_wconf 82' lang='lat' dir='ltr'><strong>pretio</strong></span> 
     </span>
    </p>
   </div>
   <div class='ocr_carea' id='block_1_6' title="bbox 2402 3442 3966 5681">
    <p class='ocr_par' dir='ltr' id='par_1_7' title="bbox 2405 3442 3966 4812">
     <span class='ocr_line' id='line_1_89' title="bbox 2415 3442 3966 3525; baseline 0.003 -23"><span class='ocrx_word' id='word_1_603' title='bbox 2415 3446 2475 3504; x_wconf 92' lang='lat' dir='ltr'><strong>et</strong></span> <span class='ocrx_word' id='word_1_604' title='bbox 2505 3442 3011 3522; x_wconf 88' lang='lat' dir='ltr'><strong>compensatione</strong></span> <span class='ocrx_word' id='word_1_605' title='bbox 3033 3489 3048 3519; x_wconf 89' lang='lat'><strong>,</strong></span> <span class='ocrx_word' id='word_1_606' title='bbox 3114 3442 3365 3506; x_wconf 90' lang='lat' dir='ltr'><strong>cederet</strong></span> <span class='ocrx_word' id='word_1_607' title='bbox 3411 3443 3585 3507; x_wconf 86' lang='lat' dir='ltr'><strong>alteri</strong></span> <span class='ocrx_word' id='word_1_608' title='bbox 3622 3446 3837 3506; x_wconf 83' lang='lat' dir='ltr'><strong>totum</strong></span> <span class='ocrx_word' id='word_1_609' title='bbox 3860 3445 3966 3525; x_wconf 85' lang='lat' dir='ltr'><strong>jus</strong></span> 
     </span>
     <span class='ocr_line' id='line_1_90' title="bbox 2414 3534 3966 3618; baseline 0.003 -22"><span class='ocrx_word' id='word_1_610' title='bbox 2414 3534 2581 3615; x_wconf 88' lang='lat' dir='ltr'><strong>quod</strong></span> <span class='ocrx_word' id='word_1_611' title='bbox 2611 3534 2822 3612; x_wconf 88' lang='lat' dir='ltr'><strong>habet,</strong></span> <span class='ocrx_word' id='word_1_612' title='bbox 2857 3535 2908 3596; x_wconf 89' lang='lat' dir='ltr'><strong>si</strong></span> <span class='ocrx_word' id='word_1_613' title='bbox 2938 3536 3099 3597; x_wconf 85' lang='lat' dir='ltr'><strong>forte</strong></span> <span class='ocrx_word' id='word_1_614' title='bbox 3128 3534 3383 3616; x_wconf 86' lang='lat' dir='ltr'><strong>aliquod</strong></span> <span class='ocrx_word' id='word_1_615' title='bbox 3413 3536 3634 3615; x_wconf 90' lang='lat' dir='ltr'><strong>habet,</strong></span> <span class='ocrx_word' id='word_1_616' title='bbox 3680 3536 3830 3618; x_wconf 88' lang='lat' dir='ltr'><strong>jam</strong></span> <span class='ocrx_word' id='word_1_617' title='bbox 3863 3540 3966 3602; x_wconf 90' lang='lat' dir='ltr'><strong>hic</strong></span> 
     </span>
     <span class='ocr_line' id='line_1_91' title="bbox 2413 3628 3966 3710; baseline 0.002 -20"><span class='ocrx_word' id='word_1_618' title='bbox 2413 3629 2511 3690; x_wconf 90' lang='lat' dir='ltr'><strong>cui</strong></span> <span class='ocrx_word' id='word_1_619' title='bbox 2543 3629 2700 3692; x_wconf 89' lang='lat' dir='ltr'><strong>alter</strong></span> <span class='ocrx_word' id='word_1_620' title='bbox 2727 3628 2912 3691; x_wconf 88' lang='lat' dir='ltr'><strong>cessit</strong></span> <span class='ocrx_word' id='word_1_621' title='bbox 2939 3628 3131 3691; x_wconf 90' lang='lat' dir='ltr'><strong>habet</strong></span> <span class='ocrx_word' id='word_1_622' title='bbox 3167 3629 3272 3710; x_wconf 85' lang='lat' dir='ltr'><strong>jus</strong></span> <span class='ocrx_word' id='word_1_623' title='bbox 3300 3635 3538 3693; x_wconf 88' lang='lat' dir='ltr'><strong>certum</strong></span> <span class='ocrx_word' id='word_1_624' title='bbox 3579 3636 3804 3693; x_wconf 87' lang='lat' dir='ltr'><strong>contra</strong></span> <span class='ocrx_word' id='word_1_625' title='bbox 3840 3633 3966 3693; x_wconf 79' lang='lat' dir='ltr'><strong>hae-</strong></span> 
     </span>
     <span class='ocr_line' id='line_1_92' title="bbox 2414 3722 3965 3787; baseline 0.003 -4"><span class='ocrx_word' id='word_1_626' title='bbox 2414 3722 2628 3783; x_wconf 90' lang='lat' dir='ltr'><strong>redem</strong></span> <span class='ocrx_word' id='word_1_627' title='bbox 2663 3742 2676 3783; x_wconf 91' lang='lat'><strong>:</strong></span> <span class='ocrx_word' id='word_1_628' title='bbox 2712 3727 2949 3785; x_wconf 89' lang='lat' dir='ltr'><strong>certum</strong></span> <span class='ocrx_word' id='word_1_629' title='bbox 2981 3722 3146 3783; x_wconf 89' lang='lat' dir='ltr'><strong>enim</strong></span> <span class='ocrx_word' id='word_1_630' title='bbox 3173 3727 3266 3785; x_wconf 88' lang='lat' dir='ltr'><strong>est</strong></span> <span class='ocrx_word' id='word_1_631' title='bbox 3295 3727 3655 3787; x_wconf 82' lang='lat' dir='ltr'><strong>testatorem</strong></span> <span class='ocrx_word' id='word_1_632' title='bbox 3676 3726 3965 3787; x_wconf 77' lang='lat' dir='ltr'><strong>voluisse</strong></span> 
     </span>
     <span class='ocr_line' id='line_1_93' title="bbox 2413 3816 3960 3896; baseline 0.003 -19"><span class='ocrx_word' id='word_1_633' title='bbox 2413 3835 2609 3877; x_wconf 91' lang='lat' dir='ltr'><strong>unum</strong></span> <span class='ocrx_word' id='word_1_634' title='bbox 2630 3834 2704 3877; x_wconf 88' lang='lat' dir='ltr'><strong>ex</strong></span> <span class='ocrx_word' id='word_1_635' title='bbox 2725 3816 2821 3877; x_wconf 87' lang='lat' dir='ltr'><strong>his</strong></span> <span class='ocrx_word' id='word_1_636' title='bbox 2842 3817 3122 3896; x_wconf 82' lang='lat' dir='ltr'><strong>proeferri</strong></span> <span class='ocrx_word' id='word_1_637' title='bbox 3143 3816 3380 3877; x_wconf 77' lang='lat' dir='ltr'><strong>haeredi</strong></span> <span class='ocrx_word' id='word_1_638' title='bbox 3400 3819 3566 3879; x_wconf 90' lang='lat' dir='ltr'><strong>circa</strong></span> <span class='ocrx_word' id='word_1_639' title='bbox 3587 3837 3715 3879; x_wconf 86' lang='lat' dir='ltr'><strong>rem</strong></span> <span class='ocrx_word' id='word_1_640' title='bbox 3753 3819 3960 3882; x_wconf 86' lang='lat' dir='ltr'><strong>illam.</strong></span> 
     </span>
     <span class='ocr_line' id='line_1_94' title="bbox 2416 3908 3962 3993; baseline 0.001 -22"><span class='ocrx_word' id='word_1_641' title='bbox 2416 3908 2481 3971; x_wconf 90' lang='lat' dir='ltr'><strong>Si</strong></span> <span class='ocrx_word' id='word_1_642' title='bbox 2512 3928 2660 3988; x_wconf 86' lang='lat' dir='ltr'><strong>ergo</strong></span> <span class='ocrx_word' id='word_1_643' title='bbox 2692 3908 2850 3971; x_wconf 85' lang='lat' dir='ltr'><strong>alter</strong></span> <span class='ocrx_word' id='word_1_644' title='bbox 2897 3929 2972 3970; x_wconf 90' lang='lat' dir='ltr'><strong>ex</strong></span> <span class='ocrx_word' id='word_1_645' title='bbox 3022 3909 3142 3970; x_wconf 88' lang='lat' dir='ltr'><strong>illis</strong></span> <span class='ocrx_word' id='word_1_646' title='bbox 3187 3909 3424 3972; x_wconf 79' lang='lat' dir='ltr'><strong>habeat</strong></span> <span class='ocrx_word' id='word_1_647' title='bbox 3463 3910 3568 3990; x_wconf 87' lang='lat' dir='ltr'><strong>jus</strong></span> <span class='ocrx_word' id='word_1_648' title='bbox 3597 3910 3962 3993; x_wconf 87' lang='lat' dir='ltr'><strong>utriusque,</strong></span> 
     </span>
     <span class='ocr_line' id='line_1_95' title="bbox 2405 4001 3966 4083; baseline 0.001 -19"><span class='ocrx_word' id='word_1_649' title='bbox 2405 4001 2540 4083; x_wconf 85' lang='lat' dir='ltr'><strong>jam</strong></span> <span class='ocrx_word' id='word_1_650' title='bbox 2570 4021 2693 4063; x_wconf 92' lang='lat' dir='ltr'><strong>non</strong></span> <span class='ocrx_word' id='word_1_651' title='bbox 2723 4002 2840 4064; x_wconf 89' lang='lat' dir='ltr'><strong>erit</strong></span> <span class='ocrx_word' id='word_1_652' title='bbox 2868 4002 3178 4064; x_wconf 88' lang='lat' dir='ltr'><strong>incertum</strong></span> <span class='ocrx_word' id='word_1_653' title='bbox 3202 4050 3217 4080; x_wconf 92' lang='lat'>‚</span> <span class='ocrx_word' id='word_1_654' title='bbox 3268 4003 3376 4063; x_wconf 84' lang='lat' dir='ltr'><strong>sed</strong></span> <span class='ocrx_word' id='word_1_655' title='bbox 3423 4003 3671 4065; x_wconf 88' lang='lat' dir='ltr'><strong>omnino</strong></span> <span class='ocrx_word' id='word_1_656' title='bbox 3701 4011 3966 4068; x_wconf 72' lang='lat' dir='ltr'><strong>certum</strong></span> 
     </span>
     <span class='ocr_line' id='line_1_96' title="bbox 2405 4096 3965 4177; baseline 0.001 -20"><span class='ocrx_word' id='word_1_657' title='bbox 2405 4096 2511 4177; x_wconf 85' lang='lat' dir='ltr'><strong>jus</strong></span> <span class='ocrx_word' id='word_1_658' title='bbox 2557 4096 2755 4158; x_wconf 83' lang='lat' dir='ltr'><strong>istiuS.</strong></span> <span class='ocrx_word' id='word_1_659' title='bbox 2807 4097 3070 4175; x_wconf 89' lang='lat' dir='ltr'><strong>Semper</strong></span> <span class='ocrx_word' id='word_1_660' title='bbox 3098 4100 3309 4158; x_wconf 82' lang='lat' dir='ltr'><strong>autem</strong></span> <span class='ocrx_word' id='word_1_661' title='bbox 3360 4098 3765 4176; x_wconf 77' lang='lat' dir='ltr'><strong>praesumitur</strong></span> <span class='ocrx_word' id='word_1_662' title='bbox 3815 4100 3965 4161; x_wconf 85' lang='lat' dir='ltr'><strong>talis</strong></span> 
     </span>
     <span class='ocr_line' id='line_1_97' title="bbox 2411 4190 3959 4272; baseline 0.002 -21"><span class='ocrx_word' id='word_1_663' title='bbox 2411 4190 2763 4267; x_wconf 83' lang='lat' dir='ltr'><strong>conventiO,</strong></span> <span class='ocrx_word' id='word_1_664' title='bbox 2798 4195 2860 4252; x_wconf 88' lang='lat' dir='ltr'><strong>et</strong></span> <span class='ocrx_word' id='word_1_665' title='bbox 2888 4191 3175 4251; x_wconf 81' lang='lat' dir='ltr'><strong>voluntas</strong></span> <span class='ocrx_word' id='word_1_666' title='bbox 3205 4190 3530 4272; x_wconf 78' lang='lat' dir='ltr'><strong>utriusque</strong></span> <span class='ocrx_word' id='word_1_667' title='bbox 3560 4196 3786 4252; x_wconf 82' lang='lat' dir='ltr'><strong>contra</strong></span> <span class='ocrx_word' id='word_1_668' title='bbox 3821 4192 3959 4254; x_wconf 62' lang='lat' dir='ltr'><strong>hae-</strong></span> 
     </span>
     <span class='ocr_line' id='line_1_98' title="bbox 2410 4283 3959 4365; baseline 0.001 -20"><span class='ocrx_word' id='word_1_669' title='bbox 2410 4283 2593 4345; x_wconf 86' lang='lat' dir='ltr'><strong>redes</strong></span> <span class='ocrx_word' id='word_1_670' title='bbox 2627 4304 2640 4345; x_wconf 90' lang='lat'>:</span> <span class='ocrx_word' id='word_1_671' title='bbox 2675 4284 2918 4346; x_wconf 87' lang='lat' dir='ltr'><strong>malunt</strong></span> <span class='ocrx_word' id='word_1_672' title='bbox 2946 4285 3113 4344; x_wconf 90' lang='lat' dir='ltr'><strong>enim</strong></span> <span class='ocrx_word' id='word_1_673' title='bbox 3133 4283 3362 4363; x_wconf 87' lang='lat' dir='ltr'><strong>singuli</strong></span> <span class='ocrx_word' id='word_1_674' title='bbox 3383 4288 3625 4363; x_wconf 89' lang='lat' dir='ltr'><strong>partem</strong></span> <span class='ocrx_word' id='word_1_675' title='bbox 3653 4287 3959 4365; x_wconf 79' lang='lat' dir='ltr'><strong>accipere</strong></span> 
     </span>
     <span class='ocr_line' id='line_1_99' title="bbox 2412 4377 3962 4456; baseline 0.003 -19"><span class='ocrx_word' id='word_1_676' title='bbox 2412 4380 2474 4438; x_wconf 88' lang='lat' dir='ltr'><strong>et</strong></span> <span class='ocrx_word' id='word_1_677' title='bbox 2501 4377 2724 4438; x_wconf 85' lang='lat' dir='ltr'><strong>cedere</strong></span> <span class='ocrx_word' id='word_1_678' title='bbox 2754 4382 2996 4456; x_wconf 88' lang='lat' dir='ltr'><strong>partem</strong></span> <span class='ocrx_word' id='word_1_679' title='bbox 3025 4377 3227 4453; x_wconf 89' lang='lat' dir='ltr'><strong>alteri,</strong></span> <span class='ocrx_word' id='word_1_680' title='bbox 3263 4395 3453 4456; x_wconf 86' lang='lat' dir='ltr'><strong>quam</strong></span> <span class='ocrx_word' id='word_1_681' title='bbox 3484 4396 3617 4437; x_wconf 88' lang='lat' dir='ltr'><strong>rem</strong></span> <span class='ocrx_word' id='word_1_682' title='bbox 3637 4381 3849 4440; x_wconf 80' lang='lat' dir='ltr'><strong>totam</strong></span> <span class='ocrx_word' id='word_1_683' title='bbox 3881 4381 3962 4441; x_wconf 90' lang='lat' dir='ltr'><strong>ab</strong></span> 
     </span>
     <span class='ocr_line' id='line_1_100' title="bbox 2410 4469 3961 4551; baseline 0.003 -20"><span class='ocrx_word' id='word_1_684' title='bbox 2410 4469 2660 4531; x_wconf 81' lang='lat' dir='ltr'><strong>haerede</strong></span> <span class='ocrx_word' id='word_1_685' title='bbox 2690 4470 2942 4532; x_wconf 88' lang='lat' dir='ltr'><strong>retineri</strong></span> <span class='ocrx_word' id='word_1_686' title='bbox 2978 4491 2991 4532; x_wconf 91' lang='lat'><strong>:</strong></span> <span class='ocrx_word' id='word_1_687' title='bbox 3045 4489 3193 4549; x_wconf 85' lang='lat' dir='ltr'><strong>ergo</strong></span> <span class='ocrx_word' id='word_1_688' title='bbox 3239 4471 3463 4550; x_wconf 79' lang='lat' dir='ltr'><strong>singuli</strong></span> <span class='ocrx_word' id='word_1_689' title='bbox 3493 4475 3780 4551; x_wconf 85' lang='lat' dir='ltr'><strong>petentes</strong></span> <span class='ocrx_word' id='word_1_690' title='bbox 3813 4492 3961 4535; x_wconf 87' lang='lat' dir='ltr'><strong>eam</strong></span> 
     </span>
     <span class='ocr_line' id='line_1_101' title="bbox 2410 4563 3956 4645; baseline 0.003 -20"><span class='ocrx_word' id='word_1_691' title='bbox 2410 4580 2552 4625; x_wconf 91' lang='lat' dir='ltr'><strong>cum</strong></span> <span class='ocrx_word' id='word_1_692' title='bbox 2583 4563 2749 4625; x_wconf 90' lang='lat' dir='ltr'><strong>socio</strong></span> <span class='ocrx_word' id='word_1_693' title='bbox 2794 4564 3198 4625; x_wconf 82' lang='lat' dir='ltr'><strong>dividendam</strong></span> <span class='ocrx_word' id='word_1_694' title='bbox 3230 4567 3452 4645; x_wconf 89' lang='lat' dir='ltr'><strong>petunt</strong></span> <span class='ocrx_word' id='word_1_695' title='bbox 3478 4582 3553 4625; x_wconf 87' lang='lat' dir='ltr'><strong>ex</strong></span> <span class='ocrx_word' id='word_1_696' title='bbox 3574 4565 3712 4643; x_wconf 86' lang='lat' dir='ltr'><strong>jure</strong></span> <span class='ocrx_word' id='word_1_697' title='bbox 3745 4572 3956 4644; x_wconf 86' lang='lat' dir='ltr'><strong>certo,</strong></span> 
     </span>
     <span class='ocr_line' id='line_1_102' title="bbox 2409 4656 3960 4739; baseline 0.004 -22"><span class='ocrx_word' id='word_1_698' title='bbox 2409 4675 2632 4737; x_wconf 89' lang='lat' dir='ltr'><strong>nempe</strong></span> <span class='ocrx_word' id='word_1_699' title='bbox 2670 4676 2744 4717; x_wconf 89' lang='lat' dir='ltr'><strong>ex</strong></span> <span class='ocrx_word' id='word_1_700' title='bbox 2756 4656 2898 4737; x_wconf 85' lang='lat' dir='ltr'><strong>jure</strong></span> <span class='ocrx_word' id='word_1_701' title='bbox 2920 4657 3243 4736; x_wconf 88' lang='lat' dir='ltr'><strong>utriusque</strong></span> <span class='ocrx_word' id='word_1_702' title='bbox 3272 4657 3478 4738; x_wconf 89' lang='lat' dir='ltr'><strong>simul,</strong></span> <span class='ocrx_word' id='word_1_703' title='bbox 3513 4657 3680 4739; x_wconf 89' lang='lat' dir='ltr'><strong>quod</strong></span> <span class='ocrx_word' id='word_1_704' title='bbox 3698 4664 3960 4723; x_wconf 82' lang='lat' dir='ltr'><strong>certum</strong></span> 
     </span>
     <span class='ocr_line' id='line_1_103' title="bbox 2409 4754 2521 4812; baseline 0.009 -1"><span class='ocrx_word' id='word_1_705' title='bbox 2409 4754 2521 4812; x_wconf 88' lang='lat' dir='ltr'><strong>est.</strong></span> 
     </span>
    </p>

    <p class='ocr_par' dir='ltr' id='par_1_8' title="bbox 2402 4842 3961 5681">
     <span class='ocr_line' id='line_1_104' title="bbox 2488 4842 3961 4924; baseline 0.003 -19"><span class='ocrx_word' id='word_1_706' title='bbox 2488 4844 2667 4920; x_wconf 89' lang='lat' dir='ltr'><strong>Hinc,</strong></span> <span class='ocrx_word' id='word_1_707' title='bbox 2701 4861 2841 4905; x_wconf 89' lang='lat' dir='ltr'><strong>meo</strong></span> <span class='ocrx_word' id='word_1_708' title='bbox 2865 4843 3138 4922; x_wconf 88' lang='lat' dir='ltr'><strong>judicio,</strong></span> <span class='ocrx_word' id='word_1_709' title='bbox 3172 4842 3674 4924; x_wconf 81' lang='lat' dir='ltr'><strong>inferturprimO,</strong></span> <span class='ocrx_word' id='word_1_710' title='bbox 3708 4844 3961 4910; x_wconf 87' lang='lat' dir='ltr'><strong>doctri-</strong></span> 
     </span>
     <span class='ocr_line' id='line_1_105' title="bbox 2409 4937 3958 5019; baseline 0.003 -21"><span class='ocrx_word' id='word_1_711' title='bbox 2409 4956 2553 4999; x_wconf 90' lang='lat' dir='ltr'><strong>nam</strong></span> <span class='ocrx_word' id='word_1_712' title='bbox 2584 4937 2746 4998; x_wconf 87' lang='lat' dir='ltr'><strong>hanc</strong></span> <span class='ocrx_word' id='word_1_713' title='bbox 2781 4938 2991 4998; x_wconf 89' lang='lat' dir='ltr'><strong>locum</strong></span> <span class='ocrx_word' id='word_1_714' title='bbox 3041 4955 3163 4998; x_wconf 93' lang='lat' dir='ltr'><strong>non</strong></span> <span class='ocrx_word' id='word_1_715' title='bbox 3209 4937 3442 4998; x_wconf 87' lang='lat' dir='ltr'><strong>habere</strong></span> <span class='ocrx_word' id='word_1_716' title='bbox 3488 4938 3548 4998; x_wconf 90' lang='lat' dir='ltr'><strong>in</strong></span> <span class='ocrx_word' id='word_1_717' title='bbox 3596 4938 3670 4998; x_wconf 90' lang='lat' dir='ltr'><strong>iis</strong></span> <span class='ocrx_word' id='word_1_718' title='bbox 3715 4937 3958 5019; x_wconf 84' lang='lat' dir='ltr'><strong>legatis</strong></span> 
     </span>
     <span class='ocr_line' id='line_1_106' title="bbox 2406 5031 3957 5114; baseline 0.003 -21"><span class='ocrx_word' id='word_1_719' title='bbox 2406 5031 2504 5093; x_wconf 81' lang='lat' dir='ltr'><strong>vel</strong></span> <span class='ocrx_word' id='word_1_720' title='bbox 2537 5031 3049 5109; x_wconf 88' lang='lat' dir='ltr'><strong>dispositionibus</strong></span> <span class='ocrx_word' id='word_1_721' title='bbox 3070 5079 3085 5109; x_wconf 91' lang='lat'><strong>,</strong></span> <span class='ocrx_word' id='word_1_722' title='bbox 3132 5032 3196 5092; x_wconf 90' lang='lat' dir='ltr'><strong>in</strong></span> <span class='ocrx_word' id='word_1_723' title='bbox 3223 5032 3454 5112; x_wconf 87' lang='lat' dir='ltr'><strong>quibus</strong></span> <span class='ocrx_word' id='word_1_724' title='bbox 3482 5050 3642 5093; x_wconf 87' lang='lat' dir='ltr'><strong>unus</strong></span> <span class='ocrx_word' id='word_1_725' title='bbox 3673 5050 3804 5093; x_wconf 89' lang='lat' dir='ltr'><strong>non</strong></span> <span class='ocrx_word' id='word_1_726' title='bbox 3837 5054 3957 5114; x_wconf 89' lang='lat' dir='ltr'><strong>po-</strong></span> 
     </span>
     <span class='ocr_line' id='line_1_107' title="bbox 2405 5124 3956 5207; baseline 0.001 -19"><span class='ocrx_word' id='word_1_727' title='bbox 2405 5129 2527 5189; x_wconf 89' lang='lat' dir='ltr'><strong>test</strong></span> <span class='ocrx_word' id='word_1_728' title='bbox 2557 5124 2660 5207; x_wconf 89' lang='lat' dir='ltr'><strong>jus</strong></span> <span class='ocrx_word' id='word_1_729' title='bbox 2704 5143 2888 5185; x_wconf 87' lang='lat' dir='ltr'><strong>suum</strong></span> <span class='ocrx_word' id='word_1_730' title='bbox 2917 5124 3095 5187; x_wconf 86' lang='lat' dir='ltr'><strong>alteri</strong></span> <span class='ocrx_word' id='word_1_731' title='bbox 3126 5125 3372 5203; x_wconf 89' lang='lat' dir='ltr'><strong>cedere,</strong></span> <span class='ocrx_word' id='word_1_732' title='bbox 3408 5127 3590 5206; x_wconf 84' lang='lat' dir='ltr'><strong>quale</strong></span> <span class='ocrx_word' id='word_1_733' title='bbox 3630 5125 3956 5204; x_wconf 86' lang='lat' dir='ltr'><strong>imprimis</strong></span> 
     </span>
     <span class='ocr_line' id='line_1_108' title="bbox 2406 5218 3954 5300; baseline 0.002 -19"><span class='ocrx_word' id='word_1_734' title='bbox 2406 5223 2500 5282; x_wconf 86' lang='lat' dir='ltr'><strong>est</strong></span> <span class='ocrx_word' id='word_1_735' title='bbox 2525 5220 2804 5298; x_wconf 85' lang='lat' dir='ltr'><strong>legatum</strong></span> <span class='ocrx_word' id='word_1_736' title='bbox 2831 5218 3171 5297; x_wconf 75' lang='lat' dir='ltr'><strong>libertatiS,</strong></span> <span class='ocrx_word' id='word_1_737' title='bbox 3219 5218 3472 5300; x_wconf 89' lang='lat' dir='ltr'><strong>quando</strong></span> <span class='ocrx_word' id='word_1_738' title='bbox 3514 5219 3725 5282; x_wconf 87' lang='lat' dir='ltr'><strong>Sticho</strong></span> <span class='ocrx_word' id='word_1_739' title='bbox 3757 5239 3954 5284; x_wconf 76' lang='lat' dir='ltr'><strong>servo</strong></span> 
     </span>
     <span class='ocr_line' id='line_1_109' title="bbox 2402 5311 3949 5395; baseline 0.002 -21"><span class='ocrx_word' id='word_1_740' title='bbox 2402 5314 2611 5393; x_wconf 85' lang='lat' dir='ltr'><strong>legata</strong></span> <span class='ocrx_word' id='word_1_741' title='bbox 2659 5316 2754 5373; x_wconf 90' lang='lat' dir='ltr'><strong>est</strong></span> <span class='ocrx_word' id='word_1_742' title='bbox 2780 5311 3071 5389; x_wconf 89' lang='lat' dir='ltr'><strong>libertas,</strong></span> <span class='ocrx_word' id='word_1_743' title='bbox 3117 5315 3180 5374; x_wconf 81' lang='lat' dir='ltr'><strong>ct</strong></span> <span class='ocrx_word' id='word_1_744' title='bbox 3224 5330 3369 5374; x_wconf 91' lang='lat' dir='ltr'><strong>cum</strong></span> <span class='ocrx_word' id='word_1_745' title='bbox 3398 5312 3522 5376; x_wconf 90' lang='lat' dir='ltr'><strong>sint</strong></span> <span class='ocrx_word' id='word_1_746' title='bbox 3560 5313 3683 5374; x_wconf 89' lang='lat' dir='ltr'><strong>duo</strong></span> <span class='ocrx_word' id='word_1_747' title='bbox 3714 5313 3949 5395; x_wconf 83' lang='lat' dir='ltr'><strong>Stichi,</strong></span> 
     </span>
     <span class='ocr_line' id='line_1_110' title="bbox 2403 5406 3952 5489; baseline 0.003 -22"><span class='ocrx_word' id='word_1_748' title='bbox 2403 5424 2529 5467; x_wconf 91' lang='lat' dir='ltr'><strong>non</strong></span> <span class='ocrx_word' id='word_1_749' title='bbox 2558 5410 2802 5469; x_wconf 88' lang='lat' dir='ltr'><strong>constat</strong></span> <span class='ocrx_word' id='word_1_750' title='bbox 2831 5406 2907 5467; x_wconf 91' lang='lat' dir='ltr'><strong>de</strong></span> <span class='ocrx_word' id='word_1_751' title='bbox 2930 5424 3053 5486; x_wconf 87' lang='lat' dir='ltr'><strong>quo</strong></span> <span class='ocrx_word' id='word_1_752' title='bbox 3074 5409 3338 5468; x_wconf 89' lang='lat' dir='ltr'><strong>testator</strong></span> <span class='ocrx_word' id='word_1_753' title='bbox 3363 5406 3738 5468; x_wconf 86' lang='lat' dir='ltr'><strong>intellexerit</strong></span> <span class='ocrx_word' id='word_1_754' title='bbox 3762 5428 3779 5480; x_wconf 87' lang='lat'>;</span> <span class='ocrx_word' id='word_1_755' title='bbox 3816 5427 3952 5489; x_wconf 86' lang='lat' dir='ltr'><strong>quo</strong></span> 
     </span>
     <span class='ocr_line' id='line_1_111' title="bbox 2402 5500 3953 5580; baseline -0.001 -16"><span class='ocrx_word' id='word_1_756' title='bbox 2402 5520 2550 5564; x_wconf 86' lang='lat' dir='ltr'><strong>casu</strong></span> <span class='ocrx_word' id='word_1_757' title='bbox 2580 5519 2800 5563; x_wconf 86' lang='lat' dir='ltr'><strong>verum</strong></span> <span class='ocrx_word' id='word_1_758' title='bbox 2829 5500 3015 5561; x_wconf 90' lang='lat' dir='ltr'><strong>credo</strong></span> <span class='ocrx_word' id='word_1_759' title='bbox 3070 5501 3238 5580; x_wconf 90' lang='lat' dir='ltr'><strong>quod</strong></span> <span class='ocrx_word' id='word_1_760' title='bbox 3270 5500 3427 5561; x_wconf 91' lang='lat' dir='ltr'><strong>dixit</strong></span> <span class='ocrx_word' id='word_1_761' title='bbox 3464 5500 3631 5562; x_wconf 85' lang='lat' dir='ltr'><strong>dicta</strong></span> <span class='ocrx_word' id='word_1_762' title='bbox 3673 5501 3808 5575; x_wconf 84' lang='lat' dir='ltr'><strong>lex,</strong></span> <span class='ocrx_word' id='word_1_763' title='bbox 3862 5503 3953 5563; x_wconf 83' lang='lat' dir='ltr'><strong>Si</strong></span> 
     </span>
     <span class='ocr_line' id='line_1_112' title="bbox 2403 5592 3942 5681; baseline -0.001 -24"><span class='ocrx_word' id='word_1_764' title='bbox 2403 5598 2485 5657; x_wconf 78' lang='lat' dir='ltr'><strong>ita</strong></span> <span class='ocrx_word' id='word_1_765' title='bbox 2514 5594 2698 5681; x_wconf 73' lang='lat' dir='ltr'><strong>fuerit</strong></span> <span class='ocrx_word' id='word_1_766' title='bbox 2727 5597 2788 5657; x_wconf 88' lang='lat' dir='ltr'><strong>et</strong></span> <span class='ocrx_word' id='word_1_767' title='bbox 2816 5594 2983 5656; x_wconf 87' lang='lat' dir='ltr'><strong>dicta</strong></span> <span class='ocrx_word' id='word_1_768' title='bbox 3011 5594 3135 5673; x_wconf 83' lang='lat' dir='ltr'><strong>lex,</strong></span> <span class='ocrx_word' id='word_1_769' title='bbox 3170 5593 3402 5679; x_wconf 79' lang='lat' dir='ltr'><strong>Siquis</strong></span> <span class='ocrx_word' id='word_1_770' title='bbox 3429 5592 3499 5655; x_wconf 84' lang='lat' dir='ltr'><strong>de</strong></span> <span class='ocrx_word' id='word_1_771' title='bbox 3518 5592 3795 5677; x_wconf 74' lang='lat' dir='ltr'><strong>pluribus</strong></span> <span class='ocrx_word' id='word_1_772' title='bbox 3815 5643 3831 5673; x_wconf 92' lang='lat'><strong>,</strong></span> <span class='ocrx_word' id='word_1_773' title='bbox 3867 5597 3942 5663; x_wconf 79' lang='lat' dir='ltr'><strong>ff.</strong></span> 
     </span>
    </p>
   </div>
   <div class='ocr_carea' id='block_1_7' title="bbox 4003 4882 4138 5318">
    <p class='ocr_par' dir='ltr' id='par_1_9' title="bbox 4003 4882 4138 5318">
     <span class='ocr_line' id='line_1_113' title="bbox 4003 4882 4138 5318; textangle 90"><span class='ocrx_word' id='word_1_774' title='bbox 4003 5008 4138 5318; x_wconf 51' lang='grc' dir='ltr'><strong>Ξὲἶῖξ·</strong></span> <span class='ocrx_word' id='word_1_775' title='bbox 4083 4882 4136 4939; x_wconf 56' lang='lat' dir='ltr'><strong>aa</strong></span> 
     </span>
    </p>
   </div>
   <div class='ocr_carea' id='block_1_8' title="bbox 4188 4756 4190 4915">
    <p class='ocr_par' dir='ltr' id='par_1_10' title="bbox 4188 4756 4190 4915">
     <span class='ocr_line' id='line_1_114' title="bbox 4188 4756 4190 4915; baseline 0 1461"><span class='ocrx_word' id='word_1_776' title='bbox 4188 4756 4190 4915; x_wconf 95' lang='lat' dir='ltr'><strong> </strong></span> 
     </span>
    </p>
   </div>
   <div class='ocr_carea' id='block_1_9' title="bbox 4149 4878 4162 4936">
    <p class='ocr_par' dir='ltr' id='par_1_11' title="bbox 4149 4878 4162 4936">
     <span class='ocr_line' id='line_1_115' title="bbox 4149 4878 4162 4936; textangle 90"><span class='ocrx_word' id='word_1_777' title='bbox 4149 4878 4162 4936; x_wconf 60' lang='lat' dir='ltr'><strong>va</strong></span> 
     </span>
    </p>
   </div>
   <div class='ocr_carea' id='block_1_10' title="bbox 4180 5439 4188 6316">
    <p class='ocr_par' dir='ltr' id='par_1_12' title="bbox 4180 5439 4188 6316">
     <span class='ocr_line' id='line_1_116' title="bbox 4180 5439 4188 6316; baseline 0 0"><span class='ocrx_word' id='word_1_778' title='bbox 4180 5439 4188 6316; x_wconf 95' lang='lat' dir='ltr'><strong> </strong></span> 
     </span>
    </p>
   </div>
  </div>
 </body>
</html>
