4263 6376
780 410 899 471 694

783 586 1044 662 propter
1074 581 1364 641 eamdem
1397 579 1704 641 rationem
1733 577 2073 639 transferre
2119 575 2316 637 domi·

785 676 959 736 nium
990 674 1068 735 ab
1108 692 1229 735 uno
1261 673 1324 734 in
1362 672 1586 733 alium:
1629 671 1749 732 hoc
1778 675 1989 755 autem
2015 671 2080 730 in
2125 687 2318 730 causa

785 768 1034 847 capitali
1066 785 1190 827 non
1220 769 1459 845 potest;
1496 765 1646 845 quia
1696 765 1936 825 nullum
1985 764 2177 826 habet
2205 763 2318 824 do-

781 862 1046 923 minium
1073 861 1138 921 in
1168 860 1327 923 vitas
1356 859 1625 933 civium;
1661 862 1723 920 et
1759 858 1901 918 ideo
1960 877 2084 919 non
2111 860 2319 936 potest

786 956 936 1016 dare
964 953 1272 1034 majorem
1299 953 1578 1015 valorem
1607 951 1961 1015 testimonio
1993 951 2310 1031 principie,

784 1066 974 1128 quam
1003 1047 1233 1110 habeat
1261 1065 1336 1109 ex
1365 1050 1590 1110 natura
1618 1045 1731 1123 rei,
1766 1048 1828 1107 et
1882 1045 1959 1106 de
2008 1044 2152 1125 jure
2205 1062 2318 1105 na-

782 1146 960 1204 turae.

1243 1563 1663 1691 sncsrio
1738 1564 1848 1649 vl.

984 1871 1276 1948 Quomodo
1296 1871 1484 1954 judex
1501 1870 1817 1954 procedere
1838 1872 2023 1955 possit
2043 1890 2154 1953 per

1327 1979 1770 2061 inquisitionem.

528 2281 607 2341 55
863 2250 1161 2327 Suppono
1198 2246 1424 2326 primo,
1469 2251 1597 2309 tres
1625 2245 1933 2325 assignari
1963 2247 2311 2309 communi-

453 2387 458 2394 ·
782 2346 878 2405 ter
903 2341 1146 2419 modoS,
1182 2341 1408 2420 quibus
1421 2340 1618 2419 judex
1637 2344 1841 2419 potest
1867 2343 2210 2421 procedere
2246 2343 2309 2402 in

430 2412 520 2465 ⁰¹¹⁰
610 2413 729 2512 ‘uf‘
772 2435 1012 2516 judicio
1042 2439 1296 2496 externo
1328 2434 1408 2494 ad
1457 2434 1916 2513 cognoscenda,
1953 2439 2016 2497 et
2043 2436 2313 2515 punien-

779 2528 862 2589 da
889 2527 1136 2600 delicta,
1172 2527 1411 2589 scilicet
1437 2544 1549 2606 per
1564 2526 2179 2608 inquisitionem,per
2204 2547 2312 2591 ac-

778 2622 1188 2698 cusationem,
1222 2624 1284 2682 et
1311 2639 1425 2699 per
1465 2619 2027 2698 denuntiationem,
2068 2621 2147 2683 de
2178 2623 2311 2702 qui-

775 2714 893 2774 bus
922 2716 991 2775 fit
1019 2714 1254 2774 mentio
1285 2713 1347 2772 in
1374 2731 1513 2792 cap.
1556 2713 1834 2787 Qualiter,
1878 2723 1934 2775 et
1965 2713 2200 2795 quando
2233 2731 2303 2776 11.

774 2807 846 2869 de
872 2805 1281 2868 accusationib.
1313 2810 1376 2867 et
1400 2806 1525 2868 late
1559 2807 1947 2884 explicantur
1992 2807 2073 2867 ab
2104 2808 2307 2868 omni·

772 2901 892 2962 bus
920 2900 1285 2961 auctoribus
1311 2899 1566 2978 passim.
1601 2899 1905 2961 Videatur
1923 2900 2310 2963 Thom.San·

773 2993 925 3055 chez
954 2993 1062 3053 lib.
1101 3009 1187 3054 vl.
1226 2990 1445 3053 Consil.
1480 3008 1618 3070 cap.
1650 3009 1717 3055 11.
1752 2992 1815 3052 in
1837 2994 2170 3071 prooemio.
2219 2997 2308 3057 De

772 3087 1193 3162 accusatione,
1235 3089 1297 3146 et
1352 3085 1827 3147 denuntiatione
1865 3086 2149 3149 dicemus
2177 3107 2308 3150 sec·

768 3181 939 3243 tione
967 3178 1288 3258 sequenti;
1323 3197 1488 3240 nunc
1519 3178 1793 3242 breviter
1843 3179 2182 3243 dicendum
2229 3182 2306 3245 de

766 3274 1188 3354 inquisitione.

851 3369 1149 3447 Suppono
1171 3366 1469 3441 secundo,
1502 3366 1813 3444 triplicem
1860 3385 1994 3427 esse
2048 3368 2305 3448 inquisi-

769 3462 1029 3525 tionem.
1077 3460 1288 3520 Prima
1317 3464 1413 3520 est
1440 3458 1775 3538 generaliS,
1813 3460 2064 3539 quando
2104 3463 2307 3523 solum

766 3554 1104 3634 inquiritur
1130 3553 1193 3613 in
1224 3571 1457 3632 genere
1482 3552 1559 3613 de
1590 3552 1854 3630 delictis,
1889 3559 1951 3615 et
1978 3554 2057 3614 de
2088 3574 2305 3634 perso-

767 3649 883 3710 nis·
920 3646 1211 3709 Secunda
1241 3646 1548 3725 specialiS,
1576 3645 1829 3724 quando
1857 3647 2195 3726 inquiritur
2224 3649 2303 3710 de

766 3740 875 3802 tali
903 3757 1171 3820 persona
1214 3758 1295 3799 an
1360 3738 1744 3800 commiserit
1797 3739 1921 3800 tale
1977 3741 2296 3805 delictum.

765 3833 975 3895 Tertia
1005 3837 1098 3895 est
1127 3832 1332 3908 mista,
1355 3831 1608 3910 quando
1639 3831 2061 3911 inquiriturde
2093 3853 2301 3912 perso-

767 3945 850 3987 na
876 3925 1316 4002 determinata,
1352 3942 1479 3984 non
1526 3927 1737 3985 tamen
1768 3924 2064 3987 delictum
2096 3927 2302 3989 deter-

763 4020 1072 4080 minatum
1106 4037 1120 4078 :
1152 4019 1250 4079 vel
1282 4036 1316 4078 e
1375 4021 1616 4095 contra,
1652 4018 1904 4097 quando
1960 4019 2301 4099 inquiritur

764 4113 1062 4174 delictum
1093 4111 1600 4187 determinatum,
1636 4129 1762 4171 non
1789 4115 1999 4173 tamen
2044 4113 2122 4174 de
2153 4133 2296 4193 per-

765 4224 920 4268 sona
973 4205 1411 4267 determinata.
1447 4206 1752 4268 Videatur
1797 4206 1967 4266 idem
2014 4208 2297 4269 Sanchez

765 4319 903 4379 cap.
940 4316 1033 4360 111.
1090 4298 1238 4359 dub.
1311 4316 1441 4359 xvl.
1505 4303 1567 4359 et
1619 4299 2023 4377 sequentibus
2051 4300 2115 4360 in
2160 4303 2299 4381 qui-

764 4395 882 4455 bus
911 4394 1034 4457 late
1067 4394 1197 4474 agit
1224 4393 1302 4454 de
1337 4392 1439 4454 via
1468 4392 1908 4472 inquisitionis,
1941 4397 2048 4457 His
2068 4415 2295 4475 suppo-

763 4488 917 4566 sitia,

511 4608 590 4667 55
840 4581 1048 4644 Prima
1075 4582 1295 4660 regula
1350 4580 1699 4642 communis
1746 4584 1859 4658 est,
1921 4581 2000 4641 ad
2040 4581 2295 4662 inquisi-

430 4732 663 4788 Adinqum
761 4676 996 4738 tionem
1012 4674 1371 4753 generalem
1401 4674 1753 4735 faciendam
1786 4693 1912 4736 non
1964 4677 2293 4755 requirun-

409 4786 564 4829 nonem
584 4757 712 4842 gen}-
760 4773 884 4846 tur,
947 4768 1117 4848 quod
1173 4767 1494 4847 praecedat
1574 4768 1834 4829 infamia
1887 4769 1988 4829 vel
2049 4769 2307 4849 aliquid

454 4844 584 4884 ”¹⁰⁰¹
609 4854 696 4939 ᾖ,
758 4861 930 4923 aliud
958 4861 1074 4922 :ad
1105 4862 1226 4922 hoc
1256 4861 1423 4921 enim
1446 4860 1641 4941 judex
1671 4866 1919 4924 tenetur
1947 4881 2022 4923 ex
2051 4863 2282 4941 officiO,

427 4904 694 4993 mQffl
763 4956 827 5017 in
859 4955 976 5017 hoc
1006 4954 1387 5017 conveniunt
1442 4973 1683 5017 omnes,
1735 4958 1814 5018 Et
1865 4956 2169 5035 probatur
2213 4976 2289 5018 ex

750 5050 916 5131 jure,
954 5049 1060 5109 ubi
1091 5067 1258 5128 saepe
1311 5048 1615 5128 jubentur
1678 5049 1917 5129 praelati
1972 5049 2288 5130 inquirere

756 5148 819 5205 et
845 5142 1098 5204 visitare
1136 5142 1275 5203 loca
1331 5141 1448 5203 sibi
1507 5142 1809 5222 subjecta.
1849 5142 2029 5205 Ratio
2074 5148 2286 5205 autem

753 5240 866 5309 est,
919 5235 1067 5315 quia
1095 5235 1230 5297 haec
1281 5234 1602 5315 inquisitio
1660 5236 2013 5297 necessaria
2059 5240 2155 5299 es‘t
2203 5237 2284 5298 ad

748 5330 1146 5409 purgandam
1202 5328 1682 5408 rempublicam,
1716 5333 1777 5392 ct
1822 5329 2072 5389 aliunde
2131 5330 2285 5391 nulli

748 5423 820 5483 fit
845 5421 1104 5501 injuria,
1156 5441 1300 5484 cum
1350 5423 1429 5483 de
1485 5422 1653 5483 nullo
1683 5423 1748 5482 in
1777 5422 2136 5501 particulari
2195 5423 2283 5483 in-

748 5516 1053 5597 quiratur.
1087 5515 1393 5578 Videatur
1420 5517 1703 5578 Sanchez
1734 5516 1884 5577 dub.
1917 5532 2070 5577 xvn.
2099 5534 2272 5578 num.

749 5615 805 5672 1.
841 5609 1021 5673 Circa
1064 5607 1229 5671 hanc
1257 5610 1541 5688 regulam
1587 5612 1806 5673 notant
1855 5610 2276 5672 communiter

1936 400 2038 461 DE
2080 399 2434 462 JUS'rl'rIA
2480 398 2579 458 m*
2620 394 2819 457 JURE

2417 575 2726 651 doctoreS,
2758 572 3044 634 subditos
3086 591 3243 652 quos
3266 574 3465 654 judex
3516 576 3582 636 in
3643 569 3963 656 ejusmodi

2415 666 2815 747 inquisitione
2843 666 3128 746 generali
3153 667 3525 748 interrogat,
3575 687 3699 730 non
3755 664 3963 729 teneri

2413 760 2819 839 respondere,
2853 763 2917 822 et
2942 759 3265 822 declarare
3313 761 3543 823 delicta
3573 761 3820 823 occulta
3852 777 3963 821 eo·

2413 871 2553 913 rum
2602 852 2706 932 qui
2738 854 2907 913 nulla
2934 853 3226 916 laborant
3255 854 3557 916 infamia:
3592 855 3729 916 haec
3787 853 3961 914 enim

2414 951 2508 1008 est
2534 964 2712 1005 mens
2742 945 3213 1025 interrogantis,
3239 947 3561 1026 inquirere
3605 948 3849 1010 scilicet
3878 947 3960 1008 de

2412 1041 2488 1101 iis
2508 1058 2647 1119 quoe
2670 1038 2805 1118 Jam
2834 1038 2989 1099 alias
3017 1040 3272 1117 publica
3302 1044 3468 1103 sunt.
3502 1043 3596 1104 Ita
3642 1041 3963 1120 colligitur

2414 1151 2490 1193 ex
2520 1132 2687 1194 dicto
2738 1150 2876 1211 cap.
2915 1131 3201 1209 Qualiter,
3260 1142 3319 1193 et
3361 1133 3613 1215 quando.
3650 1134 3962 1197 Videatur

2415 1228 2647 1287 Suarez
2676 1227 2763 1287 to.
2793 1242 2881 1285 lv.
2914 1223 2987 1286 de
3010 1224 3309 1306 Reliqione
3335 1229 3415 1289 tr.
3448 1243 3509 1289 x.
3536 1227 3647 1290 lib.
3685 1244 3774 1290 xl.
3806 1245 3952 1307 cap.

2411 1335 2499 1379 x1.
2535 1337 2595 1379 n.
2624 1323 2683 1380 7.
2716 1317 2965 1380 Lessius
2989 1318 3053 1378 in
3081 1319 3378 1398 praesenti
3435 1338 3572 1400 cap.
3606 1338 3776 1384 xxm.
3838 1340 3949 1384 nu.

2412 1413 2552 1471 109.
2579 1414 2643 1472 et
2666 1410 2770 1471 alii
2799 1411 3055 1489 passim.
3096 1410 3279 1473 Ratio
3311 1415 3527 1474 autem
3555 1413 3737 1476 reddi
3764 1414 3950 1490 solet,

2415 1504 2562 1581 quia
2590 1503 2885 1582 proelatus
2909 1522 3034 1565 non
3063 1508 3274 1584 potest
3300 1507 3645 1585 praecipere
3708 1507 3953 1588 aliquid

2413 1597 2751 1676 contraJ'us
2778 1598 3063 1659 naturale
3108 1596 3396 1677 obligans
3453 1600 3534 1661 ad
3588 1617 3712 1662 non
3769 1600 3956 1661 diffa-

2411 1690 2715 1750 mandum
2742 1691 3137 1770 proximum:
3172 1691 3276 1753 ille
3320 1710 3471 1754 vero
3528 1693 3705 1773 cujus
3763 1694 3959 1755 delic-

2411 1788 2546 1846 tum
2577 1788 2671 1846 est
2690 1784 3027 1861 occultum,
3060 1784 3273 1846 adhuc
3298 1784 3530 1847 retinet
3579 1786 3685 1866 jus
3745 1787 3829 1847 ad
3861 1785 3954 1848 in-

2409 1877 2769 1955 tegritatem
2814 1895 2944 1938 suae
2999 1878 3215 1939 famoe:
3269 1896 3397 1939 non
3453 1896 3604 1958 ergo
3662 1880 3959 1960 praecipit

2409 1971 2705 2049 proelatus
2736 1970 3124 2032 manifestari
3162 1971 3475 2051 ejusmodi
3517 1971 3766 2035 delicta.
3802 1974 3956 2035 Haec

2408 2067 2620 2126 tamen
2649 2064 2806 2125 ratio
2834 2082 2959 2125 non
2981 2063 3230 2124 videtur
3259 2065 3513 2126 omnino
3544 2064 3953 2147 efficax‚quia

2410 2156 2672 2218 fortasse
2701 2156 2805 2217 ille
2832 2156 2940 2236 qui
2968 2156 3085 2217 scit
3108 2154 3407 2220 delictum
3438 2157 3714 2234 alterius,
3742 2161 3811 2221 et
3840 2176 3953 2238 po·

2408 2254 2532 2312 test
2557 2249 2709 2310 illud
2740 2250 2921 2328 plene
2941 2250 3210 2328 probare
3238 2249 3302 2309 in
3350 2248 3607 2329 judicio,
3643 2257 3855 2330 potest
3894 2254 3949 2314 si

2408 2343 2579 2420 velit,
2611 2343 2765 2404 illud
2794 2361 3118 2420 accusare,
3151 2343 3250 2404 vel
3282 2343 3677 2421 denuntiare,
3736 2349 3809 2407 ut
3850 2347 3953 2407 vi·

2409 2435 2697 2496 debimus
2724 2435 3000 2497 sectione
3029 2435 3346 2515 sequenti;
3399 2454 3526 2497 non
3582 2454 3737 2517 ergo
3794 2439 3958 2500 obli-

2407 2531 2587 2607 garet
2611 2529 2906 2607 praelatus
2933 2529 3014 2588 ad
3043 2528 3284 2608 aliquid
3312 2528 3622 2609 iniquum,
3659 2531 3957 2610 obligan-

2408 2623 2486 2681 (lo
2515 2621 2836 2682 subditum
2865 2621 2945 2682 ad
2976 2622 3508 2683 manifestandum
3535 2622 3691 2683 illud
3751 2625 3955 2687 delic-

2406 2718 2540 2776 tum
2573 2713 2905 2791 occultum,
2939 2714 3107 2795 quod
3123 2718 3334 2777 tamen
3360 2715 3617 2795 probari
3645 2721 3858 2797 potest
3886 2719 3954 2781 in

2400 2806 2663 2890 judicio.

2488 2900 2670 2963 Ratio
2712 2901 2927 2981 itaque
2957 2900 3271 2980 generalis
3302 2901 3547 2963 videtur
3576 2921 3735 2981 esse,
3797 2906 3956 2985 quia

2408 2997 2539 3056 esto
2581 2993 2867 3055 subditus
2896 2994 3238 3074 aliquando
3268 2995 3467 3073 possit
3492 2996 3661 3058 licite
3693 3015 3956 3059 accusa-

2406 3106 2473 3148 re
2497 3088 2595 3148 vel
2625 3087 2996 3149 denuntiare
3015 3090 3417 3166 peccatorem
3446 3091 3789 3163 occult-urm
3819 3111 3952 3153 non

2404 3183 2617 3243 tamen
2666 3184 2937 3258 tenetur,
2998 3199 3114 3242 nec
3153 3179 3351 3261 judex
3407 3181 3660 3245 videtur
3706 3184 3952 3247 habere

2402 3278 2647 3336 tantam
2674 3277 3049 3353 potestatem
3095 3274 3422 3352 obligandi
3479 3276 3804 3338 subditum
3864 3281 3949 3340 ad

2402 3368 2467 3428 id
2499 3367 2855 3428 faciendum
2910 3367 3329 3446 regulariter3
3392 3369 3545 3430 satis
3593 3374 3710 3446 est,
3773 3374 3948 3451 quod

2402 3460 2633 3520 habeat
2660 3462 3034 3538 potestatem
3077 3459 3397 3539 obligandi
3461 3462 3543 3521 ad
3600 3462 3951 3526 testifican-

2402 3554 2553 3614 dum
2594 3553 2847 3632 quando
2900 3552 3168 3632 juridice
3207 3557 3487 3631 rogatur,
3551 3561 3715 3618 esset
3772 3560 3947 3620 enim

2402 3647 2807 3708 durissimum
2834 3646 3192 3724 imperium,
3218 3646 3271 3707 si
3295 3646 3491 3726 judex
3522 3667 3597 3709 ex
3627 3668 3694 3710 se
3721 3659 3946 3730 posset

2399 3740 2615 3801 venari
2647 3745 2708 3801 et
2740 3739 3042 3817 expiscari
3105 3741 3318 3800 omnia
3372 3747 3634 3820 peccata
3691 3749 3943 3807 secreta

2399 3834 2793 3895 subditorum
2817 3832 2898 3893 ad
2927 3832 3247 3911 punienda
3285 3833 3391 3894 illa
3419 3834 3485 3895 in
3508 3835 3947 3914 judicio.Con-

2400 3929 2645 3990 ceditur
2673 3928 2937 3989 fortasse
2988 3926 3255 3988 subditis
3283 3927 3391 4006 jus
3430 3929 3794 4007 accusandi,
3839 3932 3944 3995 vel

2399 4021 2807 4084 denuntiandi
2838 4023 3097 4100 propter
3124 4020 3362 4081 bonum
3379 4039 3736 4083 commune:
3762 4026 3940 4104 quod

2398 4118 2605 4175 tamen
2628 4112 2824 4193 judex
2853 4113 3103 4173 nemine
3159 4118 3497 4175 accusante
3557 4116 3651 4176 vel
3695 4116 3945 4179 denun-

2394 4208 2610 4283 tiante,
2645 4207 2842 4286 possit
2883 4207 3161 4286 obligare
3217 4206 3501 4269 subditos
3562 4209 3642 4270 ad
3694 4210 3940 4272 denun-

2395 4301 2683 4362 tiandum
2711 4303 2975 4361 secreta:
3012 4299 3132 4362 hoc
3164 4303 3329 4361 esset
3356 4300 3507 4361 dare
3541 4304 3946 4367 occasionem

2386 4393 2585 4473 judici
2625 4393 2895 4454 vexandi
2939 4393 3247 4470 subditos,
3279 4393 3634 4472 inciperent
3654 4397 3826 4457 enim
3856 4416 3935 4457 ex

2393 4505 2459 4547 se
2477 4484 2741 4567 judicia,
2775 4492 2839 4549 et
2857 4491 3022 4548 esset
3034 4486 3214 4565 quasi
3237 4485 3370 4565 ipse
3394 4493 3723 4550 accusator
3743 4494 3809 4552 et
3830 4490 3943 4566 ju-

2392 4580 2535 4658 dex,
2569 4581 2719 4641 dum
2750 4581 2883 4659 ipse
2911 4599 2950 4641 a
2977 4580 3225 4640 nemine
3256 4584 3634 4657 provocatus
3689 4582 3933 4663 obliga·

2390 4677 2489 4736 ret
2515 4675 2669 4735 alios
2699 4674 2779 4734 ad
2821 4673 3245 4735 accusandum
3273 4673 3373 4733 vel
3427 4673 3935 4738 denuntiandum

2383 4766 2809 4847 judicialiter:
2846 4767 3012 4846 quod
3055 4765 3251 4847 judex
3294 4767 3499 4828 facere
3557 4785 3683 4829 non
3738 4769 3937 4832 debet

2388 4862 2780 4939 regulariter,
2805 4860 2916 4922 sed
2941 4861 3221 4939 incipere
3243 4860 3432 4921 debet
3471 4865 3856 4939 provocatus
3891 4882 3931 4923 a

2388 4954 2847 5031 denuntiatore,
2905 4952 3005 5014 vel
3056 4952 3335 5029 infamia,
3399 4952 3501 5012 vel
3570 4950 3785 5032 aliquo
3839 4956 3935 5016 si-

2384 5047 2536 5108 mili.

2463 5141 2560 5202 Ab
2601 5141 2719 5203 hac
2747 5139 3067 5202 communi
3095 5138 3315 5218 regula
3371 5137 3771 5218 excipiuntur
3817 5140 3937 5201 ali-

4095 5139 4157 5195 57

2383 5236 2491 5316 qui
2520 5252 2726 5312 casuS,
2761 5234 2825 5293 in
2883 5233 3110 5313 quibus
3168 5236 3377 5311 potest
3425 5231 3714 5310 superior
3767 5233 3935 5294 obli-
3982 5263 4229 5328 ww..

2382 5346 2532 5409 gare
2562 5328 2647 5389 ad
2674 5326 3134 5390 manifestanda
3177 5329 3439 5405 peccata
3492 5328 3732 5388 secreta
3772 5327 3931 5389 alio-
3978 5324 4231 5425 mg

2381 5441 2518 5485 rum
2529 5470 2543 5484 .

3975 5426 4047 5468 iii
4058 5424 4227 5465 ἠὼ

4040 5482 4175 5520 oenih

2461 5516 2709 5576 Primus
2738 5522 2850 5593 est,
2903 5513 3155 5595 quando
3198 5510 3627 5574 necessarium
3685 5513 3779 5573 est
3835 5512 3924 5573 ad
4008 5528 4201 5576 menn

2378 5610 2886 5672 emendationem
2915 5607 3170 5685 subditi,
3207 5625 3348 5688 quse
3392 5605 3575 5668 aliter
3603 5623 3724 5667 non
3776 5622 3922 5685 spe-
