4263 6376
1087 354 1560 417 DISPUTATIO
1605 354 1851 431 xxvll,
1902 354 2177 418 SECTIO
2223 356 2323 415 VI.

210 553 269 594 ex
282 538 459 612 pacto,
475 548 584 591 nec
600 549 675 591 ex
685 528 743 589 vi
772 529 980 591 bullae.
1004 528 1338 593 Dubitatur
1367 531 1667 606 secundo,

209 631 382 687 utrum
406 622 686 699 venditio,
718 641 842 683 non
870 622 1108 685 monito
1137 622 1394 685 domino
1425 642 1669 701 censuS,

209 717 381 777 valida
415 716 520 777 sit?
548 716 973 794 Respondetur
998 716 1375 779 affirmative
1403 735 1547 777 cum
1576 734 1676 777 eo-

210 810 329 869 dem
352 808 562 870 Melina
587 808 741 888 disp.
776 811 914 869 372.
950 809 1097 888 quia
1128 809 1412 871 Pontifex
1439 827 1563 870 non
1591 810 1677 870 ir-

207 903 347 978 ritat,
392 901 488 961 sed
532 902 727 962 solum
754 901 1059 980 praecipit,
1094 905 1162 963 ut
1208 901 1499 962 dominus
1535 920 1677 963 cen-

210 1014 295 1055 sus
324 994 661 1074 praeferatur
698 999 761 1055 et
795 998 1145 1054 moneatur.
1190 994 1464 1056 Adverte
1500 994 1673 1070 item,

210 1106 311 1161 nou
350 1085 558 1146 debere
603 1086 880 1165 praeferri
920 1086 1248 1146 dominum
1278 1104 1502 1147 census
1541 1086 1677 1147 aliis

210 1179 295 1257 qui
320 1178 543 1238 aliunde
584 1178 1027 1239 antecedenter
1055 1176 1361 1239 haberent
1381 1177 1486 1257 jus
1518 1197 1680 1258 prae-

208 1270 417 1333 lationis
450 1275 553 1331 aut
578 1274 906 1347 retractuS,
938 1289 1002 1333 v.
1033 1289 1095 1349 g.
1130 1270 1372 1331 ratione
1402 1288 1680 1331 commu-

209 1364 375 1424 nionis
413 1363 470 1422 in
524 1363 744 1423 eadem
799 1381 888 1440 re,
934 1363 1033 1423 vel
1092 1364 1673 1442 consanguinitatiS,

208 1455 328 1535 quia
380 1455 502 1517 hzec
551 1456 753 1533 gratia
820 1461 1004 1518 antea
1055 1474 1352 1516 concessa
1401 1456 1466 1517 in
1511 1457 1682 1517 bulla

207 1568 308 1609 non
351 1548 591 1627 impedit
635 1549 877 1627 priores
921 1549 1157 1626 gratias
1203 1567 1554 1625 concessaS,
1612 1554 1684 1611 ut

206 1642 398 1702 docent
444 1641 667 1702 Molina
718 1640 879 1720 disp.
940 1645 1078 1703 394.
1149 1660 1211 1703 n.
1258 1644 1319 1703 6.
1367 1644 1682 1703 Navarrus

207 1737 509 1794 Comment.
580 1733 658 1793 de
742 1734 945 1795 usuris
1006 1752 1178 1795 num.
1242 1737 1374 1795 127.
1434 1734 1683 1795 Lessius

205 1826 328 1890 dub.
355 1842 456 1887 xu.
488 1846 549 1891 n.
578 1830 680 1889 84.
715 1831 778 1888 et
807 1827 983 1889 Salas
1013 1826 1163 1889 dub.
1198 1843 1299 1890 xx.

830 2143 888 2223 ἓ.
947 2148 1005 2205 2.

405 2407 489 2470 De
517 2419 685 2470 sacta
719 2408 1001 2485 clausula,
1028 2418 1083 2468 ee
1103 2407 1442 2469 conditione.

266 2665 436 2723 Sexta
472 2662 754 2724 clausula
787 2663 874 2724 sic
917 2662 1110 2724 habet
1141 2682 1155 2724 ε
1208 2682 1236 2719 «
1272 2663 1462 2722 Pacta
1502 2659 1694 2721 conti-

200 2755 398 2831 nentia,
427 2775 745 2819 morosum
776 2775 999 2817 census
1029 2755 1376 2816 debitorem
1396 2752 1597 2814 teneri
1611 2752 1691 2812 ad

197 2846 458 2909 interesse
499 2849 663 2909 lucri
709 2849 1031 2925 cessantiS,
1083 2849 1181 2907 vel
1218 2847 1299 2908 ad
1349 2846 1688 2920 cambium,

198 2958 289 2999 seu
321 2946 513 3005 certas
550 2961 883 3020 expensae,
926 2946 1039 3002 aut
1081 2943 1252 3002 certa
1294 2939 1542 3015 salaria,
1585 2941 1695 2999 aut

198 3032 263 3091 ad
299 3033 530 3111 salaria,
581 3054 696 3095 seu
741 3053 1047 3114 expensas
1093 3033 1301 3094 medio
1334 3031 1693 3111 juramento

198 3126 486 3187 creditoris
514 3128 941 3208 liquidandoS,
976 3130 1086 3188 aut
1114 3143 1249 3187 rem
1291 3125 1506 3186 censui
1544 3125 1692 3184 sub-

190 3217 414 3294 jectam,
462 3222 591 3284 sive
622 3222 901 3300 aliquam
946 3220 1083 3302 ejus
1110 3224 1352 3299 partem
1384 3219 1692 3293 amittere,

196 3317 287 3373 ant
307 3313 580 3392 aliudjus
610 3333 689 3374 ex
718 3314 942 3375 eodem
971 3316 1321 3389 contractu,
1342 3312 1473 3373 sive
1503 3311 1697 3372 aliun-

196 3405 259 3464 de
286 3406 647 3484 acquisitum
678 3406 969 3485 perdere,
1017 3409 1126 3466 aut
1171 3405 1233 3465 in
1264 3405 1539 3483 aliquam
1569 3422 1698 3482 poe·

196 3515 321 3556 nam
345 3499 589 3576 cadere,
627 3518 705 3559 ex
735 3503 868 3560 toto
898 3498 1078 3559 irrita
1106 3498 1234 3558 sint
1249 3504 1311 3558 et
1339 3496 1531 3556 nulla.
1568 3499 1697 3556 lmo

193 3595 246 3652 et
284 3609 526 3652 censum
574 3590 829 3670 augeri,
875 3594 939 3651 et
984 3608 1219 3651 novum
1268 3588 1467 3650 creari
1514 3607 1703 3668 super

196 3684 413 3760 cadem,
448 3685 543 3744 vel
576 3684 699 3744 alia
726 3703 815 3756 re,
848 3684 913 3742 in
943 3683 1225 3744 favorem
1254 3681 1560 3761 ejusdem,
1595 3685 1704 3741 aut

194 3793 448 3852 personae
487 3795 607 3856 per
647 3794 794 3838 eum
841 3777 1202 3854 suppositae‚
1250 3793 1363 3853 pro
1413 3774 1702 3834 censibus

193 3870 464 3947 temporis
508 3869 611 3930 vel
662 3866 986 3948 praeteriti‚
1039 3868 1140 3928 vel
1176 3866 1394 3943 futuri,
1448 3860 1702 3928 orfinino

195 3960 599 4038 prohibemus
631 3984 662 4019 ι»
701 3965 849 4022 Haec
879 3960 1112 4036 omnia,
1137 3959 1283 4020 licet
1310 3959 1533 4021 merito
1559 3977 1706 4037 pro-

194 4053 368 4115 hibita
392 4056 494 4116 hic
523 4056 653 4115 sint
699 4056 959 4132 propter
983 4052 1355 4131 gravamina
1399 4051 1613 4127 nimia,
1648 4055 1711 4111 et

194 4146 444 4223 pericula
471 4147 797 4226 injustitiae
829 4149 893 4207 et
910 4144 1466 4223 depauperationis
1493 4144 1708 4204 vendi-

190 4245 404 4313 torum3
452 4240 531 4300 de
571 4241 716 4319 jure
760 4244 971 4300 tamen
1004 4241 1245 4300 naturae
1292 4255 1418 4297 non
1456 4255 1707 4316 semper

190 4338 350 4393 erant
374 4332 613 4408 illicita,
648 4331 697 4392 si
717 4331 1040 4411 aequalitas
1059 4329 1247 4408 pretii
1267 4329 1700 4405 intercederet,

189 4430 243 4485 et
262 4443 466 4503 poenae
497 4424 805 4503 appositae
844 4423 1268 4503 aequalitatem
1298 4422 1488 4483 etiam
1516 4422 1708 4482 habe-

191 4523 315 4579 rent
338 4536 480 4579 cum
499 4518 724 4596 culpa3
755 4521 823 4578 ut
843 4534 987 4578 cum
1016 4515 1153 4576 aliis
1169 4514 1709 4576 observatMolina

189 4610 333 4689 disp.
363 4613 506 4673 390.
544 4631 609 4671 n.
646 4613 750 4673 11.
791 4608 970 4682 Quod
1001 4612 1211 4669 autem
1240 4605 1536 4685 prohihet
1562 4624 1710 4667 cen-

188 4719 282 4762 sus
322 4704 564 4782 augeri,
615 4703 716 4764 vel
768 4700 971 4762 creari
1020 4719 1096 4761 ex
1124 4698 1531 4778 pensionibus
1582 4717 1710 4759 non

186 4794 386 4857 solutis
430 4796 535 4857 vel
582 4794 926 4871 solvendiS,
974 4793 1225 4856 videtur
1261 4791 1452 4853 etiam
1479 4792 1710 4871 partim

188 4886 563 4964 prohibitum
621 4887 933 4968 superiuS,
982 4890 1289 4965 quatenus
1336 4885 1439 4945 ille
1485 4902 1710 4945 census

185 4997 296 5040 non
350 4982 844 5042 constitueretur
910 4978 973 5039 in
1043 4977 1313 5056 pecunia
1383 4980 1713 5037 numerata

186 5074 488 5151 praesenti,
543 5073 654 5133 sed
684 5092 763 5132 ex
799 5071 1069 5150 pecunia
1096 5070 1308 5130 debita
1342 5088 1357 5131 :
1390 5069 1472 5129 ad
1502 5068 1710 5146 majo-

184 5183 307 5224 rem
348 5172 563 5227 tamen
614 5165 966 5227 claritatem
1014 5163 1238 5223 merito
1285 5162 1573 5223 hocloco
1602 5162 1712 5222 ite-

187 5276 315 5318 rum
343 5260 406 5319 in
437 5258 804 5339 particulari
834 5256 1202 5336 explicatur.

258 5352 592 5414 Dubitatur
617 5350 846 5431 primo,
863 5368 941 5409 an
964 5367 1087 5410 non
1105 5347 1389 5409 obstante
1405 5347 1703 5424 clausula,

186 5445 371 5521 possit
395 5445 670 5508 creditor
697 5442 949 5520 exigere
979 5459 1283 5521 expensas
1309 5440 1710 5500 rationabiles

502 5540 657 5601 Tou.
692 5537 820 5599 Vll.

3189 356 3305 417 369

1775 547 1849 590 ac
1880 522 2264 609 moderataS‚
2300 550 2455 612 quas
2485 531 2563 592 de
2594 532 2757 593 facto
2798 531 2878 592 ob
2924 548 3168 592 moram
3197 531 3308 591 de-
3359 548 3424 591 Aa
3444 560 3657 612 ‘expuam

1773 622 1993 685 bitoris
2058 625 2207 686 fecit
2260 625 2323 685 in
2399 623 2709 703 exigenda
2763 628 2836 685 et
2878 623 3309 703 recuperanda
3361 602 3660 709 ffiffissffi,

1777 717 2075 792 pensione
2123 717 2241 777 sibi
2280 717 2533 777 debita?
2561 716 2998 796 Respondetur
3035 716 3313 777 affirma·
3377 707 3647 763 ¹⁰¹⁶¹³⁶⁰‘⁹·

1775 807 1900 870 tive
1940 827 2082 871 cum
2129 809 2363 870 Melina
2391 810 2454 870 in
2485 809 2654 871 dicta
2682 810 2961 871 clausula
2990 825 3076 870 VI.
3111 814 3174 871 et
3202 812 3309 871 Sa-

1775 900 1869 961 las
1898 902 2047 963 dub.
2081 918 2168 963 xl.
2191 905 2302 963 11ae
2331 903 2498 964 enim
2529 921 2816 981 expensae
2849 921 2975 963 non
3002 902 3313 964 debentur

1779 1013 1853 1054 ex
1902 1000 2085 1074 pacto
2129 994 2367 1072 addito,
2419 996 2528 1056 sed
2576 1014 2650 1055 ex
2687 995 2823 1075 ipso
2867 1000 3214 1071 contractu,
3249 999 3315 1056 et

1771 1085 1970 1165 judex
1999 1087 2253 1168 quidem
2284 1106 2358 1147 ex
2389 1088 2596 1148 officio
2630 1088 2867 1166 obligat
2893 1106 3071 1149 reum
3093 1088 3172 1148 ad
3203 1107 3311 1148 eas

1779 1198 2083 1258 expensas
2129 1180 2464 1241 solvendas
2498 1200 2512 1242 ε
2544 1181 2749 1241 solum
2779 1198 2929 1258 ergo
2971 1179 3314 1260 prohiben-

1777 1275 1882 1332 tur
1910 1290 2200 1351 expensae
2231 1291 2307 1332 ex
2351 1276 2533 1351 pacto
2569 1272 2822 1348 debitae,
2857 1277 2919 1333 et
2945 1271 3315 1351 prohibetur

1780 1381 1854 1423 ac
1882 1364 2162 1425 irritatur
2190 1363 2500 1443 ejusmodi
2529 1369 2803 1444 pactum.

1860 1456 2195 1517 Dubitatur
2242 1457 2538 1533 secundo,
2585 1475 2665 1517 an
2713 1475 2838 1518 non
2885 1457 3170 1518 obstante
3211 1475 3316 1518 ea-

1782 1549 1928 1609 dem
1957 1549 2258 1621 clausula,
2290 1550 2488 1627 possit
2507 1549 2780 1611 creditor
2800 1549 3047 1628 exigere
3078 1550 3315 1630 aliquid

1781 1659 1894 1721 pro
1924 1642 2098 1703 lucro
2129 1642 2339 1720 aliquo
2370 1647 2672 1717 cessante,
2707 1642 2805 1702 vel
2836 1642 3067 1703 damno
3114 1662 3317 1704 emer-

1781 1739 1968 1812 gente
2000 1735 2079 1795 ob
2105 1734 2364 1795 dilatam
2395 1733 2713 1813 pensionis
2752 1734 3165 1796 solutionem?
3192 1736 3315 1797 Ali-

1785 1826 1889 1905 qui
1920 1826 2315 1905 distinguunt
2343 1827 2419 1886 de
2448 1827 2620 1887 lucro
2640 1831 2921 1887 cessante
2954 1827 3310 1905 intrinsece,

1783 1918 1882 1978 vel
1911 1918 2281 1980 extrinsece.
2335 1919 2493 1979 Illud
2536 1921 2809 1999 primum
2853 1920 3091 1998 dicunt,
3133 1935 3316 2000 posse

1786 2010 1971 2089 exigi,
2005 2030 2064 2072 v.
2107 2029 2170 2088 g.
2205 2011 2255 2071 si
2295 2011 2511 2090 pensio
2561 2011 2748 2072 tritici
2801 2012 3102 2073 solvenda
3160 2017 3312 2090 erat,

1787 2103 2039 2182 quando
2129 2122 2425 2164 mensura
2491 2103 2682 2164 tritici
2753 2105 3004 2166 valebat
3072 2106 3313 2183 decem,

1787 2199 1848 2257 et
1877 2195 2139 2256 solvitur
2164 2197 2416 2276 quando
2435 2197 2600 2258 valet
2626 2196 2932 2276 quiuque;
2968 2217 3162 2277 quare
3192 2218 3320 2259 cre-

1788 2289 1955 2350 ditor
2000 2288 2230 2350 amittit
2258 2289 2502 2349 lucrum
2547 2289 2701 2349 illud
2732 2309 2808 2349 ex
2851 2289 3076 2369 majori
3118 2291 3318 2369 pretio

1789 2401 1912 2460 quo
1960 2381 2166 2442 fuerat
2203 2381 2477 2443 triticum
2506 2381 2898 2458 vendituruS,
2945 2382 2994 2442 si
3024 2401 3137 2444 suo
3170 2389 3322 2445 tem-

1787 2490 1938 2553 pore
1980 2473 2345 2551 pensionem
2394 2473 2736 2535 habuisset.
2784 2475 3142 2535 Secundum
3172 2494 3320 2536 vero

1787 2566 2031 2627 lucrum
2073 2566 2291 2626 dicunt
2336 2583 2459 2626 non
2504 2584 2686 2644 posse
2717 2567 2902 2643 exigi,
2938 2586 2997 2628 v.
3040 2587 3101 2646 g.
3138 2568 3187 2628 si
3220 2588 3318 2648 pe·

1790 2659 2038 2719 cuniam
2056 2658 2225 2718 illam
2247 2660 2451 2718 fuerat
2470 2658 2878 2737 negotiationi
2901 2661 3317 2739 expositurus

1790 2753 1882 2811 lta
1910 2751 2142 2811 Molina
2169 2751 2232 2812 d.
2286 2752 2447 2830 disp.
2480 2754 2620 2813 390.
2657 2772 2718 2813 n.
2774 2755 2869 2813 10.
2930 2753 3076 2832 quia
3105 2753 3322 2832 pensio

1791 2843 1897 2904 illa
1942 2844 2210 2905 debetur
2253 2844 2433 2922 quasi
2482 2861 2554 2904 ex
2595 2844 2986 2917 venditione;
3037 2846 3326 2907 venditor

1794 2941 2005 2998 autem
2063 2955 2186 2997 non
2237 2941 2485 2998 tenetur
2538 2938 2803 3015 emptori
2851 2938 2931 2998 ob
2972 2957 3215 2999 moram
3263 2939 3325 2999 in

1800 3029 2111 3092 tradenda
2156 3048 2389 3106 merce,
2425 3029 2542 3089 nisi
2573 3030 2652 3089 ad
2699 3030 2996 3091 interesse
3038 3032 3329 3093 intrinse-

1795 3141 1959 3184 cum.
1994 3122 2117 3183 Alii
2147 3122 2381 3198 dicunt,
2415 3122 2478 3203 in
2507 3123 2639 3184 foro
2667 3123 3062 3186 conscientia}
3091 3128 3328 3186 utrum-

1796 3236 1916 3296 que
1946 3216 2245 3277 interesse
2274 3216 2428 3277 solvi
2464 3216 2715 3278 debere.
2756 3219 2848 3278 Ita
2877 3220 3045 3279 Less,
3073 3219 3135 3279 d.
3170 3219 3323 3280 dub.

1795 3327 1909 3371 xn.
1935 3329 1996 3370 n.
2032 3313 2130 3371 86.
2167 3309 2344 3389 cujus
2373 3310 2748 3371 sententiam
2779 3311 2985 3389 quoad
3019 3311 3329 3372 damnum

1799 3420 2126 3480 emergens
2175 3402 2363 3462 etiam
2396 3401 2835 3477 extrinsecum,
2882 3404 3193 3481 approbat
3224 3406 3331 3466 Sa—

1797 3495 1898 3556 las
1930 3494 2080 3555 dub.
2106 3511 2193 3555 xl.
2221 3495 2454 3556 condit.
2486 3500 2545 3556 7.
2579 3495 2864 3574 quamvis
2894 3513 3017 3556 non
3049 3496 3244 3574 possit
3268 3497 3332 3555 in

1800 3591 2054 3667 pactum
2108 3587 2357 3649 deduci.
2418 3589 2550 3667 Ego
2609 3589 2798 3648 etiam
2847 3588 3155 3665 existimo,
3215 3588 3332 3648 illis

1799 3680 2006 3741 verbis
2037 3680 2241 3741 solum
2283 3680 2515 3741 irritari
2544 3685 2726 3759 pacta
2755 3682 2852 3742 vel
2884 3681 3333 3742 conventiones

1800 3772 1968 3833 circa
1993 3772 2317 3849 interesse,
2350 3772 2447 3832 vel
2476 3771 2722 3833 lucrum
2750 3773 3121 3834 solvendum
3157 3793 3170 3835 :
3207 3792 3332 3834 non

1801 3871 2011 3927 tamen
2042 3865 2316 3926 voluisse
2345 3866 2713 3927 Pontificem
2758 3867 2973 3927 tollere
3003 3865 3335 3944 obligatio·

1805 3976 1949 4018 nem
1982 3975 2173 4036 quam
2204 3957 2449 4036 dejure
2486 3960 2726 4019 naturae
2755 3957 2817 4017 in
2849 3959 2982 4019 foro
3015 3959 3336 4020 conscien-

1802 4051 1904 4113 tim
1942 4050 2133 4111 habet
2177 4050 2425 4112 debitor
2455 4050 2908 4130 compensandi
2937 4052 3171 4112 damna
3200 4052 3333 4114 sive

1804 4142 2164 4218 intrinseca,
2213 4143 2343 4204 sive
2374 4144 2719 4206 extrinseca
2766 4149 3103 4207 consecuta
3133 4146 3340 4207 credi-

1804 4237 1924 4298 tori
1975 4236 2055 4296 ob
2103 4236 2239 4314 ejus
2287 4237 2559 4314 culpam.
2608 4237 2870 4310 Quando
2911 4244 3122 4300 autem
3161 4258 3339 4301 mora

1806 4329 2131 4407 culpabilis
2180 4331 2402 4390 afferat
2449 4348 2589 4390 eam
2637 4331 3105 4410 obligationem,
3150 4333 3340 4411 expli-

1807 4420 2049 4482 cuimus
2094 4421 2221 4482 late
2249 4421 2410 4500 disp.
2462 4438 2643 4483 xvm.
2690 4421 2758 4483 de
2784 4423 3134 4505 obliqatione
3167 4425 3332 4486 resti-

1808 4512 2008 4574 tuendi
2031 4532 2106 4573 ea:
2135 4513 2354 4593 injusta
2384 4516 2712 4597 acceptione
2739 4521 2890 4578 sect.
2927 4534 2994 4579 11.
3031 4518 3335 4580 Differen-

1812 4607 1899 4668 tia
1929 4610 2143 4667 autem
2172 4626 2210 4666 a
2237 4607 2468 4667 Molina
2499 4608 2822 4687 assignata
2850 4609 3013 4670 inter
3038 4610 3340 4672 interesse

1808 4698 2217 4760 intrinsecum
2270 4700 2367 4760 vel
2400 4700 2820 4762 extrinsecum
2865 4721 2988 4764 non
3018 4701 3172 4764 mihi
3201 4722 3342 4783 pro-

1809 4791 1994 4853 batur
2026 4810 2040 4851 :
2075 4795 2210 4852 tum
2240 4792 2388 4870 quia
2416 4793 2708 4854 venditor
2737 4794 2927 4855 etiam
2969 4795 3034 4858 in
3077 4798 3212 4856 foro
3245 4796 3342 4856 in-

1808 4888 1989 4946 terno
2018 4886 2271 4945 tenetur
2298 4885 2379 4944 ad
2407 4889 2744 4965 utrumque
2775 4887 3096 4962 interesse,
3131 4892 3201 4948 ut
3236 4887 3339 4948 illo

1810 4977 1947 5036 loco
1978 4976 2406 5054 probavimuS,
2435 4980 2688 5056 quando
2720 4999 2794 5038 ex
2823 4998 2936 5040 sua
2956 4980 3140 5059 culpa
3169 4980 3342 5039 dam·

1812 5088 1964 5128 num
2016 5069 2169 5129 illud
2228 5069 2426 5130 oritur
2466 5077 2650 5132 :tum
2698 5072 2886 5132 etiam
2928 5073 3071 5150 quia
3123 5074 3340 5152 pensio

1813 5181 2035 5222 census
2083 5181 2207 5222 non
2247 5168 2340 5222 est
2385 5164 2636 5242 proprie
2683 5182 2856 5223 merx
2905 5164 3180 5241 vendita,
3229 5167 3340 5227 sed

1811 5257 2050 5316 fructus
2078 5255 2326 5316 debitus
2355 5255 2435 5316 ob
2444 5255 2549 5336 jus
2578 5258 2844 5336 emptori
2868 5259 3242 5336 acquisitum
3271 5279 3346 5320 ex

1819 5349 2134 5426 emptione
2154 5367 2398 5424 census,
2421 5349 2524 5427 qui
2550 5349 2952 5428 distinguitur
2981 5369 3018 5410 a
3045 5352 3346 5431 pensione

1816 5439 2136 5518 solvenda,
2169 5446 2238 5502 ut
2264 5458 2453 5518 supra
2483 5441 2789 5520 explicuin
2817 5462 2924 5502 um

2991 5541 3066 5598 24

3469 1471 3583 1531 100

3367 1597 3431 1639 An
3452 1609 3527 1651 pro
3547 1597 3661 1640 lucro

3366 1656 3554 1693 cesamo
3567 1682 3578 1700 ,
3598 1650 3663 1691 vel

3366 1704 3515 1746 damno
3529 1716 3666 1746 emer-

3368 1763 3492 1812 gente
3506 1763 3663 1799 secuto.
