4263 6376
710 1342 816 1397 petis

547 1451 720 1500 artifice,
739 1462 790 1490 nn

519 1504 818 1566 sitconductim

516 1344 686 1399 Quando

583 1411 610 1440 ο
638 1410 686 1439 22⁸
704 1409 727 1438 a

627 3350 703 3410 {0

527 3475 664 3518 Aru-ha
696 3486 748 3518 nn
768 3474 823 3517 sit

523 3528 691 3581 signum
717 3541 824 3571 con-

523 3586 682 3630 tractus
716 3593 823 3624 non-

521 3634 618 3676 dum
633 3634 822 3689 perfecti,

552 3693 595 3731 ct
623 3689 674 3729 ad
699 3688 796 3742 quid

593 3740 767 3795 obliget.

857 292 974 351 201

860 487 930 527 ro
960 485 1060 527 res
1090 474 1184 529 est
1205 466 1626 544 indivisibilis,
1660 485 1782 528 non
1812 466 2041 546 poterit
2070 472 2199 527 tota
2231 466 2393 544 exigi

861 560 1106 621 actione
1135 560 1349 638 empti,
1383 578 1524 620 cum
1554 579 1679 621 non
1700 560 2005 621 debeatur
2029 564 2164 621 tota
2191 578 2291 619 res
2320 577 2396 618 ex

861 652 1217 714 venditione
1248 652 1544 730 totaliter,
1580 652 1689 713 sed
1718 653 1947 731 poterit
1975 653 2161 730 exigi,
2195 652 2292 712 vel
2321 671 2394 711 cx

861 750 1126 824 utraque
1158 745 1403 805 actione
1432 745 1653 819 simul,
1686 746 1736 806 si
1770 746 2014 825 utrique
2046 744 2274 805 actioni
2305 744 2398 804 lo-

863 855 974 898 cus
1001 837 1082 898 sit
1129 856 1143 895 :
1204 837 1299 896 sin
1331 855 1502 913 vero,
1541 837 1768 914 poterit
1796 838 1957 914 exigi
1987 838 2232 897 actione
2264 836 2397 896 utili

865 929 1034 1009 quod
1063 930 1361 990 interesse
1383 976 1398 1004 ,
1430 929 1530 989 vel
1560 930 1767 1008 quoad
1795 930 2073 989 valorem
2102 929 2294 1008 partis
2323 928 2395 988 il-

863 1022 1004 1095 lius,
1039 1039 1179 1099 quae
1209 1022 1261 1081 si
1290 1041 1388 1081 res
1421 1027 1583 1082 esset
1612 1021 1938 1082 divisibilis
1965 1067 1979 1097 ,
2031 1023 2158 1100 peti
2191 1026 2400 1100 posset

865 1115 972 1177 tali
1004 1132 1234 1192 genere
1265 1114 1548 1175 actionis,

945 1206 1215 1267 Infertur
1242 1210 1487 1285 quart-o,
1521 1225 1646 1267 non
1677 1224 1812 1266 esse
1841 1207 2221 1285 emptionem
2240 1252 2256 1281 ,
2291 1206 2399 1266 sed

865 1299 1072 1379 potius
1100 1299 1601 1375 conductionem,
1642 1300 1892 1378 quando
1915 1299 2025 1359 das
2045 1300 2396 1375 materiam,

868 1410 1095 1470 nempe
1124 1410 1345 1450 aurum
1371 1436 1386 1467 ‚
1441 1411 1500 1451 v.
1536 1411 1597 1470 g.
1631 1391 1730 1451 vel
1776 1395 2106 1470 argentum
2137 1392 2398 1467 aurifici,

869 1503 946 1545 ex
977 1502 1098 1563 quo
1128 1483 1318 1544 faciat
1353 1483 1607 1563 aliquod
1639 1502 1827 1563 opuS,
1886 1485 2034 1563 quia
2077 1490 2223 1545 tunc
2253 1496 2417 1545 con-‘

544 1569 569 1595 v
656 1569 695 1598 ¹¹¹
743 1568 801 1598 ¹⁰·
868 1577 1045 1637 ducis
1078 1577 1279 1637 solum
1310 1575 1442 1654 ejus
1472 1595 1758 1656 operam;
1809 1596 1841 1636 e
1886 1582 2103 1638 contra
2130 1595 2280 1637 vero
2312 1580 2406 1638 est

869 1669 1104 1749 emptio
1126 1715 1140 1741 ‚
1175 1668 1427 1747 quando
1458 1668 1697 1728 aurifex
1743 1669 1873 1746 ipse
1922 1670 2180 1748 apponit
2204 1674 2405 1744 matc-

870 1761 1049 1823 riam.
1085 1762 1406 1839 Excipitur
1432 1766 1642 1823 tamen
1669 1807 1685 1837 ,
1735 1751 1784 1821 s'i
1815 1763 2035 1823 artifex
2075 1763 2310 1841 obligat
2337 1782 2404 1823 se

866 1854 978 1914 tibi
1011 1855 1092 1914 ad
1120 1854 1476 1933 ponendam
1505 1854 1834 1916 materiam
1860 1902 1873 1929 ‚
1922 1874 1997 1914 ex
2026 1874 2152 1934 qua
2178 1855 2240 1915 in
2270 1860 2402 1915 solo

865 1952 974 2008 tuo
1002 1947 1268 2007 aedificet
1311 1946 1421 2007 tibi
1467 1946 1723 2006 domum
1748 1992 1763 2022 ,
1824 1965 1945 2025 quo
1978 1966 2125 2007 casu
2158 1967 2281 2007 non
2312 1951 2406 2007 est

867 2039 1168 2114 venditi0‚
1202 2038 1311 2098 sed
1341 2038 1566 2098 locatio
1593 2084 1608 2113 ,
1661 2043 1727 2099 ut
1770 2044 2016 2101 constat
2046 2058 2120 2099 ex
2149 2041 2190 2100 l.
2226 2039 2403 2100 Sabi-

868 2150 996 2206 nus,
1028 2131 1091 2190 in
1121 2131 1244 2190 tine
1268 2177 1283 2206 ,
1339 2132 1399 2191 ff.
1433 2129 1503 2190 de
1529 2130 1918 2191 contrahenlza
1947 2141 2120 2213 empt.
2155 2134 2196 2193 l.
2231 2133 2399 2209 Item,

867 2225 924 2302 ἓ.
963 2222 1110 2285 Cum
1137 2223 1425 2298 insulam,
1473 2223 1538 2283 ff.
1574 2223 1781 2299 locati,
1834 2225 1979 2303 quia
2008 2226 2272 2286 materia
2301 2227 2406 2286 illa

870 2334 943 2377 eo
975 2316 1108 2395 ipso
1158 2315 1326 2395 quod
1355 2315 1691 2394 apponitur
1730 2316 1859 2377 solo
1886 2364 1901 2393 ,
1953 2318 2173 2379 transit
2200 2319 2260 2377 in
2293 2319 2406 2379 do-

865 2409 1132 2469 minium
1161 2408 1394 2468 domini
1425 2408 1619 2486 ipsius
1661 2408 1820 2485 loci,
1882 2409 1959 2469 de
2008 2429 2129 2489 quo
2173 2411 2405 2472 Melina

869 2520 1012 2563 cum
1043 2500 1178 2561 aliis
1208 2500 1268 2560 d.
1291 2500 1351 2561 d.
1386 2503 1522 2562 336.
1558 2501 1619 2561 in
1650 2502 1759 2561 fin.
1795 2504 1882 2562 De
1913 2502 2031 2563 hac
2060 2507 2267 2563 tamen
2300 2523 2406 2563 ex-

870 2593 1156 2672 ceptione
1187 2611 1309 2653 non
1341 2592 1472 2652 sine
1494 2592 1900 2654 fundamento
1923 2594 2169 2655 dubitat
2192 2596 2404 2655 Rebel-

867 2688 965 2746 lus
994 2686 1033 2747 l.
1070 2688 1175 2749 lx.
1207 2684 1277 2745 de
1303 2695 1477 2763 empt.
1513 2694 1569 2745 et
1603 2684 1927 2746 venditione
1961 2707 2065 2766 qu.
2101 2705 2122 2747 1
2152 2692 2302 2749 sect.
2341 2706 2400 2749 v.

869 2798 935 2839 n.
967 2780 1064 2840 30.
1101 2778 1246 2857 quia
1274 2778 1524 2839 videtur
1542 2777 1727 2837 simul
1748 2796 1891 2838 cum
1921 2779 2230 2841 locatione
2261 2798 2404 2858 ope·

868 2889 1082 2933 rarum
1131 2870 1508 2930 intervenire
1555 2870 1847 2948 quaedam
1882 2871 2160 2931 venditio
2201 2881 2401 2933 mate-

866 2963 976 3024 riae
1008 2962 1393 3041 apponendae
1418 3008 1433 3037 ,
1478 2966 1540 3022 et
1568 2962 1654 3023 ita
1682 2961 1942 3022 fortasse
1972 2964 2289 3042 praedictae
2319 2965 2406 3025 le-

869 3075 981 3134 ges
1009 3053 1268 3132 intelligi
1298 3059 1589 3132 possunt,
1638 3057 1707 3114 ut
1748 3055 2122 3116 interveniat
2150 3057 2404 3135 quidem

869 3147 1131 3219 locatim
1167 3162 1291 3208 non
1321 3150 1532 3208 tamen
1563 3145 1931 3208 excludatur
1961 3148 2170 3227 aliqua
2199 3148 2404 3227 impli-

872 3242 993 3302 cita
1025 3239 1323 3300 venditio-

953 3333 1157 3405 Quaeri
1186 3333 1381 3408 solet,
1414 3350 1496 3392 an
1527 3331 1778 3412 quando
1817 3333 2001 3393 arrha
2033 3338 2255 3411 natur,
2312 3334 2404 3394 in-

871 3426 1189 3504 telligatur
1215 3429 1570 3486 contractus
1600 3425 1930 3502 perfectuS,
1953 3427 2040 3486 ita
2069 3431 2139 3486 ut
2165 3427 2402 3487 resilire

873 3538 995 3581 non
1026 3519 1229 3594 liceat,
1264 3518 1450 3578 ctiam
1481 3517 1671 3577 arrha
1701 3518 1978 3595 perdita;
2014 3537 2093 3578 an
2125 3538 2275 3580 vero
2306 3540 2404 3580 su-

871 3631 1134 3692 spensus
1182 3612 1267 3673 ita
1312 3617 1381 3671 ut
1421 3610 1661 3689 possint
1689 3612 2131 3672 contrahentes
2163 3614 2401 3674 resilire

871 3724 1017 3767 cum
1042 3704 1232 3766 solius
1264 3704 1466 3764 arrhae
1488 3703 1779 3783 jactura?
1806 3703 2171 3782 intelligitur
2201 3707 2405 3766 nomi-

872 3818 948 3860 ne
980 3798 1182 3858 arrhae
1210 3797 1272 3857 icl
1304 3797 1474 3878 quod
1513 3797 1669 3858 alter
1697 3797 2198 3857 contrahentium
2229 3798 2403 3860 alteri

869 3892 998 3968 dat,
1023 3892 1200 3971 quasi
1221 3909 1333 3970 pro
1355 3890 1614 3969 pignore
1631 3890 1922 3950 servandi
1945 3891 2157 3952 fidem.
2180 3893 2257 3952 Et
2273 3892 2403 3971 qui-

870 3987 1014 4047 dem
1028 3982 2011 4063 sicutpignusnondatlicentiam
2025 3985 2402 4046 mutuatario

873 4097 993 4139 non
1013 4076 1293 4138 solvendi
1315 4076 1618 4151 debitum,
1641 4074 1750 4135 sed
1782 4075 1982 4135 solum
2006 4076 2191 4136 datur
2208 4076 2286 4136 ad
2316 4096 2408 4137 se·

870 4171 1197 4231 curitatem
1211 4167 1606 4246 obligationis
1618 4172 1978 4240 contractae3
1998 4169 2080 4228 ita
2095 4168 2283 4229 arrha
2297 4188 2402 4248 po-

870 4267 992 4324 test
1011 4262 1147 4323 dari
1164 4262 1243 4322 ab
1261 4264 1542 4339 emptore
1559 4260 1656 4321 vel
1677 4261 2057 4321 conductore
2071 4261 2149 4321 ad
2170 4263 2400 4322 securi·

868 4353 2403 4434 tatem‚etinsignumobligationisprincipalisjam

868 4451 1226 4519 contractae;
1243 4447 1617 4524 sicutpotest
1635 4465 1668 4505 e
1686 4450 1903 4507 contra
1916 4447 2252 4526 aliquando
2266 4449 2404 4509 dari

867 4561 905 4600 a
932 4539 1292 4616 venditore,
1342 4540 1440 4599 vel
1469 4539 1741 4599 locatore
1786 4538 1845 4598 in
1887 4539 2075 4599 fldem
2107 4541 2403 4601 servandi

865 4637 928 4695 ct
955 4633 1312 4712 complendi
1358 4635 1716 4692 contractus
1763 4630 1934 4704 initi;
1983 4650 2179 4711 quare
2224 4634 2274 4693 si
2321 4634 2401 4693 ad

864 4726 1031 4787 hunc
1058 4726 1247 4785 finem
1279 4725 1481 4799 detur,
1515 4742 1640 4784 non
1670 4730 1931 4802 possunt
1960 4725 2402 4787 contrahentes

864 4819 1064 4881 solum
1111 4836 1255 4878 cum
1301 4817 1506 4878 arrhae
1552 4816 1796 4896 jactura
1837 4821 2229 4879 contractum
2275 4838 2400 4879 non

864 4912 1220 4973 observare.
1285 4913 1354 4972 In
1387 4928 1510 4990 quo
1542 4928 1726 4970 sensu
1757 4910 2034 4990 loquitur
2060 4911 2161 4970 lex
2188 4958 2202 4987 ‚
2238 4909 2406 4986 Quod

860 5024 1030 5086 eoepe,
1064 5005 1127 5064 in
1157 5005 1420 5083 princip.
1470 5004 1532 5064 ff.
1567 5001 1638 5062 de
1665 5001 2063 5066 contrahenda
2090 5004 2395 5084 emptione,

859 5098 1009 5158 duni
1041 5098 1193 5160 dicit
1223 5118 1237 5159 ε
1296 5120 1323 5155 «
1354 5096 1531 5170 Quod
1564 5113 1729 5174 saepe
1768 5096 1971 5156 arrhae
2004 5097 2255 5157 nomine
2285 5115 2398 5175 pro

858 5191 1173 5270 emptione
1203 5191 1423 5266 datur,
1484 5207 1608 5250 non
1638 5207 1712 5249 eo
1743 5190 2015 5268 pertinet
2053 5190 2230 5269 quasi
2264 5191 2397 5250 sine

859 5283 1045 5343 arrha
1074 5283 1404 5345 conventio
1435 5282 1589 5341 nihil
1618 5281 1807 5342 faciat
1829 5328 1844 5357 ,
1896 5282 2006 5342 sed
2039 5287 2107 5344 ut
2137 5283 2399 5342 eviden-

856 5375 980 5436 tius
1008 5376 1254 5453 probari
1289 5376 1525 5454 possit,
1586 5375 1952 5435 convenisse
1994 5375 2071 5434 de
2100 5376 2324 5455 pretio,
2360 5400 2386 5430 n

859 5475 1062 5541 Quare
1089 5469 1140 5528 si
1170 5473 1488 5530 contractu
1534 5468 1664 5546 jam
1696 5468 2009 5547 perfecto,
2070 5466 2256 5527 arrha
2293 5469 2395 5525 cle-

2023 291 2122 348 DE
2166 290 2519 349 JUSTlTIA
2567 291 2665 349 ΕΤ
2708 288 2906 350 JURE

2496 475 2617 543 tur,
2650 486 2775 529 non
2803 466 3011 543 arguit
3038 466 3392 528 facultatem
3424 464 3737 525 resiliendi
3760 481 3905 524 cum
3931 482 4004 521 so·

2495 562 2614 621 lius
2636 560 2840 620 arrhae
2859 560 3131 639 jactura.
3167 560 3522 639 Aliquando
3541 576 3691 618 vero
3712 557 3913 617 solum
3926 556 4009 613 da·

2496 657 2618 729 tur,
2639 659 2707 713 ut
2733 653 2880 731 quia
2908 657 3265 713 contractus
3294 651 3608 731 perfectus
3636 669 3759 710 non
3786 654 3901 721 est,
3923 648 4006 707 ob-

2496 746 2768 822 ligentur
2790 745 3232 805 contrahentes
3251 744 3332 803 ad
3359 744 3529 803 illum
3553 740 4003 821 perficiendum,

2498 838 2773 916 alioquin
2806 837 2908 916 qui
2931 836 3187 912 arrham
3226 836 3403 897 dedit
3430 855 3571 895 eam
3600 835 3831 914 perdat
3854 880 3869 907 ,
3922 834 4006 911 qui

2499 949 2646 990 vero
2678 929 2938 1007 accepit,
2971 930 3021 989 si
3053 930 3183 1007 ipse
3214 928 3451 989 resiliat
3470 928 3723 987 arrham
3745 927 4009 985 restituat

2499 1028 2562 1084 et
2585 1023 2953 1085 tantundem
2979 1022 3057 1082 de
3087 1041 3222 1098 suo,
3255 1021 3419 1101 quod
3452 1024 3707 1100 pactum
3736 1018 4009 1096 implicite

2500 1115 2866 1193 intelligitur
2887 1162 2901 1191 ‚
2953 1119 3021 1175 ut
3048 1121 3292 1175 constat
3320 1134 3393 1174 ex
3439 1115 3494 1192 ς.
3531 1117 3589 1174 1.
3620 1131 3785 1171 vers,
3822 1111 3916 1171 lta
3938 1121 4011 1169 to-

2498 1227 2647 1283 men,
2682 1208 2879 1269 lnstit.
2913 1206 2983 1267 de
3009 1206 3293 1287 emptione
3312 1216 3365 1265 et
3397 1205 3754 1274 venditione,
3808 1210 3874 1263 et
3898 1204 4010 1281 lege

2504 1298 2555 1360 C
2557 1308 2874 1374 οηίναείηε,
2924 1300 2979 1378 §.
3014 1300 3123 1359 ult.
3160 1302 3226 1360 C.
3259 1298 3329 1360 de
3353 1297 3473 1379 fide
3497 1299 4008 1367 momentorum,

2502 1398 2565 1454 et
2588 1394 2676 1453 ita
2703 1394 2764 1452 in
2796 1393 3094 1472 Hispania
3123 1398 3410 1453 servatur
3433 1439 3447 1466 ,
3481 1396 3547 1451 ut
3572 1390 3755 1450 arrha
3786 1391 4011 1467 signum

2502 1486 2581 1546 sit
2608 1486 2919 1546 facultatis
2966 1485 3279 1544 resiliendi
3328 1503 3471 1544 cum
3519 1483 3720 1542 arrhae
3759 1481 4010 1561 jactura,

2502 1580 2649 1657 quia
2681 1584 2809 1638 tota
2840 1577 3135 1655 obligatio
3173 1577 3255 1636 ad
3285 1576 3344 1635 id
3380 1578 3581 1636 solum
3613 1575 3930 1635 reducitur
3953 1593 4013 1631 ex

2503 1671 2819 1731 voluntate
2849 1669 3352 1731 contrahentium
3399 1668 3748 1747 significata
3797 1686 3910 1746 per
3931 1686 4014 1726 ar·

2501 1762 2684 1823 rham
2727 1762 2940 1823 datam
2995 1767 3057 1823 et
3108 1768 3467 1841 receptam,
3525 1763 3664 1840 lege
3694 1761 3777 1821 ita
3809 1778 4013 1838 appro-

2503 1855 2689 1915 bante
2715 1901 2730 1931 ,
2786 1860 2854 1915 ut
2880 1858 3056 1914 notat
3082 1854 3312 1915 Melina
3342 1873 3487 1914 cum
3528 1854 3667 1914 aliis
3699 1853 3860 1931 disp.
3893 1854 4009 1913 338.

2505 1948 2671 2026 quod
2716 1965 2830 2025 ego
2879 1946 3156 2025 intelligo
3182 1993 3197 2022 ,
3246 1947 3360 2006 nisi
3398 1947 3567 2006 aliud
3600 1945 4015 2006 contrahentes

2502 2040 2903 2115 intenderint,
2939 2044 3231 2117 poterunt
3258 2040 3423 2099 enim
3454 2039 3568 2118 ipsi
3596 2039 3755 2100 ultra
3783 2038 4015 2097 arrham

2504 2133 2782 2212 obligare
2810 2152 2876 2191 se
2906 2133 2985 2192 ad
3016 2136 3404 2193 contractum
3432 2133 3675 2210 integre
3705 2132 4015 2192 observan-

2504 2226 2676 2286 dum.
2710 2227 2786 2286 Et
2814 2224 3068 2304 quidem
3099 2226 3350 2304 quando
3380 2226 3473 2284 fas
3503 2230 3599 2285 est
3623 2224 3947 2297 recedere,
3974 2223 4016 2282 si

2503 2323 2721 2397 postea
2768 2318 3101 2393 recedant,
3179 2336 3303 2378 non
3362 2318 3631 2378 debetur
3674 2316 3915 2395 gabella
3954 2335 4015 2375 ex

2503 2412 2695 2490 priori
2725 2415 3071 2485 contractu,
3102 2410 3251 2489 quia
3270 2411 3551 2471 nondum
3573 2411 3883 2488 perfectus
3906 2409 4017 2468 fue·

2505 2510 2623 2579 rat,
2655 2504 2764 2564 sed
2794 2522 3152 2581 suspensus,
3178 2508 3248 2566 ut
3274 2509 3489 2565 contra
3513 2504 3669 2564 alios
3684 2503 3907 2581 probat
3932 2502 4016 2561 be-

2505 2616 2583 2656 ne
2612 2597 2843 2659 Molina
2871 2597 3006 2656 loco
3037 2615 3227 2674 supra
3258 2598 3467 2658 citato.

2585 2692 2672 2750 De
2712 2688 2854 2769 jure
2903 2694 3110 2749 tamen
3162 2690 3481 2750 communi
3538 2689 3751 2767 plures
3794 2688 4013 2757 dicunt,

2505 2802 2629 2843 non
2680 2800 2815 2842 esse
2863 2782 3224 2842 facultatem
3256 2782 3592 2842 recedendi
3623 2801 3659 2840 a
3688 2785 4014 2842 contractu.

2507 2895 2663 2956 qnos
2694 2874 2881 2935 refert
2909 2875 3138 2935 Molina
3162 2921 3176 2951 ,
3225 2880 3285 2935 et
3314 2875 3598 2954 sequitur
3626 2875 3800 2935 Salas
3828 2872 3897 2933 de
3916 2893 4016 2933 em-

2498 2969 2697 3051 ptione
2723 2975 2779 3027 et
2807 2965 3147 3043 venditione,
3178 2967 3326 3028 dub.
3361 2983 3520 3029 val.
3549 2986 3815 3046 quorum
3845 2966 4015 3045 aliqui

2505 3062 2741 3136 dicunt,
2775 3059 3150 3120 resilientem
3183 3060 3347 3121 ultra
3374 3060 3627 3120 arrham
3658 3060 3883 3120 debere
3911 3059 4019 3118 sol-

2504 3173 2652 3214 vero
2682 3159 2880 3215 totum
2925 3153 3259 3226 inte1esse;
3312 3154 3414 3213 alii
3451 3172 3602 3214 vero
3650 3153 3865 3214 dicunt
3908 3171 4015 3212 non

2504 3248 2668 3309 ultra
2705 3247 2992 3322 arrham,
3050 3246 3157 3305 scd
3201 3247 3795 3325 comprehendendo
3840 3246 4012 3306 illam.

2505 3341 2625 3401 Alii
2655 3340 2890 3414 dicunt,
2927 3357 3038 3416 per
3066 3338 3320 3399 arrham
3352 3339 3690 3418 significari
3722 3339 4013 3399 licentiam

2504 3432 2837 3494 recedendi
2889 3449 3031 3491 cum
3072 3431 3321 3510 jactura
3350 3432 3576 3492 arrhas.
3639 3433 3729 3492 lta
3758 3435 3932 3492 Azor.
3962 3432 4013 3488 in

2505 3527 2653 3586 dict.
2687 3527 2807 3604 leg.
2847 3524 3013 3599 Quod
3034 3543 3205 3605 soepe,
3240 3525 3301 3583 in
3333 3525 3638 3603 prooemio
3665 3571 3680 3596 ,
3723 3542 3906 3603 quem
3931 3542 4015 3582 se-

2505 3623 2685 3680 cutus
2715 3622 2808 3679 est
2837 3618 3159 3693 SalicetuS,
3188 3619 3355 3697 quod
3387 3618 3576 3678 etiam
3605 3619 3833 3678 sentire
3862 3616 4018 3674 vide·

2504 3717 2607 3773 tur
2635 3711 2869 3773 Mozius
2893 3758 2907 3787 ,
2958 3713 3185 3790 Lopcz,
3238 3716 3300 3772 ct
3328 3710 3620 3786 palatios,
3655 3710 3897 3790 quando
3928 3727 4016 3768 ar·

2508 3805 2621 3864 rha
2652 3822 2772 3864 non
2805 3805 2990 3865 datur
3016 3805 3077 3863 in
3109 3804 3377 3883 pretium
3399 3852 3414 3880 ,
3449 3809 3512 3865 ct
3542 3804 3826 3882 quamvis
3852 3802 4016 3862 detur

2505 3899 2566 3958 in
2598 3898 2905 3977 pretium,
2956 3897 3124 3957 idem
3170 3898 3418 3958 videtur
3461 3897 3695 3957 sentire
3739 3896 4009 3957 Garzial.

2504 3991 2573 4052 de
2600 3990 2988 4052 contractibus
3016 4009 3152 4069 cap.
3187 4007 3322 4050 x111.
3371 3989 3709 4050 dicendum
3742 4007 3879 4049 vero
3908 3991 4010 4054 est.

2506 4084 2624 4144 hoc
2653 4087 2852 4144 totum
2884 4082 3158 4161 pendere
3189 4101 3264 4142 ex
3296 4082 3743 4143 contuetudine
3774 4100 3901 4161 quae
3929 4080 4014 4139 in-

2503 4177 2846 4239 tentionem
2868 4176 3371 4238 contrahentium
3395 4176 3631 4253 optime
3652 4175 4009 4234 manifestat:

2504 4289 2697 4351 quare
2744 4271 2794 4329 si
2826 4289 2972 4329 usus
3018 4274 3111 4329 cst
3149 4273 3216 4329 ut
3245 4287 3384 4330 cum
3411 4268 3663 4348 jactura
3692 4266 3881 4327 arrhae
3912 4266 4013 4323 im-

2503 4382 2700 4442 punes
2728 4362 3048 4436 recedant,
3084 4380 3159 4422 ea
3188 4362 3387 4421 solum
3411 4361 3811 4422 videturesse
3831 4359 4015 4418 inten-

2502 4456 2612 4517 tio.
2662 4456 2954 4535 Alioquin
3003 4455 3358 4516 censebitur
3402 4454 3549 4515 data
3606 4453 3794 4514 arrha
3843 4453 3896 4511 in
3944 4451 4014 4508 si-

2502 4567 2720 4626 gnum,
2756 4552 2819 4608 et
2845 4567 2966 4609 non
2998 4548 3077 4606 ad
3108 4547 3551 4608 infirmandam
3578 4592 3593 4622 ,
3653 4546 3761 4606 scd
3787 4544 3859 4606 ad
3888 4561 4015 4602 ma-

2501 4641 2597 4719 gis
2628 4640 3056 4701 roborandam
3087 4640 3531 4718 obligationem
3569 4643 3959 4699 contractam.

3209 4839 3247 4879 Ο
