4263 6376
1145 337 1616 398 msPU'rATIO
1664 339 1850 414 XXV,
1898 338 2174 400 SEC'rlo
2218 339 2323 398 XI.

270 513 530 592 Septima
581 531 769 592 poena
796 518 911 591 est,
971 531 1048 574 cx
1076 513 1242 574 dicto
1299 531 1440 592 cap.
1477 513 1693 588 Onam-

201 626 372 687 quam,
403 625 475 665 ne
496 605 575 665 ad
592 605 1048 668 confessionem
1069 610 1469 685 peccatorum
1497 606 1694 666 mani-

132 708 163 771 ‚¹¹¹
201 700 369 758 festus
396 698 707 758 usurarius
751 699 1140 774 admittatur,
1195 698 1294 759 vel
1342 697 1475 777 ejus
1504 703 1696 759 testa-

138 781 148 799 '
201 796 385 850 mento
413 790 627 869 aliquis
670 790 931 866 intersit,
990 795 1348 869 antequam,
1385 791 1482 849 vel
1511 792 1692 852 resti-

199 887 335 957 tuat,
363 882 452 941 vel
479 883 834 943 cautionem
864 883 1162 962 praedicto
1194 882 1380 942 modo
1413 887 1689 959 praestet.

199 974 440 1035 Adverte
467 979 697 1051 tamen,
723 975 772 1035 si
805 974 1145 1050 usurariuS,
1175 975 1442 1036 instante
1467 980 1691 1049 morte,

200 1067 328 1126 velit
350 1085 419 1126 ea
445 1073 738 1144 praestare
762 1072 822 1128 et
850 1086 974 1128 non
994 1067 1205 1146 possit,
1240 1067 1695 1128 absolvendum

203 1178 339 1235 esse,
369 1160 571 1235 mode,
603 1160 658 1219 si
682 1162 893 1237 possit,
921 1159 1094 1238 juret
1112 1179 1179 1220 se
1197 1178 1272 1219 ex
1300 1160 1373 1220 iis
1392 1160 1697 1238 praestitu-

200 1270 319 1311 rum
345 1270 475 1331 quae
503 1253 779 1330 potuerit
823 1272 836 1312 ε
888 1259 971 1328 et,
1005 1252 1056 1312 si
1087 1252 1192 1312 alii
1220 1251 1447 1326 adsint,
1482 1257 1696 1331 prote·

199 1351 368 1404 stetur
385 1361 590 1405 coram
612 1345 755 1420 illis,
788 1363 853 1405 se
879 1345 984 1405 illa
1006 1344 1257 1419 debere,
1291 1349 1354 1405 et
1373 1345 1699 1423 praecipiat

201 1436 432 1511 restitui,
481 1440 543 1496 et
567 1437 987 1497 confessarius
1017 1441 1190 1515 petat
1232 1436 1310 1496 ab
1340 1455 1414 1496 eo
1444 1436 1700 1498 faculta-

201 1533 307 1588 tem
333 1546 402 1586 ea
429 1528 635 1588 omnia
666 1529 1107 1589 manifestandi
1132 1527 1470 1606 ordinario,
1504 1534 1574 1591 ιιι
1599 1529 1699 1590 vel

202 1639 345 1695 eum,
381 1620 429 1679 si
450 1620 883 1699 supervixerit,
918 1621 1016 1681 vel
1043 1621 1176 1699 ejus
1205 1622 1488 1682 haeredes
1514 1627 1700 1701 cogat

203 1713 270 1772 ad
296 1731 364 1772 ea
388 1712 727 1791 implenda,
763 1718 829 1775 ut
856 1732 999 1774 cum
1019 1714 1252 1775 Molina
1280 1718 1343 1774 et
1362 1714 1497 1775 aliis
1526 1719 1704 1776 notat

206 1804 358 1865 Salas
385 1824 485 1865 nu.
517 1808 577 1865 9.

269 1899 483 1958 Octava
508 1914 701 1975 poena
730 1900 842 1973 est,
892 1902 963 1959 ut
988 1902 1432 1961 testamentum
1477 1898 1703 1960 notorii

132 2016 169 2058 ,ἢ
204 1988 436 2048 usurarii
464 1989 713 2050 irritum
758 1989 857 2065 sit,
917 1989 997 2050 de
1026 2010 1150 2070 quo
1208 1991 1478 2052 diximus
1518 1991 1704 2051 latius

205 2082 341 2158 disp.
372 2081 639 2159 praeced.
674 2080 745 2141 de
772 2083 1120 2143 testamentis
1149 2089 1299 2145 sect.
1333 2100 1421 2146 ιν.

267 2175 426 2233 Nona
449 2192 637 2251 poena
672 2178 786 2251 est,
821 2180 889 2236 ut
916 2176 1200 2237 usurario
1231 2177 1473 2238 notorio
1496 2175 1708 2236 alieni·

203 2285 357 2344 geuae
385 2284 564 2325 nemo
610 2268 810 2346 possit
837 2268 1095 2330 domum
1141 2268 1349 2329 locare
1376 2268 1459 2329 ad
1488 2286 1708 2329 usuras

205 2358 574 2433 exercendaS,
637 2358 740 2418 vel
770 2361 1145 2421 conductam
1202 2361 1435 2421 habere
1474 2361 1703 2436 sinant,

205 2470 266 2511 ex
292 2469 418 2529 cap.
449 2452 496 2511 I.
527 2450 599 2511 de
625 2451 819 2511 usuris
848 2453 958 2513 lib.
991 2469 1075 2514 v1.
1135 2453 1210 2513 de
1267 2471 1389 2532 quo
1439 2452 1709 2512 diximus

205 2561 369 2621 supra
393 2548 651 2621 agentes
679 2543 759 2604 de
787 2544 1265 2623 cooperantibus
1293 2545 1601 2605 usurario.

261 2635 495 2695 Decima
521 2654 718 2714 poena
737 2641 851 2710 est,
886 2642 955 2698 ut
974 2638 1024 2697 si
1057 2638 1187 2715 ipse
1210 2638 1528 2697 usurarius
1548 2637 1712 2697 acci-

132 2771 169 2800 .-
208 2727 284 2805 pit
306 2728 380 2787 ab
431 2728 553 2789 allo
583 2735 878 2790 mutuum
906 2730 1022 2789 sub
1077 2731 1302 2802 usuriS,
1364 2749 1487 2790 non
1518 2729 1714 2809 possit

132 2827 173 2854 ¹³·
206 2820 341 2898 ipse,
370 2821 463 2881 vel
491 2820 628 2900 ejus
659 2822 941 2883 haeredes
974 2829 1254 2900 repetere
1287 2841 1515 2883 usuras
1545 2823 1714 2882 solu-

207 2918 305 2985 ms,
350 2913 542 2974 donec
570 2915 707 2993 ipse
737 2933 957 2975 usuras
984 2915 1064 2975 ab
1094 2916 1232 2975 aliis
1270 2920 1561 2994 acceptas
1590 2915 1715 2975 sol-

208 3012 317 3079 vat,
346 3025 415 3067 ex
442 3025 496 3067 c.
531 3006 811 3082 Mt'clzael,
861 3006 931 3068 de
953 3008 1166 3068 usuris.
1221 3010 1288 3069 Si
1331 3013 1544 3069 tamen
1573 3027 1715 3067 usu·

209 3099 383 3158 rarius
410 3100 662 3159 nomine
692 3099 1007 3176 Ecclesiae,
1043 3106 1151 3162 aut
1171 3101 1433 3178 alicujus
1458 3101 1716 3161 alterius

209 3210 404 3253 usuras
430 3194 635 3269 solvit,
668 3194 1034 3255 conceditur
1062 3195 1369 3272 repetitiO.
1404 3194 1561 3254 Vide
1591 3195 1718 3255 Mo-

208 3283 397 3360 linam,
441 3290 503 3346 et
528 3286 690 3346 alios
731 3286 884 3346 locis
913 3287 1142 3347 citatiS.
1206 3291 1301 3345 An
1333 3305 1481 3347 vero
1508 3286 1714 3346 mani-

213 3376 378 3438 festus
403 3380 730 3439 usurarius
758 3378 1143 3458 intelligatur
1162 3379 1225 3438 in
1256 3379 1473 3440 ordine
1502 3380 1584 3440 ad
1605 3380 1719 3440 has

211 3487 427 3545 paenas,
484 3472 592 3551 qui
649 3472 841 3531 semel
873 3476 982 3533 aut
1007 3472 1105 3532 bis
1158 3472 1240 3533 ad
1270 3491 1492 3533 usuras
1521 3472 1715 3549 dedit,

212 3579 280 3621 an
329 3563 526 3640 potius
569 3564 933 3643 requiratur
973 3564 1289 3625 habituale
1328 3566 1716 3641 exercitium,

215 3661 267 3715 et
290 3674 425 3715 usus
453 3656 648 3716 dandi
678 3657 793 3716 sub
822 3658 1047 3733 usuriS,
1096 3662 1325 3719 tractat
1349 3658 1516 3718 idem
1546 3658 1722 3719 Salas

215 3747 346 3808 dub.
375 3765 558 3809 xtvu.
593 3769 660 3811 n.
693 3754 753 3809 4.
814 3749 919 3809 ubi
975 3768 1120 3810 cum
1148 3751 1379 3812 Bartol.
1442 3755 1503 3812 et
1529 3750 1721 3811 Baldo

216 3839 270 3898 in
319 3840 429 3901 boc
479 3841 797 3921 posterius
855 3842 1134 3919 inclinat,
1200 3844 1368 3922 quod
1402 3843 1728 3923 probabile

218 3931 461 4010 videtur,
520 3939 584 3995 et
611 3934 928 4013 colligitur
982 3954 1057 3995 ex
1084 3936 1127 3995 l.
1159 3935 1395 4012 Palam,
1453 3953 1624 3996 ιιιιιι.
1658 3935 1721 3995 ff.

218 4024 408 4086 det-itu
431 4030 797 4108 nuptiarum.
858 4029 954 4088 Ad
988 4028 1157 4106 quod
1204 4028 1431 4089 adduci
1470 4030 1730 4108 possunt

220 4117 444 4195 plurimi
475 4126 786 4196 auctores,
830 4139 986 4199 quos
1015 4121 1079 4180 in
1107 4121 1294 4182 simili
1322 4121 1624 4199 congerit,
1667 4123 1730 4181 et

221 4216 478 4289 sequitur
501 4213 704 4273 Diana
732 4219 818 4274 to.
852 4215 899 4274 1.
934 4218 1095 4292 part.
1131 4231 1198 4273 ιι.
1259 4219 1436 4274 tract.
1471 4230 1565 4273 111.
1598 4212 1732 4272 mis-

222 4303 333 4364 cell.
361 4324 479 4366 res.
508 4309 612 4366 65.
666 4304 945 4366 dicentes
988 4324 1206 4383 poenas
1244 4307 1565 4385 impositas
1609 4306 1734 4366 ele-

222 4395 333 4455 rico
359 4398 673 4458 exercenti
701 4397 1073 4470 sodomiam,
1109 4417 1231 4458 non
1261 4399 1492 4459 incurri
1526 4398 1604 4458 ab
1632 4416 1729 4473 ec,

224 4487 313 4565 qui
340 4488 454 4565 bis»,
487 4495 595 4550 aut
622 4495 721 4550 ter
748 4495 1075 4567 peccatum
1104 4491 1256 4551 illud
1280 4490 1612 4551 commisit.
1645 4491 1736 4550 Ex

225 4580 314 4638 illa
341 4586 545 4642 autem
574 4583 617 4643 l.
649 4581 887 4658 Palam,
923 4582 1191 4644 habetur
1205 4583 1421 4658 etiam,
1454 4601 1578 4642 non
1601 4601 1736 4642 esse

226 4671 546 4734 immunem
577 4693 615 4734 a
643 4676 848 4754 poenis
878 4694 1044 4753 eum,
1080 4694 1204 4754 quo
1226 4680 1443 4753 postea
1461 4675 1541 4735 ab
1564 4694 1740 4734 exer-

227 4765 354 4826 citio
382 4767 662 4827 criminis
705 4767 961 4844 destitit,
1020 4768 1251 4830 sufficit
1291 4769 1455 4828 enim
1486 4767 1739 4828 commi·

227 4857 363 4917 sisse
418 4880 430 4919 ε
486 4859 657 4938 quod
704 4860 1005 4938 intellige,
1065 4861 1317 4938 quando
1349 4861 1412 4919 in
1442 4859 1576 4938 ipsa
1602 4859 1741 4937 lege

231 4967 342 5009 non
370 4970 663 5030 expresse
720 4952 989 5030 exigitur
1027 4952 1494 5030 perseverantia
1532 4957 1747 5014 actua-

230 5041 315 5115 lis,
346 5043 439 5102 vel
466 5049 789 5104 mortuum
820 5063 954 5104 esse
981 5046 1046 5105 in
1075 5045 1177 5105 illo
1210 5049 1489 5123 peccatO.

309 5135 510 5197 Restat
538 5136 898 5208 difficultaS,
956 5137 1035 5197 ad
1070 5137 1236 5215 quod
1292 5137 1565 5198 tribunal
1610 5155 1752 5216 spe-

132 5266 198 5307 m,
240 5230 351 5286 ctet
376 5244 755 5306 cognoscere
810 5229 889 5289 de
943 5230 1203 5290 crimine
1237 5249 1467 5306 usuroe,
1527 5229 1658 5290 sive
1688 5229 1750 5289 in

132 5325 200 5415 τόξ’
241 5321 564 5398 quaestione
591 5321 672 5382 de
701 5321 889 5399 facto,
922 5323 1173 5401 quando
1205 5322 1506 5402 quoeritur
1534 5341 1613 5381 an
1644 5322 1754 5382 ali-

132 5456 142 5466 .
241 5412 365 5491 quis
390 5412 536 5473 illud
571 5414 959 5475 commiserit
987 5415 1155 5493 quod
1186 5420 1430 5477 constat
1448 5434 1582 5475 esse
1613 5434 1756 5475 usu·

240 5523 383 5581 ram,
411 5506 538 5566 sive
569 5507 634 5567 in
657 5507 999 5587 quaestionc
1030 5507 1283 5587 dejure,
1318 5508 1571 5587 quando
1589 5526 1755 5587 quae-

3206 339 3324 398 259

1792 514 1951 576 ritur
1985 532 2064 574 an
2096 513 2322 594 aliquis
2351 517 2709 578 contractus
2739 515 2820 579 sit
2845 515 3190 578 usurarius.
3250 516 3327 575 Et

1794 607 2049 686 quidem
2078 608 2140 666 in
2173 609 2518 687 quaestione
2539 609 2617 668 de
2635 610 2796 670 facto
2819 609 3036 687 negari
3066 626 3190 668 non
3219 625 3328 686 po-

1792 705 1935 775 test,
1975 700 2222 779 judices
2249 700 2440 761 laicos
2470 720 2650 779 posse
2682 702 2758 762 de
2790 701 2889 761 illo
2922 718 3322 779 cognoscere,

1795 792 2044 871 quando
2072 797 2313 854 constat
2335 799 2723 855 contractum
2741 794 2930 854 fuisse
2949 793 3323 867 usurarium,

1794 902 1936 944 cum
1958 884 2154 963 judici
2206 885 2366 945 laico
2399 886 2517 946 boc
2573 905 2803 947 munus
2859 887 3219 965 imponatur
3248 884 3327 944 ab

1793 976 1928 1055 ipsa
1958 978 2255 1054 Ecclesia,
2308 977 2369 1037 in
2400 997 2454 1038 c.
2495 978 2877 1060 Quamquam,
2914 985 2977 1040 et
3005 980 3067 1038 iu
3097 998 3151 1041 c.
3190 978 3332 1038 Post

1793 1070 2200 1146 miserabilem,
2233 1069 2303 1131 de
2321 1071 2532 1132 usuris.
2586 1071 2931 1132 Difficultas
2962 1090 3096 1132 esse
3127 1072 3331 1148 potest

1794 1163 1857 1222 in
1892 1162 2235 1241 quaestione
2265 1164 2343 1222 de
2382 1164 2560 1241 jure;
2614 1181 2808 1243 quare
2855 1182 2980 1224 non
3028 1161 3211 1241 pauci
3242 1161 3332 1221 di-

1795 1261 1965 1331 cunt,
2010 1254 2290 1335 judicem
2330 1255 2560 1317 laicum
2591 1274 2715 1316 non
2747 1275 2927 1335 posse
2971 1255 3049 1316 de
3079 1255 3197 1315 hoc
3226 1272 3334 1314 co-

1796 1364 2129 1425 gnoscere,
2191 1347 2300 1407 sed
2357 1348 2559 1408 solum
2617 1348 3113 1409 ecclesiasticum
3147 1392 3162 1423 ‚
3224 1345 3333 1424 qui

1798 1439 2159 1499 etiamtunc
2188 1440 2509 1517 cognoscit
2537 1440 2614 1499 de
2658 1440 3000 1519 quaestione
3042 1439 3211 1514 facti,
3272 1440 3336 1498 et

1799 1530 2155 1593 usurarium
2202 1532 2402 1610 punit.
2464 1533 2555 1593 Ita
2595 1534 2807 1593 Salon.
2868 1532 2930 1592 in
2987 1549 3170 1611 praeS.
3224 1549 3330 1609 qu.

1798 1624 2063 1685 LXVIII.
2112 1628 2229 1684 art.
2264 1640 2358 1685 111.
2412 1628 2610 1685 contr.
2646 1624 2758 1685 ult.
2810 1627 2993 1686 Azor.
3025 1626 3330 1702 Layman.

1804 1716 1996 1776 Palat.
2058 1716 2242 1776 Card.
2304 1716 2533 1777 Tusch.
2593 1718 2626 1777 J
2634 1717 2716 1778 ul.
2778 1717 2941 1778 Clar.
3004 1714 3331 1794 Reginald.

1801 1808 2141 1882 Bonacina,
2203 1812 2265 1868 et
2317 1809 2443 1884 alii,
2505 1828 2662 1888 quos
2719 1811 2902 1870 affert
2949 1813 3011 1870 et
3056 1808 3339 1887 sequitur

1803 1901 2002 1962 Diana
2030 1902 2075 1961 I.
2128 1905 2281 1961 tom.
2333 1905 2511 1962 tract.
2548 1918 2618 1962 11.
2668 1900 2738 1962 de
2780 1901 3065 1961 immunit.
3100 1899 3333 1961 Eccles.

1804 1993 1988 2053 resol.
2022 1997 2121 2054 77.
2186 1993 2310 2054 Sed
2356 2013 2503 2053 vere
2534 1995 2849 2054 Bonacina
2898 1995 3006 2054 illa
3036 1992 3194 2070 disp.
3229 1994 3333 2054 111.

1803 2086 1873 2148 de
1899 2094 2184 2147 contraet.
2220 2104 2280 2164 q.
2316 2102 2410 2146 111.
2463 2105 2613 2165 pun.
2648 2088 2758 2149 ult.
2813 2087 2875 2146 in
2906 2088 3053 2161 fine,
3105 2085 3165 2145 in
3197 2103 3341 2145 mea

1806 2180 2076 2242 editione
2109 2179 2259 2238 anni
2289 2182 2462 2239 1622.
2517 2178 2580 2238 id
2612 2197 2736 2249 non
2766 2179 2938 2255 dicit,
2991 2178 3101 2239 sed
3130 2177 3343 2238 relatis

1805 2272 2015 2333 multis
2057 2271 2421 2331 auctoribus
2475 2290 2588 2350 pro
2646 2271 2961 2332 contraria
3008 2270 3337 2345 sententia,

1806 2367 1987 2425 affert
2033 2364 2234 2424 solum
2264 2363 2605 2440 Tuschum,
2666 2369 2728 2425 et
2754 2364 3005 2425 Clarum
3053 2381 3166 2442 pro
3198 2362 3338 2438 hac,

1809 2461 1872 2518 et
1899 2456 2029 2535 ipse
2061 2456 2215 2516 nihil
2237 2455 2630 2516 determinat.
2670 2459 2796 2516 Nec
2817 2456 3016 2516 Diana
3035 2456 3344 2516 rationem

1811 2549 2083 2629 aliquam
2112 2551 2292 2608 affert
2321 2565 2431 2625 pro
2458 2548 2563 2608 illa
2608 2548 2937 2608 sententia.
2999 2551 3164 2609 Azor
3192 2563 3342 2607 vero

1811 2641 2056 2720 probat,
2117 2640 2265 2719 quia
2309 2640 2553 2718 legibus
2600 2641 2885 2700 civilibus
2930 2658 3055 2700 non
3094 2640 3348 2700 fuerunt

1811 2752 2018 2794 usurae
2065 2732 2421 2811 prohibitae,
2472 2732 2582 2792 sed
2631 2732 2834 2792 solum
2882 2732 3340 2793 ecclesiasticis,

1811 2830 1959 2887 Haec
1986 2829 2200 2886 tamen
2215 2825 2375 2885 ratio
2396 2824 2477 2884 ad
2507 2842 2822 2883 summum
2846 2823 3073 2903 probat
3101 2824 3177 2883 de
3199 2841 3348 2882 usu-

1813 2919 1898 2980 ris
1929 2917 2069 2993 illis,
2104 2935 2245 2996 quae
2267 2919 2410 2996 =iure
2442 2916 2607 2977 civili
2637 2917 3188 2994 permittebantur;
3223 2933 3349 2976 non

1814 3018 1891 3071 de
1922 3009 2039 3069 illis
2068 3009 2205 3069 aliis
2262 3027 2402 3088 quae
2425 3009 2569 3088 jure
2627 3009 2794 3069 civili
2850 3008 3185 3087 prohibitae
3215 3007 3350 3068 fue-

1815 3106 1983 3163 runt.

1895 3196 2013 3258 Alii
2043 3194 2224 3255 multi
2244 3194 2617 3270 concedunt,
2653 3213 2835 3273 posse
2849 3195 3130 3274 judicem
3160 3195 3351 3256 etiam

1816 3288 2308 3350 ecclesiasticum
2337 3286 2415 3346 de
2445 3306 2635 3348 usura
2664 3305 3065 3366 cognoscere,
3117 3288 3226 3348 sed
3258 3288 3355 3346 di-

1817 3385 1968 3442 cunt
1996 3398 2130 3440 esse
2160 3379 2328 3439 misti
2357 3379 2497 3454 fori,
2550 3384 2738 3457 atque
2767 3379 2925 3439 adeo
2970 3380 3048 3439 acl
3071 3379 3354 3458 judicem

1819 3474 2007 3535 etiam
2031 3472 2262 3532 laicum
2292 3473 2603 3550 pertinere
2638 3489 2652 3536 :
2687 3490 2830 3531 cum
2851 3471 3016 3531 enim
3040 3471 3356 3550 prohibita

1818 3566 2061 3645 sitjure
2091 3570 2353 3641 naturae,
2413 3566 2576 3627 sicut
2619 3565 2881 3638 furtum,
2920 3565 3350 3640 homicidium,

1823 3664 1885 3720 et
1913 3658 2056 3732 alia,
2091 3675 2216 3717 non
2246 3662 2359 3732 est,
2415 3676 2527 3717 cur
2554 3658 2961 3734 magistratus
2988 3657 3184 3718 laicus
3232 3675 3356 3717 non

1823 3750 2019 3831 possit
2045 3751 2123 3809 de
2154 3750 2256 3810 illo
2285 3749 2543 3810 crimine
2570 3767 2969 3827 cognoscere,
3004 3749 3173 3829 quod
3198 3750 3262 3808 in
3291 3767 3357 3809 se

1826 3863 1951 3905 non
1980 3844 2288 3922 majorem
2331 3842 2835 3921 spiritualitatem
2885 3842 3182 3918 continet,
3243 3858 3360 3902 nec

1825 3936 2025 4014 magis
2051 3935 2372 3996 concernit
2390 3935 2759 4013 spiritualia,
2798 3952 2986 4013 quam
3007 3936 3129 3996 alia
3149 3935 3362 3997 omnia

1826 4029 2111 4090 crimina.
2146 4031 2242 4089 Ita
2267 4028 2499 4088 Melina
2526 4027 2686 4105 disp.
2720 4029 2859 4088 333.
2898 4027 3002 4106 qui
3034 4029 3215 4089 affert
3248 4027 3362 4089 Sil-

1828 4125 1985 4182 vest.
2023 4122 2245 4182 Covar.
2283 4122 2576 4180 Panorm.
2626 4124 2688 4180 et
2729 4119 2907 4180 alioS.
2970 4120 3143 4180 Idem
3181 4120 3365 4181 docet

1832 4217 1915 4277 Sa
1956 4232 2117 4274 vers.
2180 4231 2380 4288 usura,
2442 4230 2613 4273 num.
2651 4215 2746 4273 16.
2806 4215 3077 4275 Tanner.
3130 4213 3359 4274 Roder.

1833 4312 1895 4368 et
1922 4306 2049 4381 alii,
2085 4324 2242 4384 quos
2269 4307 2452 4367 affert
2480 4305 2648 4365 idem
2677 4306 2876 4366 Diana
2907 4305 3014 4366 ubi
3042 4325 3254 4385 supra.

1912 4401 2043 4478 Ego
2094 4398 2606 4477 distinguendum
2663 4397 2987 4470 existim03
3045 4398 3152 4458 ubi
3201 4397 3368 4458 enim

1832 4494 2004 4570 leges
2034 4490 2247 4552 civiles
2277 4509 2499 4551 usuras
2521 4507 2645 4550 non
2666 4490 3024 4568 prohibent,
3060 4490 3370 4570 ejusmodi

1838 4585 2097 4664 quaestio
2129 4583 2466 4662 pertinebit
2511 4583 2590 4643 ad
2620 4583 2823 4643 solum
2862 4583 3142 4662 judicem
3172 4585 3371 4645 eccle-

1836 4676 2179 4750 siasticum,
2242 4693 2384 4736 cum
2440 4675 2586 4735 solis
2643 4675 2886 4754 legibus
2935 4675 3372 4737 ecclesiasticis

1839 4768 2271 4848 prohibeatur,
2331 4772 2393 4828 et
2442 4786 2566 4827 non
2593 4768 2788 4844 possit
2835 4766 3031 4846 judex
3060 4769 3283 4847 punire
3313 4767 3377 4826 id

1842 4861 2010 4940 quod
2038 4860 2210 4938 leges
2241 4860 2333 4920 sui
2365 4860 2479 4920 fori
2513 4879 2633 4920 non
2658 4860 2945 4938 puniunt,
2979 4879 3121 4921 cum
3153 4860 3383 4921 debeat

1836 4956 2016 5033 juxta
2043 4953 2214 5029 leges
2250 4952 2537 5032 judicare
2587 4959 2649 5013 et
2694 4953 2937 5031 punire.
3001 4953 3121 5014 Ubi
3171 4957 3381 5013 autem

1843 5046 2016 5124 leges
2045 5045 2232 5105 etiam
2265 5044 2476 5104 civiles
2531 5063 2751 5105 usuras
2807 5044 3140 5123 probibent
3184 5049 3247 5105 et
3274 5064 3386 5124 pu-

1849 5138 2047 5211 niunt,
2107 5141 2295 5215 prout
2320 5137 2634 5216 plerisque
2675 5136 2811 5215 jam
2840 5136 2903 5195 in
2946 5137 3097 5197 locis
3126 5137 3384 5213 faciunt,

1850 5249 1974 5289 non
2005 5229 2187 5289 video
2220 5247 2333 5289 cur
2361 5247 2485 5289 non
2516 5229 2713 5308 possit
2746 5228 2944 5309 judex
2980 5228 3177 5290 laicus
3208 5230 3284 5290 de
3314 5247 3389 5291 eo

1853 5322 2116 5383 crimine
2173 5340 2552 5401 cognoscere
2601 5322 2660 5381 in
2721 5328 2990 5401 utraque
3048 5323 3391 5402 quaestione

1853 5414 2000 5475 facti
2031 5420 2093 5476 et
2131 5413 2313 5494 juris,
2364 5414 2527 5475 sicut
2554 5414 2632 5475 de
2661 5414 2800 5475 aliis
2823 5415 3191 5476 criminibus
3222 5415 3390 5492 furti,

1855 5507 2201 5584 homicidii,
2236 5515 2354 5570 etc.
2390 5507 2453 5567 in
2483 5512 2750 5587 utraque
2776 5508 3125 5587 quaestione
3163 5527 3394 5588 cogno-

3515 4415 3634 4476 250
