4263 6376
96 1356 158 1396 lde

96 1469 157 1523 ¹3⁰

96 1528 147 1557 ιιι.

1227 300 1699 361 DlSPUTATIO
1743 301 1961 376 XXVI,
2012 302 2286 361 SECTIO
2331 304 2376 361 1.

238 476 467 555 ponitur
488 523 505 553 ,
538 482 601 538 et
627 481 719 538 est
742 478 1026 557 perfecta
1053 476 1328 538 venditio
1348 522 1365 553 ,
1417 477 1567 555 quia
1591 476 1737 537 uni-

237 587 362 629 cum
389 571 650 647 pretium
678 570 891 631 statim
921 569 1200 630 debitum
1245 569 1429 630 datur
1455 587 1572 646 pro
1595 568 1739 648 jure

234 661 328 722 illo
354 661 429 722 ad
457 662 690 723 fructus
719 666 1056 740 perpetuos
1080 708 1096 738 ,
1146 661 1244 721 vel
1288 662 1350 721 in
1382 661 1576 721 vitam
1614 679 1739 721 em·

233 754 409 832 ptoris
430 800 446 830 ,
487 759 548 815 et
574 755 918 833 periculum
951 772 1074 814 non
1102 754 1181 815 ad
1213 753 1603 815 venditorem
1628 753 1739 814 sed

235 845 303 905 ad
331 851 662 926 emptorem
691 850 952 925 spectat.
996 847 1106 907 llla
1135 865 1286 926 ergo
1315 846 1622 925 particula
1649 847 1742 907 vi-

233 939 396 999 detur
435 938 724 999 addenda
766 938 1083 1017 praedictis
1126 938 1621 1014 definitionibus,
1674 940 1743 999 ut

234 1030 460 1093 omnino
490 1031 761 1093 venditio
794 1032 873 1093 ab
899 1031 1039 1092 aliis
1066 1031 1495 1094 contractibus
1524 1030 1740 1092 distin-

233 1127 456 1202 guatur.
488 1125 577 1184 Ex
605 1123 786 1185 dictis

300 1216 552 1277 Infertur
576 1217 801 1295 primo,
834 1234 960 1277 non
993 1235 1128 1278 esse
1150 1217 1228 1276 de
1253 1216 1495 1279 ratione
1522 1217 1741 1278 vendi-

233 1309 422 1381 tioniS,
460 1308 627 1387 quod
655 1327 768 1388 per
796 1309 997 1387 ipsam
1028 1309 1378 1370 dominium
1408 1311 1500 1370 rei
1526 1311 1739 1371 vendi·

96 1408 193 1469 mni·
230 1406 299 1460 tae
325 1401 721 1462 transferatur
753 1418 768 1465 :
818 1419 1013 1480 quare
1061 1401 1221 1462 bene
1250 1402 1480 1463 Molina
1525 1402 1743 1481 rejecit

232 1493 396 1553 etiam
424 1512 492 1553 ex
521 1491 643 1553 hoc
671 1493 875 1571 eapite
905 1492 1334 1557 definitionem
1365 1495 1497 1556 Soti
1526 1495 1740 1555 dicen-

228 1587 325 1661 tis,
370 1585 788 1647 venditionem
817 1604 953 1647 esse
1001 1587 1474 1648 distractionem
1502 1587 1590 1647 rei
1623 1605 1734 1666 pro

228 1678 440 1756 pretio,
499 1683 560 1740 et
595 1679 991 1757 emptionem
1039 1697 1175 1739 esse
1224 1682 1616 1740 contractum
1645 1680 1735 1740 rei

228 1789 323 1850 pro
349 1772 570 1851 preti0,
603 1771 726 1832 hoc
756 1776 887 1847 est,
920 1776 1310 1833 contractum
1341 1790 1464 1851 quo
1494 1791 1592 1833 res
1621 1790 1733 1851 pro

226 1864 399 1942 pretio
425 1864 759 1939 alienatur,
808 1864 906 1924 vel
939 1864 1073 1942 ejus
1100 1864 1448 1925 dominium
1479 1882 1736 1943 compa-

225 1961 380 2016 ratur
432 1976 446 2017 :
503 1956 652 2035 quia
683 1956 978 2017 nimirum
999 2003 1014 2032 ,
1067 1957 1318 2036 quando
1348 1957 1570 2017 vendis
1599 1975 1735 2017 rem

225 2049 500 2125 alienam,
550 2054 803 2128 emptor
846 2068 971 2110 non
1012 2053 1340 2127 comparat
1368 2049 1503 2129 ejus
1529 2050 1731 2110 domi-

225 2141 408 2215 nium,
441 2148 501 2202 et
529 2147 742 2202 tamen
772 2142 1106 2203 intercedit
1132 2160 1283 2202 vera
1310 2142 1586 2203 venditio
1612 2188 1627 2219 ,
1666 2148 1734 2205 ut

224 2241 441 2298 constat
467 2255 538 2296 ex
566 2236 609 2297 l.
646 2236 792 2296 Rem
821 2235 1072 2296 alienam
1097 2281 1113 2312 ,
1149 2237 1213 2297 ff.
1246 2234 1317 2296 de
1343 2235 1734 2297 contrahenda

223 2329 478 2409 emptione
499 2375 515 2405 ‚
557 2334 621 2389 et
649 2328 936 2390 similiter
963 2328 1064 2407 qui
1102 2328 1369 2406 pecunia
1398 2329 1601 2389 aliena
1623 2376 1637 2405 ,
1673 2334 1736 2390 et

223 2422 430 2483 furtiva
456 2420 607 2483 emit
653 2421 966 2496 triticum,
1017 2425 1345 2499 comparat
1387 2420 1735 2481 dominium

223 2514 299 2574 rei
324 2518 558 2593 emptae,
593 2520 658 2576 et
688 2513 892 2574 valide
924 2514 1113 2587 emit,
1148 2513 1295 2574 licet
1321 2531 1446 2573 non
1477 2516 1735 2575 transfe-

221 2613 305 2668 rat
326 2607 666 2667 dominium
698 2607 880 2684 pretii
909 2607 972 2666 in
1000 2606 1429 2683 venditorem,
1480 2611 1549 2667 ut
1584 2624 1734 2668 con-

221 2705 327 2760 stat
351 2719 417 2759 ex
445 2700 485 2761 l.
518 2699 759 2778 penult.
796 2702 860 2761 C.
893 2699 1102 2779 siquis
1129 2697 1341 2774 alteri,
1374 2698 1469 2759 vel
1485 2698 1629 2776 sibi,
1672 2703 1734 2761 et

223 2811 284 2852 ex
317 2792 441 2853 aliis
465 2793 740 2873 juribus».
801 2791 977 2864 Quod
1019 2796 1464 2869 argumentum
1512 2792 1731 2852 imme-

221 2884 321 2946 rito
349 2885 642 2964 reprobat
678 2884 855 2946 Salas
899 2888 1082 2946 tract.
1115 2882 1185 2943 de
1219 2892 1393 2964 empt.
1429 2892 1483 2943 et
1511 2883 1724 2946 vendit.

223 2978 351 3039 duh.
381 2996 424 3044 1.
455 2996 604 3038 num
633 2980 694 3038 3.
748 2976 871 3038 Sed
899 2994 1117 3036 revera
1145 2976 1370 3055 probat
1395 2977 1725 3054 intentum,

221 3070 448 3146 scilicet,
476 3070 553 3130 de
584 3070 828 3131 ratione
846 3068 1222 3130 venditionis
1253 3086 1375 3129 non
1397 3087 1530 3129 esse
1562 3070 1730 3149 quod

222 3163 524 3226 transferat
548 3161 932 3238 dominium,
984 3160 1094 3221 sed
1123 3160 1291 3240 quod
1320 3161 1401 3224 sit
1428 3167 1730 3242 quantum

223 3262 303 3317 est
327 3275 392 3317 ex
415 3253 1111 3335 partejcontrahentium
1141 3254 1506 3316 translativa
1533 3256 1732 3316 domi·

222 3349 293 3409 nii
319 3368 422 3428 pro
449 3350 675 3428 pretio,
693 3347 842 3409 licet
868 3366 981 3426 per
1009 3346 1321 3424 accidenS,
1347 3352 1601 3426 propter
1622 3348 1732 3407 im-

222 3443 533 3520 potentiam
564 3460 693 3502 non
722 3440 1134 3502 transferatur
1154 3485 1168 3514 ,
1220 3445 1282 3501 et
1307 3440 1369 3498 in
1397 3439 1517 3501 hoc
1545 3459 1732 3500 sensu

221 3533 453 3612 intelligi
478 3534 670 3594 debet
698 3534 794 3593 lex
814 3579 829 3610 ,
866 3531 1014 3594 Cum
1042 3551 1218 3591 manu
1244 3541 1374 3592 sata
1403 3578 1419 3608 ,
1451 3534 1508 3611 ἓ.
1542 3534 1633 3594 ult
1663 3535 1725 3594 ff.

221 3626 280 3686 de
301 3626 677 3689 contrahenda
704 3626 1006 3707 emptione,
1040 3625 1148 3685 ubi
1178 3626 1442 3688 dicitur:
1488 3628 1728 3686 «Nemo

222 3726 401 3797 potest
424 3720 619 3780 videri
651 3737 791 3778 eam
818 3736 954 3778 rem
982 3717 1337 3778 vendidisse
1356 3764 1372 3794 ‚
1424 3718 1502 3778 de
1550 3718 1728 3797 cujus

223 3812 468 3873 dominio
498 3813 560 3873 id
591 3812 820 3891 agitur,
843 3829 918 3868 ne
949 3810 1027 3869 ad
1053 3816 1399 3888 emptorem
1425 3815 1724 3872 transeat:

222 3905 314 3964 sed
343 3905 452 3966 hoc
483 3910 593 3966 aut
619 3904 848 3964 locatio
879 3908 994 3979 est,
1029 3908 1137 3964 aut
1164 3903 1333 3963 aliud
1361 3921 1560 3981 genus
1587 3921 1729 3963 con·

223 4002 450 4060 tractus.
481 4021 507 4054 ι»
574 3999 796 4059 Sermo
827 3996 992 4055 enim
1023 4001 1154 4071 est,
1206 3996 1284 4055 de
1313 4000 1636 4057 contractu
1667 3996 1728 4055 in

225 4109 329 4167 quo
356 4091 525 4153 deest
568 4091 834 4151 intentio
884 4089 1302 4150 transferendi
1346 4088 1724 4161 dominium;

227 4182 340 4242 haec
367 4186 527 4244 enim
555 4183 816 4244 intentio
861 4182 1214 4242 necessaria
1261 4186 1354 4243 est
1395 4181 1475 4240 ad
1515 4182 1730 4242 vendi-

226 4275 453 4352 tionem,
484 4295 606 4337 non
636 4294 783 4337 vero
812 4274 1073 4337 actualis
1105 4273 1447 4336 translatio,

292 4369 546 4431 Insertur
580 4368 859 4431 secundo
884 4414 900 4443 ,
958 4372 1351 4428 contractum
1405 4368 1550 4428 licet
1608 4386 1729 4427 non

228 4461 454 4523 omnino
470 4462 861 4540 compleatur
887 4466 1029 4520 ante
1051 4459 1451 4520 traditionem
1472 4461 1561 4520 rei
1582 4479 1733 4520 ven-

229 4553 356 4614 ditae
382 4560 441 4617 et
473 4555 695 4635 pretii,
748 4554 1092 4632 perfectum
1121 4558 1331 4614 tamen
1375 4572 1508 4612 esse
1537 4553 1599 4612 in
1632 4571 1725 4612 ra·

229 4644 374 4705 tione
402 4651 755 4707 contractus
780 4692 796 4720 ,
849 4646 1050 4723 posito
1086 4663 1393 4705 consensu
1422 4643 1501 4704 de
1531 4645 1731 4723 pret-io

227 4736 613 4800 determinato
664 4744 807 4800 ante
839 4738 1147 4799 actualem
1176 4737 1576 4797 traditionem
1600 4782 1616 4812 ,
1667 4740 1738 4796 ut

227 4828 469 4892 diximus
497 4850 690 4911 supra
719 4831 878 4909 disp.
916 4831 1105 4896 xxu.
1154 4828 1224 4889 de
1259 4829 1647 4888 contractibus
1676 4828 1735 4888 in

229 4924 491 4984 commum·
513 4929 664 4985 sect.
700 4940 794 4983 111.
838 4921 943 4982 ubi
973 4922 1243 4982 vidimus
1267 4967 1282 4998 ,
1336 4921 1585 5001 quando
1640 4939 1737 4981 re-

230 5015 489 5093 quiratur
554 5017 863 5094 scriptura
933 5014 1012 5074 ad
1070 5013 1204 5093 ejus
1260 5014 1733 5092 perfectionem.

232 5109 388 5170 Unde
415 5110 599 5170 etiam
631 5110 868 5185 oritur,
920 5107 1137 5167 deberi
1183 5107 1497 5184 gabellam
1528 5127 1602 5166 ex
1633 5107 1736 5167 illo

233 5199 398 5261 etiam
426 5207 565 5263 ante
595 5201 1017 5274 traditionem,
1052 5200 1130 5259 de
1161 5218 1283 5279 quo
1315 5199 1596 5259 dicemus
1625 5219 1737 5260 suo

232 5291 353 5354 loeo
390 5295 542 5355 infra
588 5295 749 5373 disp.
785 5296 1059 5355 xxxvl.
1094 5300 1243 5353 sect.
1277 5310 1338 5353 x.
1397 5294 1501 5353 ubi
1550 5293 1738 5354 etiam

236 5385 594 5464 videbimus,
629 5391 692 5447 et
716 5387 967 5465 quando
997 5390 1059 5446 ct
1090 5386 1407 5465 quomodo
1448 5390 1739 5446 retrotra-

239 5477 420 5558 hatur,
450 5482 648 5561 posita
680 5479 1036 5543 conditione
1061 5526 1076 5556 ,
1111 5479 1191 5539 ad
1219 5484 1465 5558 tempus
1495 5483 1744 5540 contra-

3257 300 3374 359 263

1839 476 2051 547 hendi,
2077 480 2143 539 et
2166 478 2412 556 gabella
2441 477 2741 538 solvenda
2768 477 2961 552 sitilli,
2987 476 3066 535 ad
3086 493 3270 553 quem
3301 492 3374 536 eo

1840 573 2120 648 tempore
2150 575 2512 649 spectasset,
2546 575 2609 631 et
2636 589 2758 631 non
2791 569 2871 630 ad
2902 587 3046 629 eum
3076 568 3158 628 ad
3188 586 3375 647 quem

1840 667 2079 740 spectat
2104 668 2390 741 tempore
2420 662 2797 723 conditionis
2813 661 3108 739 impletae,
3126 664 3187 720 et
3206 659 3375 719 idem

1839 756 2090 834 quando
2146 773 2260 833 per
2325 754 2834 816 ratihabitionem
2888 753 3375 832 subsequentem

1838 848 2178 926 perficitur,
2214 852 2276 909 et
2303 847 2555 926 quando
2592 847 2863 925 pretium
2894 864 3018 905 non
3049 849 3144 906 est
3169 844 3376 905 deter-

1839 939 2146 1001 minatum
2170 986 2186 1016 ,
2237 941 2333 1001 vel
2382 940 2759 1019 relinquitur
2807 937 3062 999 arbitrio
3110 938 3375 1016 alicujus

1836 1032 2003 1094 tertii
2035 1078 2050 1107 ,
2111 1031 2190 1093 de
2222 1032 2447 1112 quibus
2476 1032 2709 1093 Molina
2732 1077 2748 1107 ‚
2808 1036 2870 1093 et
2896 1032 3002 1092 alii
3030 1033 3228 1110 agunt
3254 1030 3375 1091 hoc

1837 1124 1997 1200 loco,
2031 1124 2141 1184 sed
2173 1141 2286 1184 nos
2316 1124 2597 1184 dicemus
2623 1124 2762 1186 loco
2796 1124 3010 1185 citato.

1918 1217 2190 1279 Infertur
2213 1218 2419 1294 terti0‚
2445 1218 2595 1297 quid
2624 1216 2960 1278 dicendum
2987 1216 3087 1292 sit,
3121 1215 3372 1295 quando
3544 1233 3583 1290 6

1838 1328 1950 1388 pro
1981 1309 2178 1388 pretio
2209 1309 2433 1370 domus
2461 1310 2646 1371 datur
2664 1310 2891 1388 partim
2910 1309 3197 1388 pecunia,
3231 1327 3376 1388 par·
3423 1355 3526 1408 Quid
3559 1357 3721 1411 quando

1835 1403 1949 1464 tim
1977 1402 2116 1463 aliae
2150 1421 2250 1463 res
2274 1448 2289 1479 ‚
2355 1421 2477 1482 quo
2508 1420 2656 1463 casu
2688 1401 3038 1463 communis
3065 1402 3374 1463 sententia
3422 1389 3569 1473 partib·
3589 1424 3719 1473 prpu-

1836 1495 2165 1556 doctorum
2183 1499 2294 1570 est,
2318 1513 2397 1573 qu
2407 1494 2487 1555 od
2500 1494 2742 1555 secluso
2763 1499 2995 1556 statuto
3012 1493 3371 1572 specialiter
3446 1469 3699 1565 ssiussfrsiiffi

1836 1587 2228 1665 disponente,
2263 1587 2445 1665 quale
2474 1586 2704 1647 alicubi
2736 1604 2870 1646 esse
2890 1586 3070 1661 solet,
3087 1585 3375 1666 judican-
3474 1571 3663 1614 ⁸⁰¹*'¹¹²¹¹'·

1836 1680 1916 1751 da
1944 1679 2023 1740 sit
2049 1680 2281 1756 emptio
2313 1678 2362 1738 si
2394 1678 2597 1757 maior
2626 1697 2769 1756 pars
2791 1678 2970 1757 pretii
3000 1679 3080 1739 sit
3106 1678 3373 1757 pecunia

1835 1774 1882 1832 si
1901 1790 2050 1832 vero
2065 1771 2291 1846 minor,
2320 1770 2666 1850 judicanda
2694 1771 2774 1831 sit
2792 1771 3191 1848 permutatiO,
3226 1770 3374 1848 quia

1836 1865 2103 1946 qualitas
2142 1869 2502 1924 contractus
2549 1864 2816 1924 sumitur
2863 1882 2899 1924 a
2944 1862 3374 1942 principaliori

1833 1963 2032 2038 parte,
2067 1956 2320 2037 quando
2350 1975 2497 2017 vero
2529 1956 2785 2035 aequalis
2818 1956 2896 2017 sit
2933 1960 3195 2034 utraque
3228 1974 3372 2033 pars

1833 2051 1932 2110 vel
1959 2050 2090 2110 fere
2120 2049 2416 2127 aequaliS,
2469 2049 2874 2127 spectandam
2917 2067 3052 2109 esse
3081 2048 3373 2109 intentio-

1833 2160 1978 2203 nem
2008 2142 2513 2202 contrahentium
2537 2188 2553 2217 ,
2598 2142 2680 2201 ad
2709 2141 3088 2203 intenderint
3115 2160 3369 2220 permu-

1831 2236 2131 2299 tationem
2181 2239 2291 2296 aut
2332 2235 2760 2296 venditionem
2808 2234 3149 2309 celebrare,
3202 2234 3372 2313 quod

1833 2348 1907 2388 ex
1939 2345 2156 2388 eorum
2185 2326 2393 2386 verbis
2435 2328 2645 2404 colligi
2692 2327 2945 2405 poterit.
3002 2328 3092 2387 lta
3123 2326 3372 2387 Lessius

1832 2439 1975 2481 cum
2005 2420 2143 2480 aliis
2171 2421 2212 2480 l.
2248 2421 2323 2480 ΙΙ.
2359 2436 2452 2479 ca.
2487 2435 2613 2479 xxi.
2651 2420 2712 2480 d.
2748 2437 2791 2481 1.
2828 2439 2933 2480 nu.
2971 2424 3029 2480 2.
3066 2419 3130 2480 Si
3160 2423 3372 2480 autem

1832 2514 1910 2574 de
1939 2513 2285 2574 intentione
2316 2529 2440 2572 non
2470 2516 2731 2589 constet,
2757 2512 2951 2592 aliqui
2978 2511 3213 2587 dicunt,
3236 2529 3371 2571 esse

1833 2605 2237 2684 emptionem,
2264 2604 2370 2664 alii
2393 2604 2599 2682 plures
2644 2622 2780 2665 esse
2809 2606 3364 2683 permutationem,

1834 2717 1990 2778 quos
2036 2699 2222 2758 affert
2266 2697 2496 2759 Molina
2542 2696 2711 2757 dicta
2754 2695 2816 2757 d.
2850 2700 2987 2758 336.
3022 2698 3077 2774 ἓ.
3119 2695 3226 2757 Ad
3248 2715 3370 2756 rem

1832 2790 2001 2852 unde.
2038 2790 2154 2864 Qui
2184 2795 2396 2851 tamen
2425 2807 2569 2849 cum
2598 2789 2734 2849 aliis
2763 2789 2942 2865 dicit,
2995 2808 3130 2849 esse
3161 2789 3370 2868 quoad

1831 2903 2022 2945 unam
2052 2885 2295 2962 partem
2332 2881 2759 2942 venditionem
2783 2927 2798 2958 ,
2834 2887 2896 2942 et
2924 2882 3131 2961 quoad
3180 2881 3369 2941 aliam

1832 2976 2377 3056 permutationem,
2414 2974 2581 3053 quod
2598 2974 2754 3034 mihi
2783 2974 2971 3035 etiam
2993 2974 3217 3052 placet,
3242 2991 3367 3034 non

1831 3070 2031 3131 solum
2054 3087 2128 3129 eo
2161 3086 2332 3144 casu,
2358 3067 2468 3127 sed
2494 3067 2683 3128 etiam
2712 3068 2963 3147 quando
2994 3067 3367 3128 contrahen-

1828 3168 1921 3226 tes
1955 3162 2261 3224 haberent
2287 3160 2697 3223 intentionem
2727 3165 3105 3224 contrarlam
3130 3208 3145 3237 ,
3198 3160 3368 3241 quod

1831 3260 2188 3318 contractus
2219 3257 2299 3316 s1t
2323 3254 2601 3315 totaliter
2629 3254 2906 3315 venditio
2933 3301 2948 3330 ,
2984 3254 3237 3334 quando
3267 3272 3367 3314 res

1829 3369 1954 3411 non
1983 3350 2170 3410 datur
2187 3348 2478 3423 totaliter,
2503 3346 2614 3407 sed
2633 3347 2834 3407 solum
2862 3346 3073 3407 media
3093 3364 3167 3406 ex
3188 3350 3366 3425 parte

1829 3460 1942 3521 pro
1972 3440 2209 3521 pretio,
2263 3444 2324 3501 et
2366 3438 2575 3500 media
2621 3457 2692 3499 ex
2742 3444 2919 3518 parte
2948 3444 3370 3500 commutatur

1829 3554 1973 3596 cum
2001 3553 2068 3594 re
2099 3534 2331 3612 aliqua.

1903 3627 2179 3689 Adverto
2210 3630 2419 3686 tamen
2443 3625 2667 3703 primo,
2691 3642 2875 3704 posse
2898 3624 3360 3701 contrahentes,
3551 3627 3589 3684 7

1827 3721 1880 3782 si
1909 3720 2124 3797 velint,
2157 3719 2363 3778 facere
2380 3722 2766 3779 contractum
2793 3717 3047 3778 totalem
3063 3718 3365 3778 venditio·
3443 3751 3684 3795 Memfi,

1830 3813 1946 3889 nis,
1982 3811 2226 3872 etiamsi
2256 3809 2457 3889 major
2486 3828 2631 3887 pars
2677 3809 2862 3889 pretii
2890 3809 2971 3869 sit
3000 3828 3097 3869 res
3128 3809 3359 3887 aliqua,
3413 3805 3710 3901 qgiss‘ss'flffl‘

3478 3912 3628 3964 duplex

1830 3906 1878 3965 si
1928 3905 2124 3965 velint
2187 3903 2499 3980 duplicem
2547 3901 2971 3963 venditionem
3020 3901 3360 3975 celebrare,
3457 3964 3636 4007 *mmo

1830 3996 2080 4078 quando
2112 3995 2266 4056 dant
2306 3994 2570 4055 fundum
2600 4012 2712 4072 pro
2744 3993 2931 4053 domo
2978 3998 3041 4055 et
3089 3996 3222 4054 100.
3259 4011 3365 4053 au·

1830 4092 1952 4151 reis
1974 4135 1990 4165 ,
2039 4107 2230 4149 unam
2277 4106 2402 4167 qua
2429 4086 2739 4147 vendatur
2785 4085 3015 4146 fundus
3041 4104 3154 4163 pro
3185 4088 3360 4148 1000.

1830 4184 2035 4245 aureis
2055 4202 2070 4255 ;
2105 4182 2367 4242 alteram
2388 4198 2513 4259 qua
2533 4183 2779 4258 emptor
2797 4178 2976 4238 fundi
2996 4179 3228 4241 vendat
3255 4179 3368 4240 do-

1829 4295 2003 4336 mum
2034 4293 2146 4353 pro
2181 4277 2357 4335 1000.
2393 4273 2598 4333 aureis
2641 4290 2719 4331 ex
2746 4272 2821 4332 iis
2851 4289 3007 4351 quos
3037 4271 3225 4333 debet
3255 4290 3367 4350 pro

1831 4369 2047 4444 fundo,
2082 4372 2232 4427 tunc
2262 4372 2469 4428 autem
2496 4365 2644 4445 quia
2688 4364 2914 4443 duplex
2945 4365 3222 4427 venditio
3253 4370 3367 4440 est,

1832 4461 2057 4539 duplex
2089 4459 2279 4520 etiam
2308 4459 2640 4519 debebitur
2666 4457 2935 4536 gabella,
2968 4476 3092 4517 una
3124 4476 3199 4517 ex
3227 4476 3374 4518 ven-

1832 4554 2067 4614 ditione
2097 4552 2295 4629 fundi‚
2330 4553 2525 4614 altera
2555 4569 2629 4611 ex
2659 4550 3020 4612 venditione
3052 4551 3301 4613 domuS.

1912 4645 2187 4707 Adverto
2228 4645 2501 4705 secundo
2527 4691 2542 4721 ,
2595 4644 2846 4723 quando
2894 4648 3250 4704 contractus
3280 4649 3375 4706 est
3559 4657 3598 4715 8

1835 4738 2064 4818 partim
2091 4738 2370 4799 venditio
2394 4784 2409 4813 ,
2446 4742 2508 4799 et
2535 4737 2766 4815 partim
2795 4736 3198 4815 permutatio,
3234 4755 3376 4814 pre·
3450 4780 3550 4832 0„ae
3581 4778 3692 4821 mio

1835 4833 1990 4893 tium
2021 4829 2300 4908 quidem,
2328 4830 2472 4908 quia
2490 4828 2799 4888 divisibile
2826 4832 2941 4903 est,
2962 4847 3143 4906 posse
3166 4827 3375 4906 quoad
3474 4847 3562 4927 ⁶⁰2¹·
3586 4837 3696 4928 ⁰²33

1834 4928 2080 5003 partem
2111 4922 2393 5000 pecuniae
2424 4922 2585 4999 exigi
2610 4922 2853 4981 actione
2885 4921 3142 4996 venditi,
3169 4919 3376 4999 quoad
3452 4900 3644 4982 quinam.

1837 5020 2080 5096 partem
2113 5034 2264 5076 uero
2295 5033 2434 5093 quae
2464 5032 2589 5074 non
2621 5018 2716 5075 est
2741 5013 3031 5092 pecunia,
3065 5031 3248 5092 posse
3279 5030 3380 5072 so-

1836 5110 1965 5171 lum
1997 5108 2159 5187 exigi
2191 5109 2436 5168 actione
2467 5126 2540 5166 ex
2573 5105 3054 5185 permutatione.
3090 5107 3381 5183 Loquen-

1838 5202 1917 5262 do
1948 5206 2161 5262 tamen
2191 5201 2269 5260 de
2297 5219 2364 5260 re
2396 5199 2670 5274 vendita,
2705 5199 2755 5258 si
2786 5217 2861 5256 ea
2886 5197 3074 5257 etiam
3105 5197 3381 5257 divisibi-

1836 5295 1911 5354 lis
1940 5295 2039 5370 sit,
2074 5294 2302 5372 poterit
2330 5311 2498 5371 pare,
2535 5310 2673 5371 quae
2705 5290 3158 5368 correspondet
3188 5308 3382 5368 pecu-

1840 5387 1982 5461 niae,
2016 5386 2180 5465 exigi
2226 5385 2471 5446 actione
2520 5383 2749 5461 empti,
2810 5387 2873 5442 et
2918 5382 3022 5441 illa
3066 5381 3190 5442 alia
3237 5401 3382 5460 pars

1841 5478 2083 5540 actione
2113 5479 2317 5540 solum
2346 5496 2422 5538 ex
2448 5477 2911 5557 permutatione
2947 5495 2959 5537 :
2997 5475 3248 5556 quando
3279 5495 3382 5538 ve-
