4263 6376
861 396 978 456 584
2036 391 2140 451 DE
2182 390 2531 453 JUSTlTIA
2579 389 2681 450 ET
2721 387 2920 449 JURE

868 568 1091 648 dignos
1114 615 1130 645 ,
1189 568 1433 629 omissis
1460 566 1850 646 dignioribus
1872 612 1888 645 ,
1949 569 2296 647 sequuntur
2324 583 2401 626 ea
2499 564 2711 627 vivere
2738 569 3013 645 possent.
3048 566 3420 645 Exemplum
3450 586 3587 628 esse
3615 571 3817 648 potest
3849 566 3912 623 in
3935 564 4019 624 ln-

866 662 1034 723 mala
1061 680 1253 740 supra
1280 665 1647 722 enumerata
1668 707 1685 737 ,
1719 659 1887 739 quod
1916 660 2196 721 Ecclesia
2226 658 2400 718 brevi
2501 658 2606 718 dia
2632 657 3001 720 occidentali
3025 705 3040 735 ,
3099 659 3164 719 in
3203 678 3331 739 qua
3361 661 3676 738 Hispaniae
3721 675 3904 737 regas
3944 674 4020 715 et-

869 755 1056 832 plena
1084 753 1203 814 erit
1227 753 1525 814 ministris
1566 753 1773 814 minus
1801 752 2007 831 dignis
2032 798 2047 829 ,
2100 751 2271 832 quod
2302 768 2403 810 ec-
2505 751 2724 812 clesias
2753 751 3170 826 dotaverunt,
3201 752 3537 830 assignatis
3566 751 3895 831 stipendiis
3919 749 4024 808 sui·

869 845 1252 907 clesiasticus
1282 846 1484 906 cultus
1531 845 1738 905 minus
1767 845 2065 906 decenter
2090 843 2410 904 exhibebi-
2506 843 2860 904 sicientibus
2905 844 3195 904 omnibus
3235 844 3546 923 episcopis
3569 891 3585 921 ,
3637 843 3953 905 canonicis
3975 849 4024 901 et

871 941 1009 1015 tur,
1062 937 1230 1018 quod
1278 943 1620 1016 proventus
1648 938 1944 998 Ecclesiae
1982 939 2147 997 male
2178 954 2411 1014 expen-
2509 936 2643 997 aliis
2682 936 2960 997 ecclesiae
3002 937 3337 1011 ministriS,
3388 943 3706 998 reservato
3750 937 3878 996 sibi
3911 937 4024 1012 jure

858 1032 1118 1108 -dentur,
1153 1031 1317 1110 qued
1346 1030 1756 1109 languescent
1781 1031 2027 1107 studia,
2066 1029 2410 1090 -deficiente
2509 1033 2877 1107 patronatus
2900 1074 2916 1104 ,
2978 1028 3039 1088 in
3076 1047 3200 1108 quo
3231 1028 3490 1107 quidam
3515 1030 3803 1090 Ecclesiae
3835 1048 4023 1089 curam

869 1124 1275 1204 praemiorum
1302 1124 1553 1184 stimulo
1583 1141 1696 1202 pro
1728 1122 2151 1201 dignioribus,
2198 1127 2260 1182 et
2290 1122 2412 1181 alia
2509 1126 2950 1200 praevenerunt
2979 1141 2992 1181 :
3044 1121 3108 1180 id
3137 1128 3349 1182 tamen
3398 1121 3719 1198 fecerunt,
3777 1121 3944 1201 quod
3985 1121 4025 1179 si

871 1217 1099 1278 similia
1148 1235 1162 1275 ε
1211 1216 1437 1296 quibus
1483 1216 1665 1277 malis
1713 1234 1857 1275 cum
1899 1220 2071 1276 tanto
2118 1214 2412 1275 Ecclesiae
2511 1232 2637 1275 non
2665 1214 2959 1275 fecissent
3003 1215 3283 1276 Ecclesia
3309 1217 3450 1294 ipsa
3476 1216 3679 1276 lacere
3707 1216 4022 1286 debuisset,

870 1309 1236 1390 praejudicio
1272 1327 1394 1369 non
1425 1312 1634 1387 potest
1668 1307 1833 1369 licite
1863 1308 2108 1369 occasio
2140 1306 2415 1387 permitti
2514 1307 2774 1386 quoesito
2813 1307 3001 1368 modo
3027 1354 3042 1382 ,
3104 1326 3227 1387 quo
3257 1309 3357 1367 vel
3386 1326 3466 1367 ex
3493 1308 3753 1368 decimis
3776 1354 3792 1384 ‚
3857 1308 3949 1366 vel
3971 1326 4028 1366 ex

873 1406 1131 1481 propter
1157 1400 1597 1462 liberalitatem
1626 1401 1933 1461 beneficia
1960 1400 2360 1461 instituentis
2512 1400 2649 1461 aliis
2678 1399 3273 1476 contributionibus,
3331 1406 3446 1462 aut
3498 1401 3678 1462 bonis
3723 1400 4027 1460 immobili-

956 1495 1113 1555 Huic
1143 1493 1493 1554 difficultati
1536 1493 1716 1554 facile
1744 1492 2256 1571 respondebunt,
2307 1492 2415 1571 qui
2510 1493 2651 1569 buS,
2680 1493 2974 1554 Ecclesiae
3003 1493 3270 1554 ministri
3299 1495 3639 1554 necessarii
3668 1497 3926 1572 possent
3947 1493 4028 1552 de-

877 1585 1322 1664 obligationem
1368 1586 1641 1663 eligendi
1685 1585 2003 1663 digniores
2040 1584 2309 1645 tundant
2350 1585 2413 1644 in
2515 1590 2727 1647 center
2753 1586 2986 1661 vivere,
3020 1604 3147 1646 non
3172 1587 3378 1646 solum
3408 1587 3709 1665 episcopi,
3743 1587 3856 1647 sed
3883 1603 4029 1665 paro-

878 1677 1090 1738 debito
1121 1678 1252 1740 solo
1277 1677 1536 1758 justitiae
1564 1677 1975 1740 distributivae
1997 1723 2012 1754 ,
2047 1696 2121 1737 ex
2153 1696 2280 1756 qua
2308 1677 2415 1737 bo·
2516 1679 2650 1754 chi,
2705 1679 2995 1739 canonici
3022 1678 3481 1739 cathedralium
3508 1679 3913 1739 ecclesiarum
3933 1724 3948 1752 ,
3981 1685 4030 1736 et

879 1790 961 1832 na
988 1772 1347 1833 communia
1375 1770 1639 1831 subditis
1669 1770 1882 1832 debita
1909 1770 2142 1831 debent
2167 1770 2287 1830 illis
2304 1786 2415 1847 pro
2516 1772 2621 1832 alii
2652 1771 2919 1833 ministri
2965 1770 3044 1831 ad
3092 1770 3376 1832 debitum
3404 1772 3644 1832 cultum
3672 1789 3921 1831 sacrum
3945 1788 4031 1829 ne·

877 1864 1119 1929 ratione
1158 1864 1527 1924 meritorum
1579 1863 1888 1925 distribui.
1949 1863 2171 1924 Dicent
2224 1862 2412 1937 enim,
2515 1864 2790 1926 cessarii.

879 1957 1041 2017 hanc
1073 1956 1522 2035 obligationem
1576 1955 1811 2016 habere
1855 1956 2065 2016 locum
2112 1955 2316 2016 solum
2354 1954 2418 2014 in
2597 1960 2728 2019 Hac
2783 1976 2934 2036 ergo
2985 1957 3386 2019 distinctione
3440 1957 3794 2037 praemissa,
3851 1957 4028 2016 dicere

878 2049 1059 2111 bonis
1088 2048 1525 2110 communibus
1545 2094 1560 2124 ‚
1613 2065 1754 2127 quae
1802 2048 1934 2108 sola
1983 2052 2128 2109 sunt
2157 2047 2369 2108 debita
2400 2067 2414 2106 ε
2517 2069 2869 2130 possumuS,
2894 2051 2958 2110 in
2985 2050 3289 2112 beneficio
3318 2051 3590 2129 simplici
3620 2050 3850 2128 prioris
3873 2067 4031 2128 geue-
4062 2085 4081 2123 [ἐ

881 2160 1074 2221 quare
1098 2187 1114 2218 ,
1147 2159 1291 2201 cum
1322 2141 1544 2219 aliquis
1574 2159 1651 2201 ex
1678 2140 1945 2220 propriis
1973 2141 2156 2201 bonis
2184 2140 2422 2201 benefi-
2516 2145 2602 2205 ris
2640 2143 3060 2205 institutorem
3083 2190 3098 2220 ‚
3149 2148 3212 2204 et
3242 2161 3315 2202 ex
3347 2144 3542 2222 ipsius
3572 2143 3896 2204 voluntate
3917 2160 4031 2202 suc-
4078 2205 4080 2220 ¹

882 2236 1048 2296 cium
1078 2234 1341 2312 simplex
1369 2233 1651 2309 iastituit,
1685 2237 1893 2311 potest
1920 2250 2032 2312 pro
2062 2233 2239 2293 libito
2269 2232 2419 2292 dare
2519 2253 2831 2296 cessorem
2878 2240 3213 2314 patronum
3266 2234 3500 2296 laicum
3528 2254 3720 2313 posse
3749 2253 3860 2313 pro
3887 2234 4029 2294 libito
4077 2223 4080 2282 ἕ

883 2329 981 2389 cui
1012 2328 1145 2389 vult
1171 2327 1304 2386 sine
1342 2327 1526 2386 ullius
1553 2326 1803 2406 injuria.
1839 2328 1963 2387 Nos
1993 2330 2204 2386 tamen
2233 2344 2424 2404 supra
2520 2332 2900 2407 praesentare
2929 2329 3193 2406 dignum
3223 2346 3412 2407 quem
3441 2328 3746 2399 voluerit;
3787 2328 3850 2386 in
3874 2328 4034 2386 bene-

882 2421 1191 2482 rationem
1221 2420 1392 2479 illam
1420 2418 1754 2497 rejecimus
1783 2426 1846 2479 et
1873 2418 2145 2478 diximus
2175 2435 2296 2478 non
2330 2435 2423 2476 es·
2519 2420 2676 2482 ficiis
2694 2439 2841 2481 vero
2871 2420 3256 2499 simplicibus
3284 2420 3652 2500 posterioris
3664 2420 3912 2498 generis
3934 2438 4031 2478 non

883 2532 949 2578 se
981 2513 1149 2573 bona
1176 2511 1390 2572 debita
1417 2511 1712 2586 subditis,
1747 2509 1852 2571 sed
1886 2509 2191 2588 assignari
2220 2509 2423 2570 solum
2520 2531 2703 2593 posse
2731 2514 3151 2574 communiter
3179 2514 3295 2573 nisi
3341 2512 3701 2590 digniorem
3726 2560 3744 2587 ,
3779 2531 3854 2573 eo
3878 2513 4031 2572 modo

882 2606 946 2666 in
973 2604 1243 2683 gratiam
1268 2604 1594 2679 Ecclesiae,
1648 2608 1716 2665 ut
1756 2607 2182 2681 competentes
2209 2602 2426 2662 minis·
2523 2624 2648 2685 quo
2679 2606 2956 2667 Ecclesia
2995 2606 3130 2684 ipsa
3171 2623 3294 2665 non
3340 2609 3576 2684 posset.
3640 2605 3824 2666 Ratio
3860 2609 4032 2664 autem

883 2703 1010 2760 tros
1041 2697 1289 2758 habeat.
1322 2698 1400 2757 Et
1430 2696 1716 2775 quamvis
1747 2695 2242 2769 admitteremuS‚
2277 2695 2427 2756 oriri
2525 2716 2658 2759 esse
2689 2701 2927 2776 potest,
2962 2698 3110 2776 quia
3136 2698 3199 2757 in
3229 2696 3552 2757 beneficiis
3582 2715 4032 2775 supernumera-

884 2791 1074 2852 etiam
1104 2788 1550 2867 obligationem
1579 2788 1750 2849 illam
1796 2805 1873 2847 ex
1916 2787 2125 2848 debito
2166 2786 2426 2867 justitiae
2522 2791 2632 2851 riis
2661 2809 2785 2851 non
2814 2790 3041 2851 militat
3070 2790 3292 2851 eadem
3320 2790 3482 2851 ratio
3519 2809 3532 2848 :
3578 2790 3628 2850 si
3661 2791 3911 2869 quidem
3928 2789 4032 2867 jam

885 2881 1327 2954 distributivae;
1362 2881 1578 2959 negari
1609 2886 1821 2943 tamen
1847 2898 1971 2940 non
1996 2885 2222 2959 potest,
2258 2881 2422 2958 quod
2526 2888 2852 2944 remanent
2896 2883 3158 2944 totidem
3186 2883 3494 2943 beneficia
3520 2882 3835 2961 simplicia
3860 2901 4032 2943 neces·

884 2977 1126 3037 secluso
1155 2975 1344 3036 etiam
1374 2974 1475 3035 illo
1504 2974 1684 3035 titulo
1705 3018 1720 3049 ‚
1754 2976 2009 3034 maneat
2037 2973 2333 3051 obligatio
2363 2973 2426 3032 in
2524 2977 2711 3052 saria,
2746 2994 2886 3055 quae
2913 2975 2967 3036 si
2996 2975 3387 3053 dignioribus
3413 2975 3689 3038 dentur:
3723 2977 4033 3036 excitantur

888 3067 1242 3147 pastoribus
1272 3065 1567 3128 Ecclesiae
1594 3065 1836 3126 vitandi
1881 3064 2015 3125 haec
2062 3065 2184 3125 alia
2214 3065 2429 3126 incon-
2526 3069 2907 3130 sufficienter
2951 3067 3183 3130 subditi
3214 3068 3294 3128 ad
3321 3068 3532 3129 studia
3588 3069 3897 3129 bonarum
3947 3085 4028 3126 ar·

885 3160 1221 3236 venientia,
1257 3176 1395 3238 quae
1424 3158 1487 3218 in
1514 3161 1758 3219 tantum
1778 3156 2243 3220 communitatis
2272 3176 2427 3236 proe-
2525 3162 2681 3224 tium
2710 3164 2773 3222 et
2800 3160 2880 3220 ad
2910 3161 3133 3223 merita
3162 3159 3550 3241 acquirenda
3594 3181 3609 3222 :
3659 3160 3830 3241 quod
3858 3165 4032 3220 autem

881 3253 1192 3333 judicium
1220 3251 1607 3324 redundant;
1642 3269 1836 3330 quare
1866 3250 2035 3312 nullo
2065 3250 2255 3312 modo
2284 3270 2431 3330 per-
2526 3255 2690 3315 ultra
2717 3253 2823 3313 illa
2850 3259 2995 3315 sunt
3039 3254 3163 3314 alia
3186 3253 3499 3315 beneficia
3523 3254 4035 3332 supernumeraria

886 3346 1051 3408 mitti
1081 3345 1383 3406 deberent
1434 3343 1514 3403 ab
1554 3342 1630 3403 iis
1676 3343 1902 3422 quibus
1940 3343 2236 3404 Ecclesiae
2277 3361 2430 3405 cura
2528 3346 2736 3406 danda
2767 3363 2879 3424 pro
2909 3346 3085 3407 libito
3116 3346 3497 3408 instituentis
3520 3392 3536 3422 ,
3592 3347 3749 3406 nibil
3776 3347 3886 3407 illis
3910 3363 4034 3423 prae·

889 3438 1217 3500 incumbit.
2520 3439 2783 3520 judicat.
2828 3440 3043 3518 Neque
3086 3439 3274 3500 etiam
3308 3438 3601 3518 sequitur
3631 3439 3940 3518 neglectus
3961 3438 4036 3496 di-

638 3547 719 3606 46
985 3535 1250 3610 Propter
1294 3531 1430 3591 haec
1477 3547 1625 3609 ergo
1682 3529 1864 3590 aliter
1914 3529 2428 3608 distinguendum
2526 3532 2654 3593 vini
2686 3530 2928 3606 cultuS,
2960 3534 3072 3592 aut
3100 3531 3678 3592 ecclesiasticorum
3703 3532 4031 3603 officiorum,

583 3671 800 3715 mmm&
888 3630 1040 3705 puto
1067 3623 1131 3684 in
1162 3622 1483 3683 beneficiis
1498 3621 1906 3700 simplicibus.
1932 3624 2002 3683 ln
2019 3623 2247 3702 quibus
2263 3640 2428 3700 quae·
2529 3643 2674 3686 cum
2694 3624 2829 3705 jam
2875 3628 3310 3703 supponuntur
3347 3624 3612 3684 aliunde
3659 3625 3910 3685 totidem
3945 3624 4031 3682 rni-

541 3726 651 3789 ἀπα
679 3726 841 3821 sgmpu-
888 3717 1036 3778 dam
1064 3720 1212 3777 sunt
1236 3715 1415 3794 quasi
1444 3715 1993 3794 supernumeraria
2016 3760 2032 3791 ,
2067 3718 2130 3776 et
2156 3734 2296 3793 quae
2325 3734 2429 3776 ne·
2529 3718 2707 3779 nistri
2753 3736 2830 3776 ex
2867 3716 3257 3795 dignioribus
3298 3716 3488 3777 electi
3542 3735 3583 3775 a
3625 3718 3848 3796 quibus
3885 3734 4031 3794 aeque

568 3792 813 3878 mnwr-
889 3810 1159 3872 cessaria
1205 3826 1330 3868 non
1374 3810 1521 3868 sunt
1567 3806 1647 3884 ad
1686 3806 1969 3867 debitum
1997 3807 2293 3867 Ecclesiae
2329 3825 2431 3868 or-
2529 3811 2719 3889 digne
2749 3827 2824 3870 ac
2852 3809 3149 3870 decenter
3194 3808 3408 3875 divina
3439 3809 3656 3869 officia
3685 3810 4032 3870 celebrentur

888 3903 1101 3963 dinem
1130 3907 1193 3963 et
1220 3901 1514 3961 decorem
1538 3945 1553 3975 ‚
1604 3898 1805 3978 qualis
1835 3904 1929 3961 est
1968 3900 2210 3979 capella
2238 3919 2428 3979 quam
2529 3907 2593 3964 et
2617 3902 2818 3963 cultus
2834 3920 3013 3962 sacer
3030 3905 3459 3975 conservetur,
3482 3902 3652 3963 sicut
3667 3903 3842 3963 fieret
3857 3901 4030 3971 etiam,

889 3995 1114 4075 aliquis
1143 3994 1225 4054 ad
1256 4013 1386 4055 suae
1415 3992 1667 4053 familiae
1697 3992 2087 4071 sepulturam
2109 3994 2313 4071 erigit,
2334 4013 2429 4055 as·
2530 3995 2649 4055 hoc
2678 3994 2782 4055 illo
2811 3993 3117 4055 beneficio
3160 3995 3722 4073 supernumerario
3753 4013 3869 4055 non
3891 3994 4030 4053 insti-

890 4088 1151 4166 signatis
1196 4087 1503 4147 reditibus
1542 4086 1861 4163 perpetuis
1910 4104 2019 4163 pro
2068 4087 2424 4164 capellano;
2528 4092 2693 4150 tuto:
2727 4105 3035 4167 pauperes
3063 4087 3252 4148 etiam
3280 4086 3436 4146 nibil
3464 4087 3765 4166 perdunt,
3781 4105 3912 4148 cum
3934 4104 4030 4145 noa

891 4180 1154 4243 ecclesia
1180 4180 1328 4240 item
1358 4178 1689 4257 collegiata
1740 4197 1881 4257 quae
1926 4179 2276 4239 necessaria
2305 4198 2428 4240 non
2529 4182 2737 4241 minus
2785 4179 2864 4239 ab
2911 4180 3048 4240 aliis
3091 4179 3392 4240 ministris
3422 4180 4030 4258 necessariisspenoe

889 4277 1046 4348 erat,
1085 4275 1149 4332 et
1175 4271 1255 4332 ab
1286 4271 1493 4350 aliquo
1523 4269 1869 4331 instituitur
1896 4274 1959 4331 et
1987 4270 2243 4333 dotatur
2269 4271 2431 4331 redi-
2530 4272 2799 4352 possint,
2852 4275 2914 4333 et
2942 4272 3107 4333 ultra
3135 4272 3199 4332 id
3226 4275 3427 4333 totum
3472 4272 3712 4351 aliquid
3744 4273 3917 4334 etiam
3942 4271 4031 4331 ln·

885 4365 1053 4427 tibus
1080 4382 1192 4443 pro
1221 4362 1558 4438 canonicis,
1592 4366 1654 4423 et
1682 4362 1803 4422 alia
1831 4362 2076 4424 similia.
2111 4363 2251 4424 Alia
2279 4382 2429 4425 vero
2528 4365 2716 4427 bituri
2764 4365 2889 4426 sint
2922 4364 3003 4426 ab
3035 4363 3154 4425 hoc
3179 4364 3466 4425 ministro
3498 4364 4029 4442 supernumeraria,

886 4463 1032 4519 sunt
1055 4455 1363 4517 beneficia
1388 4455 1696 4535 simplicia
1715 4501 1731 4531 ,
1775 4474 1914 4534 quae
1945 4474 2020 4516 ex
2048 4475 2114 4516 se
2145 4460 2290 4517 sunt
2318 4457 2431 4517 ali-
2530 4458 2697 4539 quod
2725 4462 2914 4520 antea
2941 4476 3066 4518 non
3096 4457 3484 4519 habuissent.
3521 4459 3740 4520 Solum
3766 4462 3956 4536 posset
3977 4458 4030 4515 ti-

886 4569 1010 4631 quo
1057 4549 1245 4611 modo
1301 4548 1656 4609 necessaria
1703 4548 1783 4607 ad
1825 4548 2107 4610 debitum
2136 4548 2429 4610 Ecclesiae
2528 4550 3313 4630 meri,quodmultiplicato
3335 4568 3605 4611 numero
3624 4551 4028 4620 ministr-orm

886 4644 1193 4719 ordinem,
1226 4645 1289 4703 et
1316 4641 1553 4703 cultum
1581 4660 1642 4702 v.
1675 4658 1739 4718 g.
1773 4640 2210 4716 canonicatuS,
2244 4645 2307 4702 et
2334 4640 2431 4702 di·
2527 4645 2661 4705 sine
2723 4643 2969 4704 delectu
3024 4643 3280 4722 majoris
3326 4643 3656 4721 dignitatis
3707 4644 4026 4711 electorum,

881 4736 1153 4817 gnitates
1215 4735 1279 4794 in
1334 4733 1607 4812 capitulo
1665 4732 1946 4793 ecclesiae
1997 4732 2377 4795 cathedralis
2409 4750 2424 4797 :
2526 4736 2590 4796 in
2618 4736 2694 4796 iis
2724 4736 2984 4815 reperiri
3013 4739 3269 4815 possent
3294 4736 3479 4796 multi
3506 4734 3772 4814 indigni,
3802 4735 3898 4814 qui
3924 4733 4028 4793 sub·

881 4828 1189 4890 beneficia
1217 4828 1368 4889 item
1398 4826 1608 4906 aliqua
1634 4825 1944 4904 simplicia
1965 4871 1982 4902 ,
2030 4824 2255 4905 quibus
2286 4843 2429 4904 pos-
2526 4829 2808 4890 moribus
2831 4829 3126 4890 scandalo
3145 4846 3280 4888 esse
3309 4832 3570 4906 possent
3598 4828 3919 4889 christiano
3942 4843 4026 4903 pn-

882 4923 1005 4982 sint
1030 4921 1112 4981 ali
1140 4919 1497 4982 sacerdotes
1515 4917 1853 4978 necessarii
1880 4917 1960 4977 ad
1981 4917 2429 4979 celebrandum
2526 4921 2673 4999 pulo
2698 4940 2711 4980 :
2734 4920 2902 5000 quod
2932 4920 3187 5000 quidem
3216 4920 3669 4981 inconveniens
3698 4920 3900 4998 negari
3922 4936 4022 4977 non

883 5018 946 5075 et
972 5012 1441 5074 inserviendum
1488 5010 1812 5084 fidelibus;
1870 5027 2009 5089 quae
2063 5013 2128 5071 et
2175 5009 2422 5088 similia,
2525 5016 2753 5090 potest,
2788 5013 2958 5093 quod
2987 5031 3063 5073 ex
3086 5018 3262 5091 parte
3291 5016 3595 5092 sequatur
3624 5014 3687 5073 in
3715 5017 3876 5073 tanta
3899 5011 4026 5070 mul·

881 5106 1128 5168 etiamsi
1153 5106 1399 5185 privata
1427 5103 1707 5165 fidelium
1738 5102 1970 5181 pietate
1989 5121 2115 5164 non
2133 5103 2429 5163 dotaren-
2523 5105 2792 5166 titudine
2822 5106 3205 5183 capellarum
3228 5152 3243 5181 ,
3282 5110 3346 5166 et
3371 5105 3774 5168 sacerdotum
3798 5107 3910 5166 otio
3933 5122 4022 5163 ει·-

880 5204 1004 5276 tur,
1063 5198 1407 5278 pertineret
1448 5200 1662 5258 tamen
1710 5196 1791 5255 ad
1839 5213 2056 5257 curam
2097 5200 2425 5274 pastorum
2524 5215 2602 5276 pe
2631 5201 2694 5258 et
2723 5197 2886 5260 vitiis
2915 5198 3311 5262 deditorum:
3336 5198 3458 5259 hoc
3489 5204 3702 5260 tamen
3729 5199 4022 5259 incommo-

879 5293 1211 5374 providere
1254 5292 1333 5353 de
1361 5290 1668 5351 reditibus
1698 5289 2064 5351 necessariis
2092 5289 2175 5350 ad
2204 5306 2425 5351 eorum
2523 5289 2675 5351 dum
2705 5295 3149 5369 compensatur
3176 5290 3343 5351 bono
3374 5291 3482 5374 illo
3511 5292 3826 5370 augmenti
3849 5289 4022 5349 minh-

877 5386 1305 5448 ministrorum
1343 5381 1863 5445 sustentationem
1887 5428 1903 5459 ,
1954 5381 2262 5460 exigendo
2314 5381 2426 5441 de-
2520 5385 2760 5444 trorum
2788 5383 2950 5443 ultra
2978 5381 3384 5458 necessarioS,
3405 5385 3614 5446 cultus
3635 5385 3815 5445 etiam
3838 5379 4014 5449 ffivini,

877 5479 1074 5541 cimas
1095 5524 1111 5555 ,
1162 5478 1261 5539 vel
1307 5477 1461 5537 alias
1508 5476 2002 5538 contributiones
2040 5494 2078 5535 a
2103 5474 2416 5551 fidelibus,
2525 5477 2588 5535 et
2615 5473 2750 5554 spei
2792 5475 2962 5553 quod
3008 5475 3072 5535 in
3101 5475 3220 5536 illis
3247 5476 3461 5553 plures
3492 5481 3680 5543 erunt
3705 5474 3843 5537 boni
3865 5480 3920 5533 et
3941 5471 4020 5530 di·

876 5572 1102 5655 quibus
1148 5570 1481 5632 necessarii
1522 5569 1801 5661 ecclesiae
1829 5568 2098 5631 ministri
2126 5567 2423 5631 decenter
2519 5566 2651 5647 gni,
2687 5566 2794 5647 qui
2824 5567 3111 5648 exemplo
3142 5585 3255 5630 suo
3287 5568 3524 5648 populo
3555 5568 3874 5631 christiano
3893 5579 4015 5647 pm-
