4263 6376
865 304 983 363 556

867 480 1299 542 traordinariis
1355 482 1644 561 periculis
1702 484 2135 546 communitati
2187 483 2405 544 adesse

869 578 932 632 et
960 591 1145 651 opem
1174 575 1368 647 terre3
1404 594 1479 634 ex
1510 576 1604 635 his
1625 595 1775 655 crgo
1793 578 2081 638 omnibus
2101 576 2408 656 capitibus

870 669 966 725 est
993 665 1291 745 obligatio
1314 667 1377 726 in
1395 668 1693 745 praedicto
1715 687 1863 730 casu
1884 670 2156 748 eligendi
2172 669 2410 747 dignio-

869 776 1005 817 rem
1038 777 1053 816 ε
1088 776 1212 818 non
1242 760 1409 819 enim
1438 765 1583 823 sunt
1610 779 1788 840 aeque
1816 762 1990 841 digni
2018 764 2208 823 etiam
2237 762 2301 821 in
2320 779 2413 821 or·

869 848 1014 908 dine
1044 849 1120 908 ad
1142 849 1303 910 -illud
1345 851 1643 929 officium,
1692 853 1835 917 licet
1864 856 2091 934 singuli
2116 855 2239 916 sint
2265 855 2415 914 sim-

871 940 1115 1018 pliciter
1143 942 1337 1021 digni,
1373 947 1445 1004 ut
1473 944 1714 1006 dictum
1746 951 1858 1009 est.

2026 308 2126 368 DE
2168 307 2514 368 JUSTlTlA
2572 307 2672 365 ET
2714 305 2915 365 mat-3

2507 483 2679 542 dium
2710 483 3008 561 principis
3055 501 3178 544 non
3204 484 3483 562 potentis
3511 501 3627 560 per
3653 499 3724 542 se
3751 480 3952 542 solum
3977 497 4042 540 ea

2508 575 2718 636 omnia
2747 594 3009 636 munera
3037 581 3368 654 praestare;
3432 593 3562 654 quo
3592 575 3728 635 solo
3767 575 3894 634 fine
3921 591 4043 632 cffi-

2508 672 2708 745 sante,
2742 675 3015 730 cessaret
3040 669 3296 729 omnino
3327 668 3633 746 obligatio
3652 666 3928 744 eligendi
3947 665 4044 724 mi-

2510 761 2759 822 nistros,
2824 762 3028 835 Quare
3075 762 3278 839 magis
3329 780 3396 821 se
3445 760 3640 822 habet
3666 761 3964 840 princeps
3989 758 4041 816 in

2512 853 2630 913 hoc
2654 900 2670 931 ,
2730 854 2887 915 sicut
2932 854 3174 914 villicus
3219 854 3319 914 cui
3351 854 3647 914 dominus
3671 852 3936 911 vineam
3959 868 4045 910 co-

2510 947 2762 1007 lendam
2791 947 3215 1023 demandavit,
3262 946 3368 1026 qui
3398 946 3590 1007 debet
3616 945 3880 1024 quidem
3910 962 4044 1022 ope·

627 1032 700 1092 19
953 1033 1061 1093 His
1090 1052 1240 1112 ergo
1269 1037 1606 1115 suppositis
1630 1085 1645 1114 ,
1705 1043 1836 1101 tota
1865 1041 2198 1101 difficultas
2229 1045 2291 1102 et
2319 1041 2413 1102 di-
2512 1039 2710 1100 rarios
2728 1040 3077 1100 conducere
3095 1040 3177 1099 ad
3204 1040 3535 1100 colendam
3565 1039 3844 1110 vineam,
3865 1055 4042 1116 quatu

560 1157 795 1200 Elector„
873 1125 1138 1186 versitas
1185 1126 1349 1188 inter
1377 1133 1709 1210 utramque
1737 1133 2110 1194 sententiam
2139 1133 2276 1195 haec
2303 1134 2414 1194 de-
2512 1133 2643 1209 ipse
2674 1133 2845 1193 solus
2873 1133 3076 1192 colere
3108 1151 3231 1193 non
3256 1135 3464 1211 potest
3497 1153 3511 1192 :
3544 1131 3667 1192 hoc
3693 1138 3913 1192 tamen
3934 1148 4044 1190 nnn

580 1215 771 1317 ἓξὲξ
875 1217 981 1279 bet
1011 1236 1146 1279 esse
1165 1265 1180 1295 ‚
1239 1239 1319 1280 an
1351 1222 1586 1286 elector
1620 1225 1683 1283 in
1715 1225 2024 1305 ejusmodi
2053 1227 2275 1287 officiis
2305 1227 2414 1288 de·
2514 1225 2702 1285 debet
2731 1243 2806 1284 ex
2834 1225 3215 1304 obligatione
3246 1226 3459 1304 aliqua
3506 1244 3661 1302 erga
3705 1225 3883 1302 ipsos
3910 1241 4042 1299 ope·
4147 1255 4148 1274 1

529 1314 808 1412 oeffiigfffiu
875 1309 1024 1371 beat
1071 1313 1396 1374 attendere
1445 1334 1569 1376 non
1617 1318 1818 1378 solum
1875 1318 1954 1378 ad
2002 1321 2414 1397 quaereudum
2513 1319 2734 1395 rariori,
2767 1322 2837 1380 ut
2864 1322 3072 1397 patet,
3121 1318 3232 1378 sed
3262 1319 3466 1380 solum
3497 1336 3654 1396 erga
3701 1317 4039 1386 dominum,

874 1403 1228 1464 ministrum
1258 1405 1542 1484 dignum,
1577 1410 1680 1488 qui
1710 1411 2000 1489 periculis
2030 1415 2094 1473 et
2119 1413 2416 1473 inconve-

875 1494 1189 1556 nientibus
1216 1500 1653 1562 communibus
1681 1519 2009 1564 occurrere
2041 1505 2269 1582 possit,
2305 1506 2415 1566 sed

876 1588 1066 1648 etiam
1095 1590 1450 1651 ministrum
1495 1594 1600 1672 qui
1632 1599 1848 1656 exacta
1897 1600 1959 1657 et
1988 1597 2293 1677 exquisita
2323 1598 2416 1658 di·-

874 1679 1134 1758 ligentia
1160 1701 1274 1743 sua
1303 1685 1498 1761 possit
1544 1691 1605 1747 et
1633 1687 1915 1765 publicas
1956 1709 2061 1768 ‚res
2101 1691 2165 1749 in
2194 1691 2416 1751 melius

876 1790 1247 1851 promovere
1272 1822 1287 1852 ,
1350 1781 1413 1836 et
1456 1779 1751 1855 periculis
1798 1781 1987 1842 etiam
2015 1801 2091 1842 ac
2120 1783 2414 1844 inconve-

880 1865 1194 1927 nientibus
1239 1869 1447 1930 minus
1492 1871 1822 1932 ordinariis
1879 1879 1941 1935 et
1987 1875 2415 1936 subtilioribus

878 1976 1207 2020 occurrere
1252 1961 1314 2020 in
1348 1981 1470 2040 quo
1502 1969 1734 2052 puncto
1766 1966 1969 2043 placet
2012 1969 2167 2028 mihi
2199 1987 2415 2028 secun·

878 2051 961 2111 da
1012 2054 1322 2114 sententia
1364 2056 1565 2116 Patris
1612 2060 1932 2138 vasquez,
2009 2066 2070 2122 et
2118 2062 2409 2138 aliorum,

879 2145 1071 2222 quod,
1105 2164 1220 2223 per
1246 2164 1312 2206 se
1342 2147 1678 2226 loquendo,
1705 2170 1828 2212 non
1859 2153 1939 2213 sit
1958 2154 2095 2214 talis
2118 2153 2412 2232 obligatio

877 2237 940 2296 iu
972 2237 1277 2315 electore,
1313 2240 1443 2300 sive
1474 2260 1633 2302 unus
1661 2243 1713 2302 is
1741 2244 1851 2320 sit,
1905 2245 2034 2307 sive
2063 2247 2274 2326 plures
2305 2266 2417 2326 per

878 2330 1179 2408 suffragia
1208 2331 1528 2409 eligentes,

960 2422 1462 2487 Fundamentum
1493 2429 1879 2507 praecipuum
1925 2431 2077 2492 illud
2125 2451 2260 2494 esse
2312 2433 2415 2492 de-

881 2514 1024 2591 bet,
1078 2516 1247 2595 quod
1288 2519 1430 2579 talis
1477 2521 1775 2600 obligatio
1807 2543 1929 2585 non
1960 2526 2263 2604 probatur
2292 2527 2415 2588 ullo

879 2607 1214 2670 sufficienti
1240 2611 1670 2691 fundamento,
1704 2615 1829 2676 duo
1860 2618 2028 2677 enim
2057 2624 2203 2680 sunt
2228 2620 2417 2698 potis-

879 2699 1039 2760 sima
1069 2710 1471 2781 argumenta,
1506 2707 1731 2786 quibus
1762 2709 2014 2786 probari
2050 2711 2226 2772 solet.
2291 2712 2417 2773 Pri-

878 2812 1054 2854 mum
1078 2840 1094 2871 ,
1155 2814 1277 2874 quo
1307 2798 1499 2859 utitur
1529 2801 1811 2861 Sanchez
1839 2806 1902 2862 et
1947 2803 2052 2862 alii
2081 2807 2209 2880 est,
2270 2805 2417 2883 quia

879 2885 1044 2946 bona
1075 2886 1179 2947 illa
1209 2894 1354 2950 sunt
1382 2893 1761 2970 communia,
1797 2899 1984 2973 atque
2014 2896 2158 2956 ideo
2187 2897 2419 2958 debent

872 2979 1053 3057 juxta
1095 2980 1264 3059 leges
1301 2982 1559 3062 justitiae
1588 2985 1999 3048 distributivae
2040 2989 2179 3048 dari
2205 2990 2420 3051 subdi-

879 3071 979 3148 tis,
1012 3078 1261 3134 servata
1289 3075 1501 3137 debita
1520 3079 1919 3157 proportione
1937 3082 2164 3160 quibus
2185 3083 2419 3143 deben-

881 3167 1004 3226 tur.
1040 3167 1171 3228 Hoc
1200 3171 1409 3230 autem
1439 3170 1711 3233 vidimus
1739 3172 2055 3235 infirmum
2086 3194 2222 3237 esse
2251 3224 2266 3253 ,
2310 3195 2419 3237 ne·-

2513 1412 2639 1471 imo
2688 1414 2757 1472 ut
2793 1415 2965 1471 recto
3011 1411 3250 1472 notavit
3294 1412 3586 1489 vasquez
3640 1410 3811 1470 dicto
3867 1407 4042 1468 dubio

2515 1519 2650 1563 xm.
2687 1522 2858 1562 num.
2892 1507 2989 1564 97.
3023 1503 3171 1563 licet
3198 1503 3492 1563 dominus
3518 1501 3884 1580 injungeret
3913 1500 4043 1560 villi-

2516 1614 2628 1672 00,
2686 1600 2754 1656 ut
2797 1596 3181 1656 conduceret
3228 1595 3500 1674 optimos
3548 1601 3615 1655 et
3655 1593 4042 1671 dignissimos
4149 1629 4150 1634 κ

2514 1689 2869 1766 operarios;
2919 1689 3052 1767 ipse
3081 1693 3290 1749 tamen
3322 1688 3745 1749 conducendo
3775 1686 3968 1747 bonos
3991 1695 4038 1746 et

2514 1800 2639 1841 non
2669 1781 2956 1860 optim03‚
3008 1785 3299 1859 peccaret
3325 1782 3588 1860 quidem
3616 1784 3842 1841 contra
3867 1778 4041 1838 domi·

2514 1893 2686 1950 num,
2720 1880 2782 1936 et
2813 1879 3032 1935 contra
3060 1874 3251 1934 fidem
3281 1875 3337 1934 ei
3355 1874 3675 1935 debitam:
3703 1891 3831 1932 non
3851 1878 4036 1933 tamen

2515 1971 2732 2028 contra
2763 1966 3085 2046 operarios
3113 1967 3433 2043 melioreS‚
3452 1965 3690 2044 quibus
3706 1982 3786 2025 ex
3815 1964 3916 2024 illo
3942 1965 4036 2025 do·

2511 2060 2665 2118 mini
2688 2063 3000 2137 praeeepto
3023 2059 3263 2119 nullum
3278 2059 3382 2137 jus
3414 2059 3624 2119 fuerat
3654 2058 4033 2136 acquisitum,

2514 2170 2657 2212 cum
2689 2171 2812 2213 non
2843 2151 3243 2212 ordinaretur
3270 2151 3331 2210 in
3362 2149 4036 2229 bonumipsorum,sed

2515 2246 2705 2306 solius
2734 2244 2991 2305 domini.
3044 2245 3107 2305 Si
3139 2263 3289 2322 ergo
3319 2245 3640 2323 princepS,
3671 2243 3776 2304 cui
3805 2243 4037 2302 demea-

2516 2342 2661 2399 data
2691 2345 2783 2399 est
2853 2339 3103 2399 cultura
3154 2341 3216 2398 et
3261 2337 3642 2415 gubernatio
3672 2336 4030 2414 reipublicae,

2515 2431 2704 2493 debet
2749 2431 3005 2510 quidem
3056 2431 3380 2490 ministros
3423 2448 3759 2489 assumere
3803 2447 3876 2487 ex
3904 2428 4034 2487 obli-

2515 2523 2766 2601 gatione
2795 2523 2996 2582 solum
3027 2541 3180 2600 erga
3205 2521 3667 2600 rempublicam
3690 2568 3707 2597 ,
3762 2540 3884 2581 non
3910 2539 4030 2597 erga

2515 2616 2834 2675 ministros
2864 2614 3208 2692 eligendoS,
3253 2615 3381 2674 imo
3411 2615 3558 2674 licet
3589 2614 3852 2674 deberet
3877 2613 4032 2688 elige—

2515 2727 2583 2767 re
2614 2708 2938 2768 meliorem
2962 2753 2978 2783 ,
3027 2710 3227 2767 totum
3257 2707 3320 2766 id
3353 2711 3522 2768 esset
3550 2726 3628 2766 ex
3656 2706 3872 2767 debito
3896 2711 3952 2764 et
3975 2705 4030 2764 fi-

2516 2800 2770 2861 delitate
2827 2818 2977 2877 erga
3031 2799 3489 2878 rempublicam
3514 2847 3530 2875 ,
3582 2818 3709 2860 non
3757 2817 3903 2876 erga
3943 2798 4030 2856 eli—

2516 2893 2756 2970 gendos
2780 2939 2796 2968 ,
2857 2893 3083 2971 quibus
3135 2911 3209 2951 ex
3256 2892 3364 2952 illa
3395 2893 3784 2970 obligatione
3818 2891 4028 2950 nullum

2510 2986 2613 3065 jus
2641 2986 3017 3065 acquisitum
3065 2990 3190 3062 est,
3252 3005 3399 3046 cum
3448 3004 3575 3046 non
3625 2985 3704 3045 sit
3731 2985 3793 3044 in
3835 3001 4025 3043 eorum

2516 3080 2748 3140 bonum
2776 3126 2790 3154 ,
2850 3079 2959 3139 sed
3001 3079 3064 3138 in
3123 3079 3360 3139 bonum
3416 3078 3780 3156 reipublicae
3828 3095 4024 3154 regen·

2517 3172 2635 3234 dae.

885 3278 1006 3339 que
1035 3260 1201 3320 enim
1230 3261 1398 3323 bona
1427 3263 1533 3323 illa
1562 3270 1707 3327 sunt
1733 3268 2091 3329 communia
2116 3315 2133 3346 ,
2192 3269 2309 3330 nisi
2339 3270 2417 3330 ad

883 3371 1200 3414 summum
1231 3357 1542 3434 negative,
1578 3363 1887 3438 quatenus
1915 3361 2053 3421 aliis
2073 3411 2087 3437 ,
2149 3363 2266 3422 nisi
2295 3362 2414 3438 his,

884 3444 1022 3506 dari
1050 3464 1175 3507 non
1204 3450 1438 3527 potuit,
1500 3468 1621 3511 non
1670 3471 1818 3513 vero
1857 3454 2119 3531 positive
2143 3502 2158 3531 ,
2217 3455 2305 3516 ita
2355 3460 2421 3516 ut

883 3539 1109 3617 singuli
1158 3540 1429 3603 debeant
1468 3543 1721 3622 aliquod
1744 3544 1848 3625 jus
1897 3550 1964 3607 ut
1987 3546 2138 3625 ipsis
2168 3547 2413 3609 dentur.

886 3633 1065 3693 Ratio
1094 3638 1306 3695 autem
1336 3640 1467 3712 est,
1528 3638 1677 3716 quia
1725 3639 1930 3700 officia
1961 3639 2094 3700 haec
2124 3659 2247 3701 non
2278 3646 2423 3702 sunt

881 3725 1163 3789 instituta
1193 3733 1260 3789 ut
1288 3730 1567 3806 praemia,
1600 3733 1796 3792 sedin
1818 3733 2149 3794 utilitatem
2170 3738 2232 3795 et
2259 3753 2424 3795 com-

887 3822 1142 3881 modum
1200 3823 1560 3901 reipublicae
1618 3828 1684 3884 ut
1756 3826 1913 3885 bene
1982 3826 2370 3903 gubernetur
2404 3848 2416 3887 ε

890 3932 1083 3992 quare
1113 3915 1162 3975 si
1195 3916 1328 3975 sine
1358 3916 1431 3975 iis
1460 3917 1928 3995 magistratibus
1960 3923 2021 3979 et
2050 3919 2422 3979 officialibus

887 4013 1096 4087 posset
1123 4008 1285 4068 bene
1314 4009 1675 4087 gubernari,
1732 4010 1901 4069 nulla
1930 4015 2095 4071 esset
2125 4011 2421 4089 obligatio

889 4121 998 4163 eos
1026 4102 1321 4180 eligendi,
1358 4106 1426 4163 ut
1454 4101 1682 4164 merita
1711 4104 2214 4181 praemiarentur.
2249 4106 2423 4164 Hanc

890 4195 1124 4274 quippe
1156 4196 1606 4273 obligationem
1653 4196 1910 4275 regendi
1942 4196 2419 4275 rempublicam,

888 4288 1056 4349 solus
1087 4289 1376 4368 princeps
1406 4289 1704 4367 primario
1737 4290 1928 4357 habet
1955 4337 1969 4367 ,
2003 4290 2107 4368 qui
2139 4291 2190 4349 si
2217 4310 2331 4370 per
2358 4309 2424 4351 se

888 4382 1089 4443 solum
1118 4387 1328 4461 posset
1353 4383 1573 4444 adesse
1608 4384 1896 4445 omnibus
1921 4383 2282 4462 reipublicae
2315 4402 2422 4444 ne-

888 4475 1314 4553 cessitatibus,
1377 4494 1640 4556 eamque
1670 4494 1888 4554 regere
1914 4524 1932 4549 ,
1994 4495 2118 4537 non
2169 4477 2428 4539 deberet

890 4570 1047 4631 alios
1078 4569 1376 4630 officiales
1405 4569 1669 4648 eligere;
1705 4575 1766 4631 et
1796 4570 2051 4649 quidem
2082 4570 2214 4648 ipse
2245 4571 2427 4631 satis-

887 4664 1164 4739 faceret,
1216 4664 1265 4722 si
1296 4663 1483 4742 digne
1530 4667 1592 4723 et
1631 4663 1790 4722 bene
1819 4681 2047 4723 munus
2076 4681 2259 4723 suum
2289 4681 2427 4722 exe-

889 4762 1205 4838 queretur.
1260 4758 1349 4815 De
1392 4757 1556 4816 sacto
1585 4760 1829 4828 tamen,
1891 4756 2039 4834 quia
2082 4756 2251 4816 solus
2294 4755 2426 4834 ipse

888 4870 1014 4912 non
1043 4853 1249 4927 potest
1267 4849 1327 4908 id
1349 4852 1671 4927 praestare‚
1698 4850 1957 4910 assumit
1986 4849 2140 4909 alios
2161 4867 2425 4928 quorum

888 4963 1083 5023 opera
1126 4946 1357 5017 utatur,
1391 4946 1453 5001 et
1480 4941 1585 5020 qui
1616 4941 1680 5000 id
1699 4942 1933 5002 faciant
1953 4941 2121 5020 quod
2151 4942 2283 5020 ipse
2319 4960 2430 5019 per

889 5056 955 5098 se
986 5038 1190 5097 facere
1222 5034 1500 5109 deberet,
1534 5034 1583 5093 si
1615 5039 1861 5112 posset,
1912 5052 2060 5112 ergo
2092 5034 2294 5094 solum
2322 5032 2431 5093 de·-

891 5132 998 5192 bet
1027 5130 1259 5207 eligere
1290 5146 1397 5188 eos
1427 5128 1531 5207 qui
1559 5126 1731 5205 digni
1762 5128 1905 5202 sint,
1930 5127 1983 5187 si
2012 5126 2268 5205 quidem
2299 5127 2431 5205 ipse

890 5241 1005 5303 per
1031 5241 1120 5298 se,
1156 5222 1235 5282 ad
1266 5220 1330 5280 id
1358 5221 1561 5281 solum
1588 5223 1930 5295 teneretur,
1957 5224 2019 5279 et
2046 5220 2435 5280 satisfaceret

893 5317 1083 5396 digne
1112 5314 1565 5394 rempublicam
1600 5312 1897 5392 regendo.
1958 5313 2140 5373 Unde
2189 5317 2433 5374 constat

894 5429 1018 5471 non
1066 5427 1202 5469 esse
1245 5408 1524 5469 instituta
1570 5407 1703 5465 haec
1760 5406 1965 5466 officia
2022 5405 2320 5483 primario
2368 5406 2432 5465 in

893 5501 1155 5584 praemia
1183 5499 1617 5561 distribuenda
1646 5498 1908 5560 subditis
1932 5545 1947 5575 ,
1997 5497 2105 5558 sed
2139 5497 2200 5558 in
2231 5498 2434 5560 subsi-

2600 3265 2958 3327 Secundum
2988 3283 3138 3343 ergo
3167 3264 3651 3325 fundamentum
3672 3309 3688 3339 ,
3722 3282 3840 3342 quo
3869 3270 4017 3324 utun·
4146 3264 4159 3322 l

2517 3364 2617 3421 tur
2642 3359 2913 3435 LessiuS,
2947 3363 3012 3418 et
3035 3357 3142 3417 alii
3171 3357 3250 3417 ad
3280 3356 3676 3435 probandam
3705 3356 3858 3416 banc
3883 3354 4012 3415 ohli-
4083 3400 4112 3429 ζ
4149 3398 4159 3439 η

2517 3453 2836 3533 gationem
2882 3450 3151 3529 eligendi
3199 3450 3554 3528 digniorem
3579 3497 3596 3525 ‚
3663 3449 3911 3510 sumitur
3951 3465 4012 3505 ex
4055 3456 4112 3535 «ξ
4147 3456 4159 3535 2

2520 3545 2903 3623 obligatione
2975 3543 3260 3603 electoris
3340 3561 3495 3621 erga
3578 3542 4008 3619 rempublicam.
4077 3552 4112 3589 νε
4147 3562 4159 3587 ι

2521 3641 2678 3699 Nam
2710 3654 3074 3697 oeconomus
3121 3641 3411 3713 peccaret
3437 3635 3715 3713 graviter
3740 3634 4010 3695 contrafi·
4075 3604 4113 3653 ἁ
4147 3616 4159 3641 “

2520 3731 2666 3792 dem
2696 3749 2772 3789 ex
2796 3729 3001 3789 officio
3032 3727 3284 3788 domino
3315 3727 3596 3788 debitam
3621 3774 3639 3802 ‚
3687 3727 3738 3787 si
3789 3727 3848 3785 in
3893 3743 4012 3785 eon·

2521 3822 2822 3884 ducendis
2852 3820 3154 3899 operariis
3183 3824 3499 3897 spectaret
3527 3820 3726 3880 solum
3746 3867 3762 3896 ,
3813 3824 3874 3879 ut
3898 3835 4012 3895 pro-

2522 3921 2803 3977 moveret
2829 3933 2975 3975 suos
3005 3914 3528 3991 consanguinem,
3560 3914 3659 3973 vel
3685 3913 3922 3984 amicoe,
3942 3928 4012 3968 ne-

2520 4010 2681 4070 lictis
2712 4007 2848 4068 aliis
2876 4006 3274 4077 melioribus;
3304 4007 3394 4066 sic
3414 4011 3478 4066 et
3506 4007 3803 4068 electores
3827 4022 4008 4084 pecct-

2522 4102 2681 4163 bunt
2708 4104 2927 4161 contra
2956 4099 3436 4179 rempublicam,
3490 4099 3543 4160 si
3572 4099 3812 4160 omissis
3836 4096 4010 4156 melio-

2522 4195 2696 4255 ribus
2727 4197 2789 4254 et
2818 4192 3205 4271 dignioribus
3229 4239 3245 4267 ,
3303 4192 3543 4269 eligant
3588 4192 3789 4251 minus
3827 4190 4011 4266 dignos

2525 4292 2782 4367 propter
2808 4286 3170 4360 amicitiam,
3196 4285 3294 4345 vel
3311 4285 3466 4346 alios
3482 4284 3759 4364 privatos
3773 4284 4005 4344 affectus.

2526 4384 2780 4442 Fatetur
2809 4383 3018 4439 autem
3049 4378 3498 4439 Lessius‘num.
3533 4380 3631 4438 16.
3664 4377 3780 4437 hoc
3805 4393 3913 4435 non
3936 4391 4009 4431 es-

2524 4493 2591 4535 se
2621 4476 2948 4553 peccatum
2978 4477 3195 4533 contra
3225 4471 3617 4549 digniorem3
3651 4471 3772 4531 imo
3798 4486 3897 4528 nec
3934 4484 4007 4524 e&

2525 4586 2593 4628 se
2623 4569 2842 4627 contra
2861 4565 3171 4643 justitiam
3203 4582 3354 4643 erga
3401 4564 3877 4643 rempublicam,
3923 4556 4004 4618 sed

2527 4664 2744 4721 contra
2775 4658 3048 4718 debitam
3076 4657 3444 4717 fidelitatem
3468 4704 3486 4732 ‚
3535 4663 3720 4736 atque
3748 4655 3888 4714 adeo
3913 4667 4004 4710 non

2527 4753 2806 4831 obligare
2833 4750 2915 4812 ad
2942 4750 3424 4825 restitutionem,
3449 4750 3505 4809 si
3532 4749 3702 4828 digni
3728 4748 4002 4825 eligantur.

2529 4845 2801 4918 Quilibet
2829 4845 2995 4903 enim
3023 4843 3635 4903 administrationem
3660 4842 3906 4920 aliquam
3930 4855 4005 4895 sn·

2528 4938 2800 5018 acipiens
2829 4936 2909 4996 ad
2937 4936 3062 4996 duo
3093 4953 3159 4995 se
3187 4936 3375 4996 tacite
3405 4935 3649 5014 obligat
3678 4957 3693 4996 ε
3727 4949 3923 5010 nempe
3944 4928 4001 4988 ad

2530 5032 2856 5093 vitandum
2870 5029 3191 5104 damnum,
3218 5029 3299 5088 ad
3316 5029 3485 5107 quod
3512 5028 3926 5105 seobligatnou
3949 5039 3999 5080 ex

2524 5124 2787 5205 justitia,
2823 5123 2930 5183 sed
2963 5141 3037 5182 ex
3064 5121 3363 5182 fidelitate
3388 5167 3406 5196 ,
3441 5126 3506 5181 et
3536 5122 3613 5181 ad
3645 5113 4001 5200 promovenda

2530 5216 2863 5278 commoda
2891 5215 3056 5275 illius
3085 5214 3183 5274 cui
3213 5215 3428 5289 servit,
3462 5220 3763 5293 quantum
3789 5224 3999 5271 commo·

2530 5312 2610 5372 de
2640 5309 2910 5389 poterit;
2947 5309 3082 5368 haec
3111 5308 3278 5367 enim
3309 5307 3609 5368 videntur
3637 5324 3766 5366 esse
3795 5304 3995 5363 mense-l

2531 5401 2996 5475 committentia,
3021 5404 3084 5461 et
3108 5401 3505 5478 suscipientis
3535 5398 3828 5479 ejusmodi
3851 5391 3996 5454 admi-

2535 5495 2990 5557 nistrationem.
