4263 6376
109 2161 203 2219 103

50 2286 262 2328 inlex-eaeor

45 2341 150 2391 mse
179 2352 274 2393 μοι·

49 2402 96 2451 §²¹
118 2402 251 2457 ⁶«nats-a

49 2450 229 2499 nimian.

1317 303 1788 366 DISPUTATIO
1833 303 2077 381 XXXV,
2126 305 2402 367 SEC'rlo
2453 307 2550 367 Vl.

342 478 669 541 fraudatus
715 479 849 541 fuit.
911 481 988 541 Et
1029 478 1283 559 quidem
1331 480 1393 540 in
1425 480 1496 541 iis
1524 480 1770 541 casibus
1816 480 1875 540 in

342 574 572 652 quibus
599 574 733 651 ipse
763 574 996 634 electus
1026 572 1319 652 indignus
1344 621 1359 651 ,
1415 575 1511 633 vel
1550 574 1756 634 minus
1785 573 1880 633 di·-

341 684 526 744 gnuS,
547 665 645 727 vel
666 666 854 728 etiam
884 665 1135 743 dignior
1160 671 1409 728 tenetur
1438 667 1516 727 ad
1547 667 1880 727 restituen-

298 758 493 853 ·dum
552 762 808 837 propter
850 759 978 818 vim
1025 759 1123 819 vel
1179 759 1463 819 fraudem
1519 759 1874 835 admistam,

339 851 510 911 idem
541 853 877 912 dicendum
921 856 1015 912 est
1054 853 1133 912 de
1163 852 1643 930 cooperantibus
1673 857 1735 912 et
1760 852 1879 910 im-

341 945 773 1023 pedientibus»,
820 945 898 1005 de
927 946 1155 1025 quibus
1200 946 1423 1005 eadem
1455 951 1548 1006 est
1576 945 1731 1005 ratio
1767 964 1779 1005 ε
1814 944 1878 1003 in

341 1038 417 1097 iis
465 1042 679 1098 autem
725 1038 971 1098 casibus
997 1084 1011 1114 ,
1071 1038 1132 1097 in
1189 1038 1415 1118 quibus
1470 1040 1878 1115 cooperantes

340 1130 521 1192 electi
551 1150 675 1192 non
704 1135 996 1192 tenentur
1023 1132 1103 1191 ad
1134 1132 1588 1192 restitutionem
1608 1176 1624 1208 ,
1677 1148 1877 1209 neque

341 1223 533 1285 etiam
562 1223 665 1284 alii
695 1229 1106 1302 cooperantes
1127 1272 1142 1291 .
1194 1224 1293 1285 vel
1333 1224 1744 1302 impedientes
1791 1228 1876 1284 te-

338 1321 590 1378 nentur.
627 1317 1047 1391 Quandovero
1077 1318 1209 1377 sine
1224 1318 1284 1376 vi
1315 1322 1378 1378 et
1404 1316 1623 1376 fraude
1654 1316 1878 1395 aliquis

339 1416 721 1489 cooperatur
741 1457 757 1486 ,
791 1414 862 1472 ut
888 1411 1154 1490 eligatur
1180 1411 1513 1490 indignus,
1546 1410 1644 1471 vel
1671 1410 1877 1469 minus

337 1503 605 1582 dignuS,
654 1504 970 1565 tenebitur
1013 1503 1269 1584 quidem
1314 1503 1394 1564 ad
1424 1503 1876 1564 restitutionem

337 1597 401 1657 in
432 1598 508 1659 iis
538 1598 830 1658 omnibus
859 1602 920 1659 et
948 1598 1093 1658 solis
1120 1597 1389 1669 casihuS‚
1411 1596 1472 1657 in
1497 1596 1723 1677 quibus
1752 1598 1877 1657 ele-

335 1696 474 1752 ctor
498 1691 636 1770 ipse
663 1694 933 1766 tenetur,
967 1689 1017 1750 si
1047 1690 1211 1750 enim
1243 1690 1476 1751 elector
1505 1708 1627 1750 non
1659 1692 1876 1768 peccat

334 1789 559 1846 contra
582 1783 889 1863 justitiam
925 1783 1196 1862 aliquem
1226 1783 1516 1861 eligendo
1539 1829 1554 1859 ,
1608 1801 1732 1843 non
1762 1800 1875 1861 po-

333 1882 458 1937 test
486 1881 706 1938 contra
725 1875 1035 1956 justitiam
1063 1893 1346 1954 peccare,
1382 1876 1488 1955 qui
1520 1875 1639 1938 hoc
1668 1876 1872 1954 ipsum

331 1970 395 2030 ei
424 1970 718 2045 consulit,
750 1970 849 2029 vel
879 1969 960 2029 ab
992 1986 1065 2028 eo
1096 1968 1274 2047 petit.

416 2063 597 2124 Circa
626 2062 763 2123 haec
791 2066 1000 2122 tamen
1050 2061 1260 2140 aliqua
1289 2061 1673 2122 advertenda
1703 2066 1866 2123 sunt.

416 2155 698 2216 Ptimum
743 2158 869 2231 est,
921 2173 1065 2215 eum
1097 2154 1202 2234 qui
1232 2173 1343 2233 pro
1375 2155 1583 2234 aliquo
1615 2154 1872 2216 interce-

331 2249 429 2310 dit
454 2249 625 2328 apud
655 2248 987 2309 electorem
1009 2294 1024 2323 ,
1077 2252 1146 2308 ut
1173 2266 1318 2308 eum
1348 2247 1575 2325 eligat,
1630 2249 1872 2309 facilius

329 2361 518 2422 posse
548 2361 588 2403 a
617 2347 873 2420 peccato
905 2339 1224 2420 injustitiae
1272 2344 1333 2401 et
1370 2340 1749 2419 obligatione
1780 2360 1873 2401 re-

325 2436 630 2498 stituendi
662 2434 978 2507 excusari,
1033 2452 1223 2512 quam
1253 2434 1457 2511 ipsum
1487 2435 1818 2495 electorem
1854 2453 1866 2495 :

326 2530 483 2610 quia
511 2529 746 2590 elector
774 2527 1054 2589 absolute
1085 2526 1259 2605 eligit
1296 2531 1357 2588 et
1387 2527 1588 2588 influit
1638 2527 1698 2587 in
1747 2527 1873 2587 ele-

327 2624 607 2684 ctionem
637 2620 878 2700 indigni
909 2619 1006 2680 vel
1041 2620 1248 2679 minus
1279 2619 1454 2697 digni
1505 2639 1518 2679 :
1579 2619 1871 2681 interces-

324 2735 441 2777 sor
467 2720 675 2776 autem
706 2717 909 2793 potest
940 2732 1065 2773 non
1095 2713 1354 2773 influere
1387 2713 1667 2775 absolute
1693 2760 1707 2791 ,
1759 2714 1868 2774 sed

325 2809 538 2870 solum
566 2807 987 2870 conditionate
1034 2826 1047 2867 :
1095 2810 1299 2884 potest
1327 2806 1492 2867 enim
1524 2812 1735 2884 petere
1768 2827 1868 2867 ex-

324 2903 542 2983 plicite
574 2902 670 2961 vel
706 2899 998 2979 implicite
1028 2899 1230 2959 solum
1260 2899 1376 2960 sub
1404 2899 1784 2976 conditione,
1818 2900 1867 2960 si

323 2996 586 3074 dignior
613 2992 993 3070 inveniatur,
1037 2992 1134 3052 vel
1164 2992 1217 3052 si
1245 2991 1410 3053 licite
1441 2997 1503 3053 et
1524 2992 1692 3073 juste
1725 2992 1868 3071 eligi

322 3087 559 3169 possit;
593 3084 765 3165 quod
794 3084 1041 3146 videtur
1069 3084 1273 3146 solum
1309 3085 1457 3163 peti,
1493 3085 1745 3165 quando
1778 3086 1871 3145 in-

321 3187 642 3243 tercessor
670 3177 858 3252 dicit,
906 3181 1053 3257 peto
1097 3181 1165 3238 ut
1192 3177 1254 3237 in
1284 3176 1359 3238 iis
1387 3178 1449 3238 in
1479 3178 1705 3259 quibus
1734 3178 1869 3241 fieri

321 3274 549 3354 possit,
584 3267 729 3333 huic
755 3272 992 3333 faveas.
1028 3272 1243 3332 Solum
1270 3276 1515 3351 oportet
1538 3273 1867 3334 advertere

323 3366 672 3446 aliquando
699 3364 856 3425 tanti
885 3364 1180 3443 ponderis
1210 3383 1343 3424 esse
1361 3364 1867 3427 intercessionem

322 3459 598 3540 alicujus
625 3457 793 3537 apud
824 3458 1159 3519 electorem
1179 3504 1194 3533 ,
1250 3461 1318 3518 ut
1352 3458 1498 3519 licet
1526 3459 1730 3519 verbis
1760 3478 1871 3538 ge-

319 3552 647 3615 neralibus
676 3554 847 3630 petat
877 3549 1044 3629 quod
1076 3549 1218 3610 huic
1246 3550 1488 3626 faveat,
1521 3551 1869 3630 periculum

316 3664 634 3725 magnum
677 3644 758 3705 sit
807 3661 885 3703 ne
933 3643 1106 3702 illum
1136 3645 1346 3704 sseetat
1390 3644 1471 3704 ad
1500 3644 1780 3706 illicitam
1808 3650 1869 3707 et

318 3738 627 3819 injustam
657 3736 1046 3798 electionem.
1081 3737 1213 3808 Quo
1242 3755 1388 3796 casu
1407 3737 1535 3797 vidi
1563 3757 1677 3817 ego
1700 3739 1868 3799 Emi-

318 3833 590 3893 nentiSS.
623 3829 1028 3906 cardinalem,
1063 3829 1274 3909 (quem
1305 3829 1450 3909 quia
1478 3831 1687 3893 adhuc
1713 3832 1868 3895 vivit

318 3943 463 3986 non
508 3922 793 4001 nomino)
850 3942 887 3982 a
942 3940 1097 4002 quo,
1156 3940 1301 3983 cum
1358 3922 1868 3986 intercessionem

315 4035 514 4078 suam
542 4015 799 4096 quidam
829 4018 1068 4094 peteret
1106 4015 1274 4094 apud
1303 4015 1651 4093 datarium,
1702 4021 1771 4079 ut
1811 4018 1866 4079 ei

313 4110 706 4174 beneficium
735 4128 964 4169 vacans
993 4109 1336 4186 conferret,
1388 4109 1671 4171 libertate
1703 4111 1869 4172 chri-

313 4205 536 4267 stiana
563 4201 922 4282 respondit:
949 4201 1274 4275 Quomodo
1305 4221 1558 4281 possum
1589 4222 1703 4282 ego
1733 4208 1868 4266 tuta

314 4297 712 4361 conscientia
741 4296 802 4356 id
834 4300 1046 4374 petere
1072 4341 1087 4371 ,
1133 4295 1237 4375 qui
1271 4295 1550 4356 nondum
1580 4297 1864 4359 notitiam

315 4390 536 4453 habeo
567 4390 642 4450 de
670 4393 780 4450 tua
807 4387 1115 4467 dignitate
1172 4387 1253 4448 ad
1300 4387 1419 4447 hoc
1446 4388 1868 4452 beneficium?

315 4484 587 4548 Sciebat
643 4482 873 4563 quippe
933 4499 1112 4542 suam
1165 4480 1676 4543 intercessionem
1730 4502 1864 4545 esse

312 4577 853 4658 approbationem
883 4575 1136 4637 tacitam
1180 4574 1344 4634 illius
1397 4593 1509 4653 pro
1541 4594 1662 4655 quo
1694 4582 1867 4656 pete-

308 4675 463 4743 bat,
493 4675 554 4732 et
582 4688 878 4748 magnum
906 4668 1154 4747 pondus
1182 4667 1560 4746 habituram,
1587 4674 1656 4730 ut
1682 4671 1866 4731 colla-

309 4767 422 4831 tio
448 4764 510 4825 in
536 4763 709 4824 illum
737 4762 935 4836 fieret,
954 4760 1188 4840 absque
1220 4760 1338 4822 alio
1367 4762 1651 4824 examine
1680 4764 1869 4824 meri-

311 4866 559 4922 torum.
614 4858 874 4935 Oportet
902 4874 1050 4934 ergo
1095 4855 1156 4914 in
1187 4854 1262 4914 iis
1290 4855 1537 4916 casibus
1580 4856 1744 4932 clare
1774 4858 1867 4917 lo-

313 4951 443 5033 qui
472 4955 533 5011 et
560 4950 791 5011 dicere.
850 4949 981 5027 Ego
1011 4949 1213 5009 solum
1243 4952 1418 5026 pete,
1472 4952 1539 5009 ut
1564 4949 1728 5011 facta
1769 4949 1867 5009 in-

315 5044 666 5127 quisitione
688 5090 702 5118 ,
752 5041 803 5102 si
835 5041 1009 5101 illum
1038 5041 1302 5120 dignum
1331 5041 1644 5103 inveneris
1664 5089 1680 5118 ,
1731 5043 1865 5104 sine

310 5137 587 5202 alterius
615 5134 917 5214 dignioris
956 5134 1360 5214 praejudicio,
1414 5140 1671 5214 praestes
1720 5135 1864 5198 huic

309 5230 596 5313 gratiam
629 5232 692 5290 et
720 5228 1022 5288 favorem.
1085 5226 1380 5307 Alioquin
1411 5227 1729 5289 inclinatio
1759 5229 1864 5289 illa

309 5322 688 5399 voluntatis,
747 5324 811 5381 et
838 5320 1053 5399 petitio
1100 5320 1469 5398 potentioris
1525 5321 1862 5382 maximam

308 5418 455 5480 vim
485 5416 675 5476 habet
721 5413 801 5474 ad
841 5414 1219 5475 flectendum
1252 5413 1585 5474 electorem
1613 5414 1869 5474 inferio-

3393 313 3510 372 605

1979 498 2111 541 rem
2133 528 2148 558 ,
2184 485 2246 543 et
2274 502 2396 543 non
2427 486 2638 545 manet
2665 502 2877 545 secum
2907 485 3288 547 conscientia
3322 487 3512 548 inter-

1978 576 2262 636 cessoris,
2325 578 2452 636 Nec
2481 578 2688 637 miuus
2716 581 2809 637 est
2839 578 3183 655 periculum
3204 626 3219 656 ,
3256 582 3508 659 quando

1978 667 2387 729 interceditur
2416 669 2581 746 apud
2613 688 2929 730 summum
2962 671 3359 746 Pontificem,
3413 674 3512 734 vel

1976 760 2323 838 principem
2350 781 2711 840 supremum
2742 781 2854 841 pro
2884 764 3093 843 aliquo
3116 770 3182 825 ut
3210 766 3515 828 beneficia

1978 855 2034 914 ei
2070 854 2351 915 conferat
2373 901 2388 929 ‚
2424 856 2768 932 praesertim
2796 862 3031 932 curata,
3066 859 3161 917 vel
3194 859 3511 938 episcopa·

1976 951 2109 1008 tum
2134 968 2146 1008 :
2174 948 2422 1009 videtur
2450 948 2615 1008 enim
2646 949 2778 1026 ipse
2807 968 3161 1028 proponens
3192 971 3511 1014 assumere

1978 1040 2039 1100 in
2070 1059 2138 1100 se
2171 1058 2328 1100 onus
2374 1040 2539 1102 circa
2568 1060 2829 1102 examen
2862 1043 3183 1120 dignitatis
3213 1045 3506 1123 eligendi,

1978 1151 2169 1211 quam
2199 1132 2462 1211 ipsemet
2509 1134 2723 1194 testari
2748 1135 3031 1211 videtur,
3083 1136 3233 1196 dum
3281 1156 3393 1215 pro
3435 1157 3509 1199 eo

1976 1226 2131 1304 petit
2157 1225 2459 1304 illumque
2496 1227 2789 1306 proponit
2847 1246 2860 1286 :
2922 1228 3089 1307 quod
3127 1229 3180 1287 si
3228 1248 3352 1290 non
3380 1231 3513 1291 vult

1978 1317 2097 1379 hoc
2125 1336 2283 1379 onus
2310 1336 2499 1396 supra
2527 1337 2593 1378 se
2621 1338 2937 1381 assumere
2962 1367 2977 1397 ,
3029 1320 3198 1383 dicat
3224 1323 3411 1399 clare,
3444 1341 3511 1384 se

1977 1412 2256 1473 nondum
2286 1411 2365 1472 de
2394 1412 2699 1491 dignitate
2747 1417 2988 1473 certum
3031 1432 3166 1474 esse
3191 1460 3206 1490 ,
3257 1416 3367 1476 sed
3415 1433 3510 1476 so·

1976 1504 2105 1564 lum
2152 1508 2365 1583 petere
2421 1505 2588 1584 quod
2645 1505 3036 1566 examinetur
3066 1512 3129 1568 et
3156 1507 3512 1587 inquiratur

1977 1601 2039 1657 et
2066 1615 2142 1657 ea
2161 1595 2342 1675 juxta
2369 1597 2650 1658 debitum
2678 1598 2932 1659 inventa
2961 1598 3249 1678 eligatur.

2055 1689 2345 1751 Secundo
2376 1690 2829 1751 advertendum
2885 1696 3010 1768 est,
3066 1711 3211 1753 eum
3249 1693 3354 1772 qui
3398 1710 3511 1772 per

1974 1785 2101 1844 vim
2131 1784 2230 1844 vel
2258 1784 2567 1861 fraudem,
2606 1784 2702 1844 vel
2733 1784 2953 1863 quovis
2983 1786 3172 1846 modo
3193 1786 3385 1846 alium
3414 1787 3507 1846 in-

1965 1876 2134 1957 juste
2162 1876 2492 1954 impedivit
2519 1894 2556 1935 a
2584 1876 3024 1938 consecutione
3052 1877 3340 1938 beneficii
3363 1884 3509 1939 tunc

1971 1970 2175 2031 solum
2220 1969 2563 2047 obligatum
2612 1987 2746 2030 esse
2793 1968 2872 2030 ad
2924 1970 2980 2030 ei
3029 1971 3503 2048 restituendum,

1973 2063 2250 2142 quande,
2284 2062 2333 2123 si
2366 2063 2453 2123 ita
2483 2061 2818 2142 impeditus
2851 2080 2973 2123 non
2991 2063 3228 2139 fuisset,
3256 2063 3509 2125 habuis-

1974 2160 2068 2217 set
2109 2156 2520 2231 beneficium,
2571 2156 2669 2215 vel
2719 2156 2937 2217 saltem
2992 2174 3105 2235 pro
3161 2156 3508 2236 quantitate

1972 2249 2127 2327 spei,
2161 2252 2232 2309 ut
2256 2248 2494 2309 dictum
2524 2251 2637 2324 est,
2673 2266 2863 2327 quam
2897 2248 3130 2309 habere
3149 2253 3417 2327 poterat.
3445 2250 3508 2311 Si

3658 1694 3773 1753 1οὶ

3610 1817 3729 1871 Quid,
3764 1819 3799 1862 ιι

3585 1874 3828 1970 ,ἳὲἓῖῗῐέῗῖῗ

3597 1980 3807 2024 inflexum.

1953 2347 2183 2403 ‘autem
2210 2341 2513 2402 electores
2543 2340 2620 2400 de
2667 2360 2741 2401 eo
2792 2358 2915 2401 non
2960 2342 3358 2420 cogitabant,
3396 2361 3510 2405 nec

1974 2434 2376 2512 cogitassent,
2408 2432 2519 2493 sed
2541 2434 2675 2512 jam
2703 2434 2967 2495 tirmiter
2994 2435 3407 2497 decreverant
3433 2437 3507 2496 il·

1972 2527 2102 2587 lum
2137 2544 2259 2587 non
2296 2526 2549 2604 eligere,
2585 2544 2699 2586 nec
2737 2527 3048 2605 precibuS,
3085 2534 3195 2591 aut
3222 2530 3505 2607 co'nsili0‚

1973 2621 2071 2681 vel
2101 2619 2427 2679 fraudibus
2455 2618 2743 2679 adductis
2776 2624 3109 2682 moventur
3148 2625 3258 2683 aut
3286 2624 3510 2683 contir-

1973 2718 2228 2774 mantur
2256 2712 2335 2771 ad
2368 2712 2541 2772 illum
2572 2712 2924 2790 digniorem
2969 2732 3091 2775 non
3121 2715 3505 2794 eligendum,

1975 2806 2111 2867 haec
2140 2805 2351 2866 omnia
2380 2823 2504 2866 non
2536 2805 2804 2868 influunt
2832 2806 2909 2866 de
2943 2807 3130 2884 facte,
3165 2807 3312 2869 lieet
3339 2827 3415 2869 ex
3443 2827 3510 2870 se

1974 2904 2231 2978 possent
2257 2898 2538 2973 influere,
2574 2902 2637 2958 et
2663 2916 2776 2976 per
2804 2917 3195 2979 consequens
3217 2919 3341 2963 non
3363 2904 3511 2962 affe·

1973 2996 2121 3053 runt
2176 2991 2622 3069 obligationem
2681 2992 3089 3069 restituendi,
3140 2998 3210 3055 ut
3270 2995 3513 3057 notavit

1974 3088 2164 3165 Vasq.
2198 3101 2323 3145 xlx.
2360 3103 2423 3145 n.
2462 3087 2599 3145 135.

2052 3179 2260 3242 Tertio
2301 3177 2756 3240 advertendum
2803 3182 2919 3256 est,
2980 3179 3148 3260 quod
3190 3179 3336 3242 licet
3377 3181 3501 3259 ille,
3657 3195 3770 3254 105

1974 3272 2078 3352 qui
2109 3290 2220 3350 per
2248 3271 2408 3348 vim,
2444 3270 2542 3330 vel
2585 3271 2870 3332 fraudem
2918 3273 3101 3349 facit,
3154 3292 3232 3333 ne
3274 3275 3510 3336 elector
3610 3318 3730 3371 Qum.
3764 3319 3799 3362 ,ι

1973 3366 2167 3444 eligat
2198 3365 2406 3424 minus
2436 3363 2717 3441 dignum,
2752 3383 2940 3443 quem
2971 3365 3222 3427 volebat
3250 3367 3503 3446 eligere,
3558 3372 3855 3426 minandiguus

1973 3457 2083 3518 sed
2113 3456 2500 3535 digniorem,
2552 3475 2677 3518 non
2720 3462 3010 3519 teneatur
3038 3459 3117 3518 ad
3163 3460 3499 3522 restitutio·
3575 3428 3832 3544 iffiffi'flq

1973 3569 2140 3626 nem,
2176 3549 2429 3629 quando
2472 3568 2548 3609 ex
2585 3550 2828 3629 justitia
2877 3557 3014 3613 erat
3055 3552 3353 3632 obligatio
3398 3555 3505 3615 eli·
3556 3533 3856 3597 ‘1⁰²⁰d0·'¹¹⁸‘'‘

3558 3591 3613 3627 tm
3672 3587 3713 3628 bl

1972 3643 2161 3723 gendi
2184 3642 2566 3719 digniorem3
2601 3643 2863 3703 dubium
2880 3648 3092 3706 tamen
3115 3651 3227 3722 est,
3255 3647 3506 3725 quando
3556 3587 3851 3705 adefigssffiss.

1964 3736 2092 3818 jus,
2125 3736 2225 3796 vel
2252 3736 2422 3795 fraus
2453 3753 2573 3795 non
2607 3739 2931 3797 exercetur
2957 3737 3121 3798 circa
3143 3739 3504 3815 electorem,
3585 3693 3833 3748 azemorum.

1971 3830 2082 3891 sed
2113 3830 2277 3890 circa
2308 3828 2513 3888 minus
2539 3828 2835 3907 dignum,
2880 3848 3068 3909 quem
3111 3849 3223 3908 per
3249 3831 3379 3891 vim
3408 3833 3506 3893 vel

1972 3923 2260 3984 fraudem
2289 3921 2590 4001 impediS,
2652 3939 2730 3982 ne
2774 3922 3217 4001 progrediatur
3255 3923 3320 3984 in
3350 3925 3510 4003 peti·

1971 4017 2142 4079 tione
2171 4014 2489 4091 beneficii,
2534 4033 2610 4074 an
2646 4014 2876 4076 debeas
2907 4015 2960 4076 ei
3001 4015 3329 4077 restituere
3370 4036 3512 4097 pro-

1972 4117 2112 4190 pter
2139 4108 2435 4189 injuriam
2464 4109 2521 4168 ei
2550 4108 2807 4170 illatam.
2844 4110 3001 4169 Nam
3032 4111 3100 4170 P.
3134 4111 3327 4189 Vasq.
3361 4110 3423 4172 d.
3446 4111 3504 4189 ς.

1972 4205 2075 4265 111.
2112 4202 2262 4263 dub.
2297 4218 2398 4263 xx.
2435 4220 2495 4278 n,
2532 4204 2667 4264 158.
2703 4200 3065 4280 distinguit;
3112 4202 3165 4262 si
3207 4203 3371 4263 enim
3407 4203 3508 4263 ille

1972 4296 2182 4356 minus
2213 4295 2440 4373 dignus
2486 4294 2698 4355 illicito
2754 4295 2942 4355 modo
3002 4295 3080 4355 ad
3135 4296 3509 4357 beneficium

1971 4389 2313 4451 anhelabat
2340 4407 2451 4468 per
2477 4406 2565 4462 se,
2599 4387 2696 4447 vel
2727 4406 2841 4466 per
2860 4393 3352 4466 procuratorem,
3383 4409 3508 4451 non

1975 4483 2094 4544 erit
2121 4480 2425 4561 injustitia
2453 4499 2597 4540 eum
2638 4498 2752 4560 per
2795 4480 3083 4541 fraudem
3132 4486 3243 4543 aut
3270 4482 3398 4542 vim
3428 4482 3507 4542 ab

1975 4575 2190 4637 illicita
2220 4574 2324 4634 illa
2353 4573 2793 4635 consecutione
2824 4573 3152 4652 impedire.
3189 4575 3255 4636 Si
3294 4581 3508 4636 tamen

1974 4668 2106 4748 ipse
2136 4686 2250 4747 per
2275 4687 2373 4745 se,
2423 4667 2523 4727 vel
2570 4684 2684 4744 per
2735 4670 3203 4744 procuratorem
3257 4667 3512 4748 petebat

1976 4761 2377 4832 beneficium,
2413 4760 2582 4840 quod
2613 4760 2847 4838 digne,
2908 4760 3054 4821 licet
3096 4779 3219 4822 non
3258 4760 3508 4840 dignius

1974 4859 2187 4935 posset
2216 4854 2692 4925 administrare;
2727 4856 2789 4914 et
2816 4853 2987 4913 nulla
3013 4853 3245 4933 injusta
3288 4855 3392 4916 via
3440 4856 3509 4916 il-

1977 4949 2082 5009 lud
2112 4949 2389 5028 petebat,
2424 4948 2534 5008 sed
2565 4946 2850 5009 electoris
2882 4964 2948 5005 se
2972 4947 3213 5025 judicio
3245 4948 3508 5010 submit-

1975 5046 2111 5104 tens
2146 5041 2549 5120 simpliciter;
2614 5040 2724 5120 qui
2779 5040 2946 5100 hunc
2988 5040 3345 5117 impediret,
3399 5048 3508 5104 aut

1975 5136 2111 5214 ejus
2144 5140 2613 5213 procuratorem
2645 5151 2758 5211 per
2785 5132 2912 5193 vim
2940 5132 3038 5192 vel
3068 5132 3379 5210 fraudem,
3413 5138 3507 5194 te-

1973 5233 2229 5290 neretur
2259 5227 2338 5288 ad
2370 5226 2825 5289 restitutionem
2860 5246 2872 5288 :
2910 5244 3034 5287 non
3078 5226 3225 5306 quia
3262 5226 3504 5286 benefi-

1974 5321 2142 5382 cium
2178 5324 2341 5382 esset
2368 5321 2456 5381 illi
2504 5320 2824 5396 debitum,
2876 5318 2986 5379 sed
3028 5320 3176 5399 quia
3227 5320 3359 5399 ipse
3400 5321 3506 5400 jus

1969 5414 2247 5476 habebat
2287 5414 2366 5475 ad
2414 5413 2567 5474 illud
2613 5412 3081 5490 recipiendum,
3132 5412 3183 5473 si
3223 5413 3501 5490 daretur,
