4263 6376
543 1147 618 1208 13

469 1274 529 1337 Dp
564 1274 709 1326 milite,

443 1339 683 1426 ‘wtisstta
695 1331 740 1371 ‘²‘

548 1988 623 2049 14

786 312 906 374 536

786 486 832 548 1.
867 485 990 547 Sed
1009 485 1065 546 si
1087 504 1235 562 eum,
1268 487 1311 547 l.
1342 485 1705 567 Aliquand0‚
1741 487 1804 547 in
1833 486 2164 566 principio,
2198 483 2327 547 l.Si

789 579 1026 639 mulieri
1046 577 1320 655 dederim,
1343 578 1384 639 l.
1411 578 1702 656 Debe'trix,
1720 582 1781 641 ff.
1817 578 1897 640 ad
1939 578 2316 653 Velleianum,

788 673 830 733 l.
863 688 933 733 11.
968 674 1034 733 C.
1068 670 1192 732 eod.
1227 672 1319 732 tit.
1354 672 1627 734 Advorte
1659 679 1895 748 tamen,
1932 673 2075 733 licet
2113 672 2177 730 in
2226 670 2322 730 his

789 765 1036 825 casibus
1066 783 1187 825 non
1218 765 1413 843 possit
1441 764 1562 824 frui
1594 766 1820 825 mulier
1847 764 2152 824 beneficio
2183 764 2321 825 Vel·

785 857 999 930 leiani‚
1030 875 1212 935 posse
1243 861 1477 932 tamen,
1511 857 1560 916 si
1591 857 1799 918 minor
1832 858 1931 933 sit,
1965 861 2178 935 petere
2221 874 2325 915 re-

788 950 1174 1010 stitutionem
1204 949 1266 1008 in
1320 950 1657 1029 integrum,
1705 952 1865 1011 sicut
1902 951 2004 1011 alii
2050 950 2324 1009 minores

789 1045 1000 1121 petere
1029 1045 1305 1121 possent.

870 1135 1045 1197 Ultra
1072 1135 1365 1195 mulieres
1391 1135 1737 1215 fidejubere
1768 1154 1890 1196 non
1923 1139 2186 1215 possunt
2214 1134 2328 1194 mi-

788 1226 948 1303 lites,
981 1228 1130 1288 dum
1161 1228 1225 1287 in
1280 1229 1672 1307 expeditione
1726 1234 2071 1305 versantur,
2133 1232 2201 1288 ut
2253 1246 2329 1286 ex

788 1321 830 1381 l.
864 1319 1105 1396 Milites,
1140 1322 1206 1381 C.
1240 1320 1308 1381 de
1336 1321 1508 1382 locat.
1558 1322 1861 1400 colligunt
1907 1320 2330 1382 communiter

789 1413 1100 1490 doctoreS,
1134 1414 1187 1473 si
1217 1413 1278 1472 id
1308 1418 1521 1474 tamen
1550 1416 1613 1474 in
1646 1434 1761 1474 usu
1792 1414 1893 1475 sit.
1927 1414 2236 1474 Clerieum
2268 1416 2330 1473 et

790 1506 1155 1585 episcopum
1184 1506 1371 1585 aliqui
1405 1512 1638 1586 negant
1680 1525 1865 1585 posse
1921 1506 2268 1587 fidejubere
2306 1526 2319 1566 ε

791 1598 1093 1678 idftamen
1124 1617 1343 1658 verum
1374 1618 1497 1659 non
1548 1619 1705 1675 esse,
1763 1599 1948 1660 docet
2002 1617 2144 1659 cum
2191 1599 2328 1658 aliis

789 1691 1021 1753 Molina
1048 1691 1166 1752 loc.
1200 1692 1369 1753 citat.
1405 1698 1466 1753 et
1494 1694 1663 1752 Less,
1722 1712 1782 1753 n.
1834 1695 1927 1754 19.
1989 1691 2329 1769 Religiosos

790 1787 1031 1845 certum
1075 1787 1169 1844 est
1220 1785 1351 1845 sine
1398 1784 1639 1864 praelati
1678 1785 1951 1861 licentia,
1983 1784 2327 1863 fidejubere

793 1894 916 1937 non
949 1895 1155 1954 posse.

873 1969 1076 2029 Minor
1104 1969 1340 2045 vigenti
1396 1970 1671 2049 quinque
1726 1971 1925 2048 annis,
1988 1972 2135 2031 licet
2181 1969 2330 2030 fide·

474 2112 727 2158 nominori-
788 2062 1067 2142 jussione
1098 2063 1467 2123 naturaliter
1497 2063 1763 2141 obligari
1809 2064 2145 2143 aliquando
2193 2081 2333 2141 pos-

449 2168 543 2220 δια,
571 2180 621 2232 pn
643 2180 746 2223 pos-

550 2234 615 2265 sm
639 2250 650 2261 .

798 2155 897 2232 sit,
930 2159 1134 2232 potest
1162 2160 1373 2215 tamen
1403 2157 1811 2217 restitutionis
1842 2157 2143 2217 beneficio
2193 2174 2334 2216 eam

797 2247 1173 2324 rescindere,
1201 2249 1349 2327 quia
1369 2249 1782 2311 communiter
1802 2250 1985 2310 laesus
2003 2254 2292 2310 censetur
2316 2267 2330 2312 ε

800 2359 925 2401 non
954 2344 1165 2401 tamen
1195 2341 1244 2400 si
1277 2360 1389 2419 pro
1420 2345 1598 2419 patre
1628 2344 2043 2419 incarceratO,
2082 2348 2152 2404 ιιι
2189 2343 2336 2402 libe-

799 2437 1066 2509 raretur,
1112 2433 1510 2513 fidejuberet3
1561 2436 1706 2514 quia
1748 2436 1810 2495 ni
1857 2436 2091 2497 faceret
2130 2436 2338 2496 exhae-

801 2527 1011 2588 redari
1039 2527 1361 2604 potuisset.
1397 2527 1513 2600 Qui
1534 2533 1742 2589 autem
1772 2547 1884 2606 pro
1915 2529 2155 2590 minore
2185 2530 2338 2589 fide-

797 2619 1000 2700 jubet,
1027 2619 1362 2697 aliquando
1395 2638 1508 2680 nec
1537 2620 1668 2698 ipse
1712 2621 2041 2699 obligatur,
2087 2622 2339 2702 quando

804 2711 1040 2773 scilicet
1064 2711 1272 2772 minor
1299 2731 1413 2772 nec
1463 2713 1830 2774 naturaliter
1867 2714 2178 2792 obligatus
2223 2719 2337 2776 est.

809 2804 1070 2877 Quando
1096 2823 1245 2864 vero
1274 2805 1481 2865 minor
1509 2811 1603 2867 est
1633 2807 1997 2868 naturaliter
2027 2807 2342 2886 obligatus

808 2895 1036 2972 valide,
1072 2901 1134 2957 et
1162 2897 1362 2957 solum
1394 2898 1721 2978 privilegio
1751 2899 2160 2960 restitutionis
2189 2901 2345 2960 libo-

810 2993 1004 3064 ratur,
1036 2988 1367 3068 fidejussor
1408 3009 1532 3050 non
1582 2992 1816 3068 gaudet
1868 3011 1941 3052 eo
1989 2993 2340 3071 privilegio.

811 3081 1111 3159 Exempla
1138 3082 1261 3142 late
1293 3085 1472 3144 affert
1499 3083 1730 3144 Molina
1784 3085 1932 3145 dict.
1992 3086 2153 3164 disp.
2200 3088 2341 3146 540.

812 3193 976 3235 verS.
1010 3176 1229 3248 finem3
1264 3195 1375 3236 nos
1405 3180 1612 3236 autem
1643 3177 1802 3255 disp.
1854 3177 1924 3238 de
1963 3179 2348 3240 contractibus

815 3266 1105 3343 diximus,
1139 3268 1388 3347 quando
1445 3268 1652 3330 minor
1702 3270 2034 3350 obligetur,
2067 3273 2167 3333 vel
2223 3293 2344 3334 non

820 3360 1128 3438 obligetur
1158 3362 1542 3425 naturaliter.

1946 313 2049 373 DE
2089 309 2446 374 JUSTITIA
2489 309 2591 371 m*
2631 309 2831 372 JURE

2421 484 2629 561 fuerit,
2665 487 2733 546 ut
2759 483 3045 561 servitus»,
3106 484 3204 545 vel
3233 504 3472 560 servuS,
3528 485 3571 546 l.
3625 503 3695 547 11.
3739 488 3796 566 ἓ.
3857 485 3977 546 Ea:

2422 575 2530 653 Ιιίε,
2561 578 2601 637 l.
2636 576 3056 658 Stzpulcztiones
3083 598 3196 638 non
3216 577 3582 654 dividuntur,
3609 580 3671 639 ff.
3706 578 3777 639 de
3798 579 3966 640 verb.

2423 669 2600 749 oblr'y.
2663 669 2726 731 Si
2758 675 2970 731 autem
3025 675 3190 732 esset
3249 671 3487 732 factum
3539 671 3970 746 individuum,

2425 763 2703 824 executio
2738 763 3040 824 adversus
3084 783 3281 824 unum
3323 782 3576 824 reorum
3617 765 3726 825 fiet
3754 764 3973 844 quoad

2425 856 2905 917 aestimationem
2935 856 3151 935 partiS.
3180 856 3442 930 Quando
3476 874 3625 916 vero
3656 857 3870 935 plures
3901 875 3974 916 se

2427 948 2805 1026 obligarunt,
2840 953 2902 1008 et
2930 949 3157 1027 singuli
3189 951 3252 1009 in
3296 949 3566 1010 solidum
3618 949 3979 1010 formaliter

2425 1041 2525 1100 vel
2553 1039 2920 1117 virtualiter,
2959 1045 3111 1102 tunc
3150 1041 3227 1101 de
3265 1041 3408 1120 jure
3448 1042 3768 1102 communi
3811 1042 3977 1104 anti-

2428 1151 2551 1212 quo
2591 1133 2817 1212 singuli
2848 1133 2911 1192 in
2969 1134 3238 1195 solidum
3287 1153 3399 1212 pro
3457 1137 3586 1194 toto
3642 1133 3975 1194 conveniri

2427 1230 2735 1305 poterant,
2771 1229 2840 1286 ut
2867 1231 3109 1288 constat
3134 1246 3207 1287 ex
3235 1229 3278 1288 l.
3313 1244 3406 1288 111.
3440 1226 3495 1304 ἓ.
3527 1229 3582 1286 1.
3633 1226 3703 1286 de
3746 1226 3980 1287 duobus

2427 1318 2561 1394 reis,
2591 1320 2635 1379 l.
2668 1318 2718 1379 C
2720 1317 2961 1395 reddor,
2997 1325 3061 1381 et
3088 1320 3132 1380 l.
3158 1320 3506 1401 exprimere,
3544 1321 3609 1380 C.
3643 1318 3838 1379 eodem
3868 1320 3972 1380 tit.

2428 1414 2515 1472 De
2537 1410 2678 1493 jure
2703 1416 2915 1472 tamen
2947 1431 3109 1473 novo
3141 1411 3658 1473 Authenticorum
3709 1430 3978 1471 conces·

2427 1523 2566 1565 sum
2594 1508 2709 1580 est,
2744 1509 2812 1565 ιιι
2838 1505 2890 1564 si
2919 1505 3021 1565 alii
3052 1504 3350 1565 solvendo
3381 1505 3525 1580 sint,
3562 1522 3684 1564 non
3716 1504 3970 1583 possint

2427 1597 2654 1675 singuli
2685 1615 2796 1674 pro
2828 1601 2958 1658 toto
2990 1598 3202 1657 debito
3234 1596 3587 1668 conveniri3
3645 1597 3698 1655 si
3752 1602 3974 1657 tamen

2430 1689 2586 1748 alius
2616 1689 2842 1750 absens
2870 1689 2969 1766 sit,
3006 1690 3090 1750 ita
3122 1692 3190 1750 ut
3222 1689 3399 1750 citari
3429 1706 3554 1749 non
3602 1688 3818 1767 possit,
3871 1689 3979 1749 vel

2428 1800 2670 1861 pauper
2698 1786 2759 1841 et
2785 1782 3024 1842 solvere
3055 1782 3386 1859 impotenS,
3420 1782 3634 1842 caeteri
3677 1800 3791 1860 pro
3834 1782 3979 1860 ipso

2429 1878 2734 1953 cogentur
2760 1875 3024 1951 solvere,
3059 1879 3129 1936 ut
3178 1878 3422 1935 constat
3471 1893 3546 1934 ex
3593 1875 3981 1937 Anthentico

2428 1967 2498 2027 de
2526 1966 2744 2027 duobus
2772 1968 2908 2029 reiS.
2944 1968 3006 2029 Si
3042 1987 3188 2028 vero
3213 1967 3358 2026 huic
3388 1966 3716 2045 privilegio
3746 1968 3808 2026 in
3840 1968 3980 2046 ipsa

2431 2060 2813 2137 obligatione
2850 2062 3373 2136 renuntiaverint,
3416 2061 3645 2140 singuli
3681 2066 3986 2140 poterunt

2431 2153 2494 2213 in
2523 2153 2789 2214 solidum
2811 2154 3151 2230 conveniri,
3187 2153 3292 2213 ubi
3313 2154 3504 2214 etiam
3519 2152 3624 2233 jus
3640 2171 3978 2214 commune

2432 2250 2738 2321 servatur,
2774 2246 3000 2307 alicubi
3033 2247 3200 2306 enim
3229 2245 3605 2307 Authentico
3655 2247 3742 2307 illi
3789 2247 3974 2307 dero-

2432 2340 2649 2416 gatum
2706 2345 2821 2414 est,
2882 2344 2950 2398 ut
2994 2343 3259 2400 testatur
3312 2339 3546 2399 Molina
3601 2339 3763 2418 disp.
3824 2343 3972 2401 542.

2433 2431 2489 2508 ἓ.
2523 2430 2631 2490 Ea:
2658 2431 2770 2490 alio
2800 2440 3010 2491 tamen.
3041 2432 3343 2511 Denique,
3378 2432 3429 2491 si
3458 2450 3620 2492 unus
3661 2433 3830 2492 solus
3881 2437 3981 2494 to-

2435 2528 2569 2584 tum
2599 2524 2801 2600 solvit,
2836 2525 3203 2585 conceditur
3230 2525 3286 2585 ei
3317 2525 3479 2585 actio
3513 2525 3813 2586 adversus
3843 2543 3981 2585 cor-

2437 2635 2598 2692 reoS,
2634 2621 2703 2678 ut
2730 2617 2793 2677 id
2811 2617 2928 2678 sibi
2956 2618 3222 2693 solvant,
3255 2619 3298 2678 l.
3326 2634 3395 2678 11.
3416 2620 3482 2678 C.
3503 2615 3808 2677 detinebas
3836 2618 3977 2692 reis,

2438 2728 2499 2768 v.
2534 2729 2595 2786 g.
2632 2710 2681 2769 si
2713 2714 2841 2770 tres
2871 2710 3187 2770 debebant
3210 2713 3309 2771 30.
3343 2713 3404 2770 ct
3434 2728 3595 2770 unus
3625 2715 3826 2771 totum
3868 2711 3985 2771 de·

2439 2801 2640 2863 bitum
2670 2802 2873 2877 solvit,
2908 2802 3136 2881 poterit
3163 2822 3202 2863 a
3231 2802 3412 2863 sociis
3440 2806 3540 2864 20.
3576 2807 3809 2881 petere.
3843 2806 3984 2863 Non

2439 2897 2651 2955 tamen
2681 2894 2885 2972 placet
2914 2896 3080 2974 quod
3109 2896 3341 2957 Molina
3358 2896 3506 2956 dict.
3541 2895 3702 2974 disp.
3734 2900 3873 2957 542.
3911 2896 3979 2955 in

2442 2987 2564 3048 fine
2613 2987 2762 3048 dicit
2806 3007 2949 3049 cum
3004 2990 3217 3049 Glossa
3265 2990 3329 3048 in
3384 2990 3553 3050 dicta
3596 2990 3641 3048 l.
3681 2987 3982 3063 Creditur,

2443 3099 2624 3159 posse
2655 3080 2760 3159 qui
2789 3083 2867 3141 30
2896 3081 3101 3156 solvit,
3133 3081 3214 3141 ab
3242 3099 3623 3161 unoquoque
3663 3081 3982 3140 sociorum

2445 3178 2655 3252 petere
2686 3176 2784 3236 20.
2847 3173 3032 3235 credo
3081 3174 3269 3251 enim,
3332 3175 3502 3254 quod
3541 3174 3743 3235 solum
3772 3179 3988 3253 posset

2444 3271 2655 3347 petere
2690 3270 2784 3329 ¹5.
2820 3285 2943 3328 non
2976 3267 3142 3326 enim
3173 3271 3268 3327 est
3295 3267 3497 3347 major
3523 3267 3704 3343 ratic,
3739 3285 3854 3328 cur
3881 3269 3984 3327 ille

2447 3379 2485 3420 a
2514 3378 2636 3439 quo
2668 3361 2920 3438 petitur,
2955 3359 3186 3421 debeat
3224 3360 3465 3420 solvere
3503 3366 3746 3439 partem
3788 3361 3983 3437 tertii,

2449 3472 2638 3533 quam
2668 3452 2800 3531 ipse
2831 3453 2936 3531 qui
2967 3452 3142 3530 petit,
3188 3471 3332 3513 curn
3375 3453 3598 3532 singuli
3642 3453 3764 3513 sint
3807 3453 3984 3533 quasi

2449 3546 2528 3605 ad
2557 3546 2823 3606 invicem
2853 3545 3255 3625 fidejussores
3285 3564 3398 3624 pro
3429 3546 3642 3620 sociis;
3677 3565 3894 3626 quare,
3929 3545 3981 3606 si

2450 3638 2763 3699 secundus
2790 3639 2976 3700 solvit
3003 3639 3244 3717 integre
3262 3658 3375 3719 pro
3405 3640 3610 3716 tertio,
3635 3644 3846 3719 posset
3888 3658 3990 3698 re-

2452 3732 2785 3792 convenire
2831 3732 3104 3809 primum
3146 3749 3257 3809 pro
3314 3736 3492 3811 parte
3545 3732 3750 3804 tertii;
3799 3732 3990 3793 debet
4215 3704 4217 3833 ἱ

2454 3841 2601 3903 ergo
2634 3842 2778 3901 pars
2805 3823 2909 3884 illa
2936 3824 3099 3884 inter
3128 3827 3465 3903 utrumque
3496 3824 3687 3884 dividi
3727 3844 3741 3884 :
3799 3830 3861 3885 et
3899 3826 3988 3885 ita
4215 3872 4217 3899 ,

2454 3916 2635 3978 fateri
2663 3916 2909 3977 videtur
2937 3921 3155 3995 postea
3178 3917 3347 3977 idem
3375 3918 3587 3979 Molin.
3641 3917 3802 3996 disp.
3844 3921 3984 3977 544.
4215 3906 4217 3953 Ι

2455 4010 2511 4088 ἓ.
2544 4010 2888 4070 secundum
2917 4013 3030 4070 est.

1509 3751 1565 3826 g.
1598 3753 1658 3811 2.

950 4010 1164 4074 Utrum
1190 4012 1411 4093 sinyuli
1444 4011 1812 4094 fidejussores
1838 4025 2141 4078 teneantur
2166 4018 2222 4077 in

1446 4119 1716 4187 solidum,
2534 4105 2666 4163 Hoc
2695 4102 3037 4181 supposito,
3070 4102 3249 4163 facile
3271 4103 3405 4183 jam
3427 4103 3794 4182 explicatur,
3830 4102 3988 4183 quid
4133 4125 4196 4182 {5

2458 4197 2796 4303 dicendum
2839 4196 2918 4256 sit
2946 4196 3024 4257 de
3056 4196 3299 4301 duobus
3323 4242 3338 4273 ,
3390 4197 3490 4256 vel
3520 4197 3803 4302 pluribus
3828 4196 3989 4301 fide-
4040 4250 4104 4292 Μ
4127 4248 4217 4302 qua,

3831 4310 3859 4349 S
3953 4323 3986 4337 -υ
4141 4310 4195 4342 tm·
4214 4312 4217 4341 Ι

584 4404 658 4464 15
911 4375 1404 4454 Supponendum
1434 4379 1548 4455 est,
1569 4380 1820 4458 quando
1852 4381 1974 4442 duo
1996 4382 2092 4441 vel
2123 4381 2356 4460 plureS,
2458 4290 2969 4445 iluusfflgdjnlxsenffil
2988 4290 3993 4461 pgscsilnutgffldgnsilrssgslilnglsslitgrlt·
4040 4315 4217 4464 :ki

832 4471 901 4528 ιιι
933 4467 1246 4529 debitores
1276 4470 1647 4549 principales
1676 4492 1740 4532 se
1799 4474 1909 4534 tibi
1952 4474 2234 4553 obligant
2280 4476 2360 4536 ad
2462 4494 2672 4556 presse
2702 4495 2811 4554 pro
2846 4480 3025 4555 parte
3049 4495 3114 4536 se
3145 4476 3540 4555 obligarunt,
3576 4495 3688 4554 pro
3716 4476 3816 4536 illa
3843 4476 3984 4536 sota
4067 4460 4217 4518 5⁸³¹*

485 4531 651 4583 Quando
680 4528 782 4592 plu·-

486 4584 684 4647 mgna
707 4585 783 4646 ?11·
833 4561 1066 4640 aliquid
1090 4561 1366 4622 dandum
1399 4565 1497 4624 vel
1514 4564 1893 4643 faciendum,
1926 4567 2030 4645 qui
2062 4568 2359 4647 appellari
2462 4569 2782 4631 conveniri
2825 4575 3086 4649 possunt
3117 4588 3130 4628 :
3180 4569 3228 4629 si
3261 4574 3472 4630 autem
3512 4569 3741 4649 singuli
3768 4574 3828 4629 et
3851 4587 3994 4629 om-

485 4636 780 4747 gffiiffibi'ssid
830 4655 1032 4715 solent
1050 4655 1250 4735 plures
1275 4656 1366 4716 rei
1384 4658 1781 4737 promittendi,
1816 4659 1914 4719 vel
1942 4659 2199 4737 debendi,
2233 4660 2363 4721 sin·
2463 4682 2573 4723 nes
2619 4681 2732 4742 pro
2763 4662 3030 4723 indiviso
3071 4681 3135 4722 se
3168 4661 3563 4741 obligarunt,
3623 4662 3751 4722 sive
3790 4662 3996 4739 expri-

525 4749 740 4787 teneantur

829 4749 1030 4829 gulos,
1065 4750 1180 4810 nisi
1226 4750 1393 4810 aliud
1435 4752 1839 4829 exprimatur,
1889 4772 2010 4813 non
2051 4755 2249 4815 teneri
2279 4756 2359 4816 ad

826 4846 1027 4904 totum
1057 4844 1167 4903 sed
1197 4843 1274 4903 ad
1325 4848 1589 4922 partem,
1624 4845 1722 4904 vel
1778 4844 2101 4906 dimidiam
2147 4847 2195 4907 si
2238 4848 2363 4909 sint

828 4936 975 5013 duc,
1008 4937 1106 4998 vel
1136 4937 1382 4999 tertiam
1411 4938 1462 4997 si
1493 4937 1615 4998 sint
1641 4941 1783 5014 treS,
1819 4942 1882 4999 et
1920 4939 2008 4999 sic
2064 4940 2142 5000 de
2199 4941 2356 5018 aliis,

2461 4756 2715 4833 mendo,
2750 4756 2991 4836 Sz'nquli
3013 4755 3074 4815 in
3101 4755 3387 4830 solidum,
3441 4755 3571 4816 sive
3620 4773 3741 4817 non
3785 4755 3997 4833 expri-

2462 4850 2690 4911 mendo
2714 4896 2729 4926 ,
2780 4848 3008 4928 singuli
3055 4849 3118 4907 in
3148 4847 3416 4909 solidum
3446 4867 3482 4908 a
3512 4848 3810 4909 creditore
3838 4865 3995 4907 con-

2460 4943 2657 5004 veniri
2684 4945 2973 5022 poterant
2998 4942 3075 5001 de
3095 4941 3238 5020 jure
3268 4941 3602 5021 antiquiori
3629 4961 3646 5014 ς
3678 4939 3990 5001 beneficio

824 5030 867 5091 l.
926 5050 1075 5106 reos,
1137 5031 1189 5111 g.
1256 5030 1403 5092 Cum
1461 5030 1690 5107 tabulis,
1727 5034 1790 5092 ff.
1851 5030 1920 5091 de
1973 5031 2192 5092 duobus
2220 5034 2354 5096 reis.
2460 5040 2671 5096 tamen
2711 5034 2966 5096 Adriani
3024 5034 3424 5112 imperatoris
3466 5051 3825 5094 concessum
3860 5038 3989 5108 est,

824 5124 1003 5186 Unde
1034 5125 1087 5184 si
1106 5125 1523 5184 unusillorum
1541 5143 1665 5185 non
1688 5129 1934 5203 poterat
1964 5145 2028 5186 se
2052 5128 2353 5206 obligare,

824 5217 922 5277 vel
954 5217 1265 5295 obligatus
1286 5217 1404 5278 fuit
1433 5219 1635 5278 solum
1664 5219 1780 5278 sub
1812 5220 2169 5280 conditione
2218 5241 2358 5300 quaa

823 5328 948 5371 non
978 5314 1071 5371 est
1124 5310 1323 5387 posita
1353 5330 1366 5383 ;
1428 5310 1640 5371 caeteri
1698 5329 1821 5371 non
1875 5317 2169 5373 tenentur
2222 5314 2356 5393 ejus

821 5406 1066 5482 partem
1096 5402 1357 5473 solvere,
1390 5403 1431 5464 l.
1489 5403 1565 5463 Si
1600 5403 1761 5464 mihi.
1815 5414 1869 5464 ec
1933 5405 2104 5479 Titio,
2169 5409 2227 5468 ff.
2291 5406 2360 5467 de

819 5497 1123 5557 verborum
1151 5494 1392 5575 obliqat.
1427 5496 1540 5556 nisi
1571 5515 1670 5557 res
1699 5497 2005 5577 promissa
2032 5498 2358 5561 individua

2461 5133 2530 5190 ut
2558 5128 2820 5208 quilibet
2847 5128 3132 5206 excipere
3164 5127 3361 5204 possit
3389 5126 3690 5186 adversus
3719 5125 3994 5186 credito-

2459 5240 2592 5282 rem
2613 5267 2628 5298 ,
2679 5226 2748 5283 ut
2798 5221 3129 5281 conveniat
3158 5220 3350 5280 etiam
3380 5219 3535 5280 alios
3564 5218 3988 5298 fidejussoroe‚

2458 5313 2509 5374 si
2539 5313 2839 5374 solvendo
2869 5314 3029 5389 sint,
3082 5316 3154 5375 ut
3179 5317 3424 5375 constat
3461 5331 3536 5372 ex
3577 5313 3634 5390 ἓ.
3667 5310 3988 5393 Εἰρὶεινεε,

2457 5408 2657 5469 Instit.
2699 5406 2769 5467 de
2793 5406 3138 5488 fidejussor.
3185 5407 3226 5479 l,
3261 5405 3398 5467 Non
3428 5413 3601 5481 recte,
3650 5407 3714 5466 C.
3746 5403 3812 5464 de
3832 5402 3992 5484 fide-

2453 5500 2597 5576 jusS.
2632 5505 2696 5564 et
2721 5500 2880 5562 aliis.
2915 5503 3103 5565 Notat
3137 5503 3349 5562 autem
3375 5500 3538 5562 bene
3567 5498 3785 5561 Molina
3810 5496 3984 5577 disp.
