4263 6376
1075 317 1547 380 DISPUTATIO
1591 317 1809 394 XXXI,
1864 315 2138 379 SECTIO
2183 318 2257 378 11.

3130 321 3242 381 511

158 510 279 582 das,
308 503 517 564 nullam
551 498 682 559 fieri
712 496 1313 576 compensationem.
1365 498 1619 558 Certum
1719 492 2083 569 donaturuS,
2143 496 2332 571 atque
2387 492 2527 554 ideo
2577 493 2766 555 ditior
2820 513 2946 556 non
2997 495 3197 556 iaetus
3229 515 3244 557 ε

157 602 309 662 etiam
333 596 589 668 videtur,
638 592 691 651 si
720 609 846 651 non
876 589 1102 669 perdas
1132 607 1274 650 cum
1306 589 1527 650 eodem
1555 587 1618 647 in
1714 590 1865 648 tuuc
1896 586 2063 646 enim
2084 587 2265 664 juxta
2293 586 2578 664 regulam
2607 588 2964 665 generalem
2998 588 3075 648 de
3106 605 3252 668 pos-

156 692 335 754 eodem
360 687 514 761 lude,
548 684 652 745 sed
686 683 803 742 alia
837 683 959 755 die,
996 702 1057 743 v.
1091 701 1187 761 gr.
1221 686 1281 743 te
1313 700 1436 742 non
1464 680 1621 741 libe-

1720 696 1960 739 sessore
1990 679 2172 740 bonae
2217 678 2365 739 fidei
2410 698 2533 741 non
2580 681 2895 742 tenebitur
2931 699 3068 743 eam
3106 699 3250 760 par-

154 785 252 845 rari
277 803 308 842 a
332 777 698 841 restitutione
729 776 1018 837 facienda
1050 795 1063 837 :
1115 775 1261 854 quia
1307 774 1408 835 hie
1436 773 1622 834 ludus
1717 777 1846 833 tem
1876 771 2225 833 restituere.

155 874 417 937 secundus
464 874 553 932 est
598 870 755 930 alius
786 873 1145 930 contractus
1175 868 1457 928 diversus
1483 912 1499 943 ,
1558 865 1620 925 in

155 987 253 1048 quo
278 968 366 1027 ille
392 965 540 1026 alius
559 962 726 1043 juste
755 962 1037 1023 lucratur
1060 1008 1075 1039 ‚
1124 966 1188 1023 et
1233 980 1307 1022 ex
1354 960 1417 1021 vi
1445 958 1624 1039 cujus

155 1061 311 1120 debes
349 1058 572 1118 solvere
618 1073 855 1116 novum
902 1054 1180 1116 debitum
1234 1075 1249 1116 ε
1307 1072 1433 1114 000
1476 1069 1623 1130 ergo

154 1156 321 1232 potest
356 1148 623 1211 satisfieri
677 1148 862 1208 unica
918 1146 1224 1208 solutione
1254 1145 1486 1225 duplici
1517 1146 1627 1205 de-

154 1246 257 1307 bito
283 1243 524 1304 diverso,
572 1241 918 1301 Difficultas
947 1245 1040 1302 est
1062 1287 1077 1317 ‚
1139 1239 1390 1319 quando
1432 1239 1495 1298 in
1526 1255 1626 1299 eo-

153 1339 268 1398 dem
308 1336 439 1397 ludo
481 1334 689 1414 perdis
746 1352 890 1394 cum
939 1333 1161 1394 eodem
1216 1332 1281 1392 id
1323 1330 1489 1411 quod
1516 1349 1629 1410 per

152 1427 618 1506 fraudaminjuste
634 1425 914 1487 lucratus
935 1426 1431 1486 fueraS.A1-milla
1449 1423 1623 1484 verb.

153 1522 305 1598 ludus,
334 1539 491 1582 num.
523 1525 582 1580 7.
618 1525 811 1599 negat
840 1537 974 1579 esse
1006 1518 1273 1596 amplius
1303 1517 1631 1596 obligatio-

152 1635 268 1675 nem
293 1612 678 1689 restituendi,
714 1613 861 1692 quia
890 1612 1134 1672 lucrum
1165 1610 1391 1672 dicitur
1414 1656 1429 1685 ,
1463 1608 1633 1688 quod

153 1707 201 1766 in
225 1708 330 1765 line
370 1704 494 1764 ludi
520 1708 881 1784 reportatur
903 1751 919 1780 ,
979 1703 1145 1782 quod
1176 1703 1458 1764 Sanchez
1487 1700 1637 1778 dicit

151 1797 426 1878 probabile
466 1796 616 1858 dub.
649 1813 779 1857 xix.
831 1815 1002 1857 num.
1037 1799 1097 1856 5.
1134 1800 1196 1856 et
1221 1796 1469 1875 placere
1499 1793 1635 1854 aliis

150 1891 272 1950 viris
296 1889 499 1950 doctis,
534 1889 935 1950 Contrarium
956 1893 1166 1950 tamen
1188 1889 1399 1949 verius
1428 1892 1541 1964 est,
1568 1892 1638 1948 ut

150 1986 343 2044 fatetur
365 1982 525 2041 idem
550 1982 835 2043 Sanchez
867 2000 1008 2042 cum
1042 1981 1198 2043 aliis,
1227 1982 1404 2043 Ratio
1427 1987 1637 2042 autem

151 2082 240 2151 est,
262 2075 391 2154 quia
409 2074 667 2152 singulae
686 2079 885 2135 sortes
910 2079 971 2134 et
1000 2074 1473 2134 commissiones
1490 2076 1639 2135 sunt

149 2168 342 2228 diversi
393 2172 747 2228 contractus
815 2166 1311 2244 independentes
1353 2184 1639 2246 apraecc-

149 2260 397 2320 dentibus
421 2306 435 2335 ,
490 2260 552 2318 in
605 2258 833 2339 quibus
881 2258 1087 2319 denuo
1117 2263 1387 2337 uterque
1417 2259 1638 2319 ludens

146 2354 286 2414 subit
310 2371 529 2414 novum
560 2352 949 2431 periculum;
1003 2370 1198 2430 quare
1245 2351 1347 2412 ille
1378 2352 1477 2412 cui
1500 2352 1637 2431 jam

147 2446 384 2506 debebas
429 2466 503 2506 ex
548 2444 781 2505 delicto
812 2445 1140 2505 restituere
1164 2491 1179 2521 ‚
1231 2444 1498 2523 acquirit
1526 2462 1639 2504 no-

146 2558 267 2598 vum
285 2539 380 2619 jus
406 2538 691 2600 lucrandi
716 2584 733 2616 ,
769 2542 832 2598 et
858 2555 974 2616 per
1000 2555 1393 2617 consequens
1422 2538 1638 2617 acqui-

147 2631 295 2690 rendi
321 2630 549 2711 aliquid
582 2631 746 2691 ultra
786 2630 849 2689 id
879 2629 1047 2709 quod
1076 2630 1328 2691 aliunde
1358 2631 1414 2689 ei
1445 2630 1637 2689 debe-

144 2724 300 2784 batur
329 2745 342 2785 :
374 2724 652 2803 alioquin
680 2727 900 2801 postea
914 2729 1126 2801 posset
1154 2723 1355 2783 solum
1378 2723 1638 2801 perdere

145 2823 195 2877 et
218 2816 355 2877 nihil
383 2816 638 2892 lucrari,
671 2834 815 2877 cum
846 2817 1047 2876 solum
1077 2821 1287 2895 posset
1315 2817 1638 2896 acquirere

141 2927 342 2970 novum
369 2909 626 2970 titulum
654 2909 733 2967 ad
764 2908 826 2967 id
859 2908 1024 2988 quod
1049 2910 1184 2988 jam
1214 2908 1329 2969 sibi
1362 2909 1640 2969 debeba-

140 3006 242 3061 tur.
270 3002 702 3076 confirmatur,
737 3001 884 3079 quia
914 3000 961 3060 si
994 3001 1153 3060 elam
1182 3001 1531 3080 accepisses
1560 3001 1640 3062 ab

139 3109 201 3153 ee
221 3092 372 3154 inter
397 3093 745 3153 ludendum
775 3092 1051 3171 aliquam
1074 3093 1353 3171 pecuniae
1372 3100 1636 3171 partem,

139 3203 300 3265 quam
326 3193 543 3266 postea
587 3186 719 3266 ipse
749 3186 1100 3247 lucraretur
1124 3234 1138 3263 ,
1191 3206 1313 3247 non
1343 3186 1641 3247 liberare-

136 3279 205 3339 ris
229 3280 302 3341 ab
329 3280 715 3359 obligatione
735 3279 1102 3341 restituendi
1136 3279 1215 3340 ob
1235 3280 1468 3341 furtum
1487 3298 1641 3359 prae-

138 3373 380 3435 cedens:
428 3391 586 3452 ergo
633 3373 803 3433 idem
850 3372 1188 3433 dicendum
1241 3377 1335 3433 est
1389 3373 1450 3432 in
1493 3392 1642 3434 casu

136 3473 318 3529 nostro
347 3515 363 3545 ,
423 3466 600 3547 quod
656 3465 824 3527 enim
870 3484 984 3546 per
1010 3465 1297 3526 fraudem
1338 3466 1641 3528 abstulisti

134 3559 344 3622 furatus
370 3580 455 3639 es,
489 3565 557 3623 et
586 3560 775 3621 debet
799 3559 1040 3620 restitui
1062 3579 1077 3631 ;
1102 3577 1215 3619 000
1245 3559 1643 3638 potestunica

132 3653 408 3715 solutione
458 3654 699 3734 duplici
741 3653 988 3714 diverso
1020 3651 1230 3713 debito
1260 3653 1637 3714 satisfacere.

131 3748 283 3816 Quod
338 3753 550 3809 autem
613 3747 843 3807 dicitur
894 3748 1139 3808 lucrum
1209 3764 1345 3808 esse
1414 3747 1638 3824 solum,

129 3839 276 3916 quod
303 3844 518 3902 manet
545 3839 727 3900 finito
756 3838 906 3900 ludo
927 3887 943 3915 ,
980 3839 1170 3899 habet
1198 3840 1401 3900 solum
1429 3840 1644 3901 locum

128 3930 179 3989 in
205 3932 321 3993 filio
348 3934 656 4008 sammaa,
701 3931 810 4011 qui
839 3950 911 3991 ex
942 3948 1251 3992 consensu
1283 3932 1476 4010 patris
1506 3951 1646 3993 cen·

127 4030 278 4086 setur
318 4026 557 4087 habere
608 4025 970 4086 facultatem
1017 4024 1371 4102 exponendi
1416 4026 1645 4087 iterum

127 4115 254 4178 ludo
281 4119 551 4196 lucrum,
592 4118 793 4179 donec
824 4117 1078 4178 omnino
1110 4117 1497 4179 absolvatur.

192 4213 545 4274 Secundum
581 4211 842 4272 dubium
889 4216 1001 4287 est,
1034 4229 1115 4271 an
1146 4211 1252 4290 qui
1282 4211 1362 4271 ob
1391 4211 1643 4272 fraudes

127 4306 432 4381 praedictas
459 4306 795 4367 restituere
841 4304 1062 4380 debet,
1111 4304 1306 4383 possit
1347 4323 1421 4364 ex
1468 4305 1642 4366 lucro

127 4399 483 4461 restituendo
515 4399 869 4475 deducere,
918 4414 1057 4477 qaae
1088 4396 1263 4457 dedit
1298 4415 1410 4475 pro
1446 4397 1644 4458 lucer-

127 4492 221 4568 nis,
252 4512 361 4571 pro
392 4492 657 4567 chartiS,
692 4508 805 4571 pro
834 4490 1110 4551 bellariis
1131 4536 1147 4566 ,
1196 4495 1303 4551 aut
1340 4490 1643 4551 fructibus

127 4586 398 4647 saccharo
425 4584 736 4660 conditis,
798 4586 859 4644 et
913 4602 1053 4662 quae
1097 4582 1643 4645 circumstantibus

127 4678 373 4756 lonavit,
405 4678 585 4759 quod
613 4677 827 4738 Italiee
844 4676 1085 4737 dicetur
1099 4675 1346 4752 mancia,
1369 4676 1641 4754 Hispane

127 4788 245 4832 fero
274 4772 507 4849 beu-ato,
544 4789 623 4831 an
654 4789 803 4831 vero
831 4770 907 4830 iis
936 4787 1061 4829 000
1083 4768 1388 4845 deductiS,
1416 4768 1645 4830 debeat

127 4870 294 4925 otum
347 4867 606 4927 lucrum
669 4864 983 4943 integrum
1039 4862 1325 4923 solvere?
1385 4864 1471 4923 De
1522 4862 1642 4922 hoc

128 4963 291 5036 *gunt
316 4959 613 5034 Alcozer,
652 4961 839 5018 Perez
871 4962 932 5018 et
958 4958 993 5019 J
1001 4975 1059 5020 0.
1095 4955 1335 5032 Garzia,
1372 4973 1530 5035 quos
1561 4955 1647 5015 af·

127 5054 213 5112 ‘ert
240 5054 533 5114 Sanchez
586 5051 736 5112 dub.
768 5067 870 5111 xx.
905 5068 1047 5111 cum
1097 5049 1324 5129 quibus
1368 5049 1643 5110 breviter

127 5143 432 5206 licendum
462 5149 603 5221 est,
653 5144 959 5223 imprimis
1003 5162 1124 5203 000
1158 5162 1292 5204 esse
1323 5143 1638 5203 deducen-

127 5239 241 5299 lum
270 5240 333 5300 id
366 5239 551 5320 quod
580 5238 923 5299 liberaliter
952 5238 1211 5298 donavit
1230 5255 1305 5296 ex
1335 5236 1507 5297 lucro
1526 5236 1639 5297 cir-

128 5334 584 5409 :umstantibus,
618 5350 762 5393 cum
792 5349 975 5392 nemo
998 5350 1072 5391 ex
1097 5331 1322 5406 alieno,
1348 5330 1479 5390 sine
1498 5349 1642 5391 con-

128 5446 276 5487 ensu
308 5424 563 5488 domini
596 5425 832 5486 donare
879 5424 1104 5504 possit;
1138 5422 1256 5483 nisi
1286 5421 1443 5484 forte
1474 5422 1640 5483 bona

127 5520 212 5579 ide
230 5528 466 5601 putans
485 5519 738 5580 lucrum
760 5517 1023 5598 justum,
1048 5515 1327 5591 donavit,
1347 5515 1499 5575 alias
1515 5534 1639 5576 non

1800 866 1889 924 De
1918 863 2055 924 aliis
2082 882 2255 940 vero,
2290 883 2430 944 quae
2458 865 2538 926 ad
2567 871 2852 945 sumptus
2882 883 3248 928 communes

1722 956 1973 1033 dantur,
2004 962 2074 1019 ut
2099 957 2181 1018 ad
2211 958 2527 1034 candelas,
2559 958 2641 1019 ad
2670 960 2952 1038 chartaS,
2988 966 3051 1023 et
3079 960 3251 1021 simi-

1722 1050 1826 1126 lia,
1860 1050 2375 1129 distinguendum
2405 1057 2517 1114 est.
2553 1054 2699 1113 Haec
2729 1054 2890 1113 enim
2915 1053 3250 1134 aliquando

1724 1143 2120 1203 deducuntur
2159 1161 2231 1203 ex
2271 1146 2536 1223 pecunia
2574 1147 2893 1208 communi
2934 1148 2997 1207 in
3044 1147 3255 1226 aliqua

1724 1236 1855 1295 ludi
1900 1236 2337 1297 commissione
2381 1243 2722 1317 aggregata
2770 1258 3074 1302 consensu
3123 1258 3257 1302 om-

1725 1328 1897 1388 nium
1925 1329 2298 1405 ludentium,
2334 1337 2672 1410 antequam
2706 1333 2940 1394 sciatur
2969 1336 3146 1412 cujus
3166 1333 3257 1394 fu-

1725 1426 1867 1483 tura
1894 1422 1975 1482 sit
2007 1442 2020 1482 :
2054 1423 2392 1501 aliquando
2425 1442 2572 1484 vero
2601 1424 2775 1487 finito
2805 1427 2978 1505 ludo,
3011 1428 3261 1488 solvun-

1726 1521 1831 1577 tur
1856 1515 1935 1575 ab
1966 1534 2038 1575 eo
2070 1517 2173 1595 qui
2206 1515 2473 1578 luerates
2504 1523 2598 1578 est
2621 1565 2636 1594 ,
2693 1523 2756 1580 et
2797 1518 2915 1581 1100
2963 1520 3154 1581 etiam
3185 1538 3262 1579 ex

1730 1612 1909 1689 pacto
1939 1607 2238 1686 implicito
2269 1608 2432 1670 inter
2461 1610 2849 1673 colludentes
2871 1659 2887 1689 ,
2923 1613 3028 1693 qui
3058 1613 3264 1675 sciunt

1732 1719 2031 1780 expensas
2063 1700 2197 1760 illas
2229 1719 2303 1760 ex
2330 1702 2504 1762 lucro
2526 1701 2878 1781 solvendas,
2894 1706 2994 1766 vel
3012 1706 3264 1765 nemine

1728 1793 2034 1868 lucrante,
2092 1813 2166 1852 ex
2225 1794 2684 1857 contributione
2727 1797 3141 1876 singulorum.
3191 1799 3261 1858 ln

1731 1887 1933 1966 primo
1963 1904 2109 1946 casu
2135 1932 2151 1963 ,
2185 1887 2352 1966 quod
2383 1889 2703 1948 communi
2730 1908 3036 1952 consensu
3065 1891 3263 1952 dedu-

1734 1985 1903 2041 ctum
1934 1984 2028 2038 est
2055 1996 2129 2038 ex
2161 1979 2600 2040 commissione
2630 1982 2734 2042 illa
2761 1985 3116 2061 communi,
3151 2001 3263 2044 an-

1732 2077 1987 2151 tequam
2017 2071 2242 2150 aliquis
2270 2090 2410 2131 eam
2436 2071 2715 2135 lucratus
2744 2081 2927 2153 esset,
2950 2076 3264 2137 deducen-

1734 2167 1883 2226 dum
1901 2171 2081 2224 estex
2105 2165 2494 2227 restitutione
2520 2167 2826 2243 facienda,
2845 2187 2986 2228 cum
3009 2169 3070 2229 id
3094 2186 3267 2230 com-

1734 2257 1907 2317 muni
1963 2256 2361 2318 dominorum
2417 2277 2721 2320 consensu
2783 2261 2999 2322 datum
3053 2263 3262 2338 fuerit,

1736 2355 2073 2428 antequam
2148 2351 2318 2411 fraus
2388 2351 2597 2431 aliqua
2665 2353 3099 2416 intercederet.
3175 2355 3268 2417 lta

1738 2443 1966 2505 Sanch.
2003 2462 2063 2502 0.
2102 2446 2156 2502 1.
2192 2442 2432 2522 indiget
2458 2451 2667 2506 tamen
2693 2492 2708 2521 ,
2744 2446 2802 2506 ni
2833 2447 3033 2524 fallor,
3068 2449 3266 2528 expli·-

1736 2535 1979 2597 catione
2008 2534 2108 2595 vel
2146 2535 2536 2599 limitatione.
2584 2538 2924 2617 Dupliciter
2965 2542 3131 2600 enim
3173 2543 3270 2601 in-

1735 2629 1929 2707 telligi
1959 2632 2166 2707 potest
2199 2630 2509 2691 restitutio
2549 2631 2856 2693 facienda.
2909 2634 3119 2695 Primo
3145 2682 3159 2711 ,
3199 2640 3271 2697 ut

1737 2722 1997 2800 decepto
2029 2721 2334 2782 debeatur
2359 2725 2490 2783 tota
2517 2722 2623 2783 illa
2652 2743 2900 2785 summa
2931 2746 3070 2806 quae
3103 2743 3269 2788 com-

1737 2815 1927 2875 missa
1981 2814 2206 2890 fuerat,
2266 2831 2338 2874 eo
2394 2815 2564 2894 quod
2621 2817 2863 2877 seclusa
2900 2820 3121 2880 fraude
3166 2822 3269 2881 ille

1737 2906 1955 2967 fuisset
1980 2924 2119 2966 eam
2146 2906 2501 2968 lucraturus
2534 2927 2549 2967 ε
2585 2912 2646 2969 et
2666 2913 2814 2970 tunc
2828 2914 2960 2971 tota
2974 2912 3078 2971 illa
3101 2930 3272 2973 sum-

1739 3019 1843 3060 ma
1871 2999 2107 3061 restitui
2139 3000 2328 3060 debet
2355 3000 2625 3062 deducta
2651 3008 2826 3080 parte
2849 3023 2988 3084 quae
3011 3023 3085 3064 ex
3106 3023 3272 3066 com-

1740 3093 1913 3154 muni
1951 3112 2257 3155 consensu
2306 3099 2581 3155 extracta
2624 3097 2859 3170 suerat;
2911 3098 3056 3177 quia
3095 3099 3273 3174 ⁸illam

1739 3193 1982 3268 partem
2014 3206 2139 3248 non
2160 3186 2503 3264 habuisset,
2530 3187 2771 3250 etiamsi
2793 3192 3035 3252 seclusa
3053 3193 3274 3254 fraude

1739 3282 2015 3341 lucratus
2044 3280 2264 3341 fuisset
2289 3328 2303 3356 ,
2339 3299 2481 3341 cum
2505 3280 2639 3360 jam
2668 3282 2840 3361 prius
2869 3290 3144 3346 extracta
3175 3304 3274 3347 es-

1740 3379 1855 3435 set.
1892 3373 2178 3434 Secundo
2209 3372 2569 3451 contingere
2599 3380 2823 3453 potest,
2858 3380 2946 3453 ut,
2981 3378 3129 3457 quia
3158 3377 3274 3440 du-

1742 3465 1916 3526 bium
1973 3471 2086 3541 est,
2135 3465 2274 3543 quis
2324 3465 2543 3526 fuisset
2595 3466 2980 3546 lucraturus,
3031 3472 3274 3533 seclusa

1742 3558 1982 3634 fraude,
2016 3575 2139 3618 1100
2170 3558 2248 3618 sit
2275 3559 2664 3619 restituenda
2692 3564 2824 3621 tota
2846 3561 2951 3622 illa
2981 3565 3274 3625 commis-

1741 3650 1931 3712 sionis
1960 3669 2225 3726 summa,
2260 3649 2370 3711 sed
2398 3653 2529 3712 sola
2556 3671 2723 3732 parS,
2758 3672 2947 3732 quam
2978 3656 3057 3717 ob
3100 3658 3272 3718 frau-

1745 3744 1888 3804 dem
1911 3744 2149 3805 illatam
2178 3744 2452 3823 perdidit
2484 3765 2497 3806 :
2532 3750 2594 3805 et
2621 3752 2768 3806 tunc
2816 3766 2938 3809 non
2983 3749 3171 3812 debet
3199 3768 3273 3811 ex

1743 3838 1862 3898 hac
1890 3841 2066 3917 parte
2095 3837 2479 3898 restituenda
2504 3837 2731 3900 deduci
2762 3839 2823 3900 id
2854 3844 3077 3920 totum,
3105 3843 3274 3922 quod

1744 3949 1820 3991 ex
1848 3929 2166 3990 communi
2196 3948 2403 3990 massa
2432 3933 2776 3993 extractum
2809 3933 3159 4012 fuerat,sed
3175 3956 3277 3998 so-

1744 4024 1872 4084 lum
1902 4041 2012 4103 pro
2042 4026 2180 4083 rata
2208 4022 2434 4101 partis,
2470 4042 2659 4103 quam
2689 4024 2767 4086 ad
2798 4045 3069 4088 massam
3101 4048 3277 4092 com-

1743 4116 1999 4176 missam
2064 4116 2492 4177 contribuerat
2544 4117 2618 4195 is„
2677 4119 2779 4179 cui
2835 4137 2980 4198 pars
3034 4124 3273 4185 restitui

1744 4209 1932 4271 debet
1959 4228 1973 4283 ;
2034 4208 2182 4288 quia
2234 4227 2376 4269 cum
2424 4228 2698 4289 expensa
2737 4211 2904 4273 facta
2957 4215 3146 4278 fuerit
3199 4234 3276 4278 ex

1744 4302 2057 4363 communi
2090 4302 2368 4363 omnium
2397 4304 2697 4382 pecunia,
2751 4324 2876 4366 non
2919 4313 3125 4387 potest
3164 4328 3279 4389 po·-

1743 4400 1876 4457 stea
1913 4396 2017 4455 uni
2066 4395 2179 4456 soli
2228 4395 2463 4474 imponi
2506 4416 2662 4459 onus
2709 4403 2910 4461 totum
2956 4408 3276 4481 sumptum

1743 4488 2047 4549 solvendi.

1824 4583 1890 4642 In
1920 4581 2196 4643 seeundo
2225 4585 2437 4643 autem
2483 4600 2630 4644 casu
2656 4630 2672 4662 ,
2725 4590 2941 4664 postea
2985 4606 3062 4648 ex
3102 4589 3275 4651 lucro

1742 4674 2068 4736 solvuntur
2095 4694 2457 4736 communes
2487 4676 2608 4737 illae
2639 4696 2925 4756 expensas
2955 4681 3036 4741 ab
3065 4699 3138 4744 00
3169 4683 3272 4762 qui

1741 4767 2017 4829 lucratus
2048 4773 2161 4845 est,
2196 4769 2366 4848 quod
2401 4770 2604 4831 rarius
2629 4770 2764 4831 fieri
2794 4773 2989 4849 solet,
3023 4781 3278 4854 propter

1743 4861 2139 4924 difficultates
2166 4862 2530 4923 verificandi
2556 4864 2799 4924 lucrum
2818 4911 2834 4941 ,
2869 4869 2931 4927 et
2958 4867 3274 4929 dividendi

1743 4955 2067 5034 aequaliter
2112 4973 2416 5034 expensas
2479 4956 2641 5017 inter
2684 4961 2811 5018 tres
2866 4959 2963 5020 vel
3010 4966 3277 5039 quatuor

1741 5048 1999 5109 fortasse
2024 5095 2039 5125 ‚
2093 5047 2198 5127 qui
2229 5048 2619 5128 inaequaliter
2647 5050 2867 5113 lucrati
2897 5058 3041 5114 sunt
3072 5074 3085 5114 ε
3129 5059 3277 5116 tune

1739 5145 1973 5218 tamen,
2008 5141 2260 5221 quando
2292 5141 2378 5202 ita
2404 5143 2603 5219 fieret,
2624 5142 2685 5202 id
2715 5144 2921 5205 minus
2950 5145 3276 5208 restituen-

1741 5236 1892 5296 dum
1923 5238 2085 5295 esset
2113 5234 2397 5312 decepto,
2416 5239 2477 5296 et
2506 5234 2942 5298 deducendum
2973 5258 3048 5298 ex
3075 5241 3270 5316 lucro;

1740 5347 1864 5389 non
1890 5331 2099 5389 tamen
2129 5333 2351 5390 totum.
2389 5328 2593 5389 Primo
2625 5329 2772 5408 quia
2797 5330 2850 5390 si
2879 5336 3079 5394 totum
3101 5335 3277 5396 exlu-

1740 5440 1846 5481 cro
1876 5420 1980 5481 illo
2008 5420 2240 5501 injusto
2288 5422 2741 5498 deduceretur,
2802 5430 3133 5503 cogeretur
3175 5429 3274 5489 ille

1738 5515 1896 5576 alius
1924 5515 2024 5575 cui
2054 5515 2361 5577 restitutio
2391 5515 2678 5577 facienda
2699 5521 2812 5595 est,
2837 5518 3078 5580 solvere
3109 5522 3276 5583 solus

3395 879 3468 939 41
