4263 6376
1241 313 1713 375 DISPUTATIO
1756 311 1974 388 xxlv,

219 492 440 574 aliqmd
461 493 975 575 essesuperfluum,
998 493 1115 553 etc.
1148 487 1591 568 conjungenda
1617 505 1751 548 esse

222 604 354 648 cum
383 586 752 648 immediate
779 583 1308 666 praecedentibuS,
1349 581 1460 643 sed
1487 580 1756 660 legenda

220 698 356 740 cum
382 679 810 756 distinctione,
844 685 908 741 et
934 683 1003 739 ut
1031 676 1374 738 clausulam
1404 679 1467 737 et
1494 692 1751 752 respon-

220 791 352 833 sum
392 772 718 833 diversum
752 793 765 834 :
814 773 961 852 quia
1002 771 1051 832 si
1082 788 1225 831 cum
1254 767 1755 847 praecedentibus

222 865 702 945 conjungantur,
736 869 800 926 et
835 865 959 926 sint
984 862 1260 924 secunda
1289 860 1595 941 exceptio,
1629 878 1755 920 non

221 963 470 1039 possunt
487 958 712 1020 facere
733 975 1081 1036 congruum
1111 972 1363 1016 sensum
1391 953 1502 1014 sed
1536 953 1757 1014 absur-

224 1052 539 1112 dissimum
559 1098 575 1129 ‚
631 1055 699 1113 et
744 1050 1129 1112 contrarium
1187 1048 1376 1109 etiam
1430 1045 1754 1108 sententiae

224 1143 748 1220 adversariorum,
785 1148 853 1205 ut
876 1143 1167 1203 vidimus.
1228 1140 1427 1203 Unica
1471 1158 1622 1218 ergo
1652 1157 1758 1198 ex-

225 1238 414 1317 ceptio
446 1237 581 1297 sola
612 1237 903 1315 ponitur,
935 1236 995 1295 in
1027 1253 1151 1315 qua
1184 1234 1349 1295 facto
1378 1233 1583 1311 legato
1614 1250 1756 1292 cum

224 1330 564 1408 ignorantia
612 1329 821 1389 haeres
863 1328 1089 1390 debeat
1134 1327 1375 1387 solvere
1405 1330 1468 1386 et
1491 1324 1756 1385 liberare

223 1423 467 1502 pignus,
520 1440 755 1501 nempe
802 1421 1052 1501 quando
1096 1425 1348 1499 propter
1374 1417 1757 1497 conjunctio-

223 1533 355 1574 nem
383 1532 669 1593 personae
721 1518 984 1576 testator
1035 1512 1312 1574 creditur
1363 1511 1757 1573 tantumdem

225 1608 400 1668 fuisse
427 1607 767 1668 relicturus
782 1606 1068 1668 conscius
1081 1604 1498 1684 obligationis,
1537 1606 1759 1665 Postea

225 1719 362 1762 vero
391 1699 700 1778 Ulpianus
750 1699 1047 1778 proponit
1075 1698 1367 1759 eumdem
1395 1716 1611 1758 casum
1639 1697 1756 1756 sub

224 1793 339 1855 alia
381 1792 900 1868 circumstantia,
951 1792 1130 1872 quasi
1174 1791 1387 1854 dicat:
1421 1793 1756 1870 Hucusque

226 1886 448 1948 dictum
494 1891 628 1962 est,
685 1885 942 1965 quando
979 1904 1081 1945 res
1129 1889 1266 1946 erat
1312 1883 1592 1962 obligata
1641 1901 1754 1964 pro

227 1979 433 2059 aequali
450 1979 669 2040 valore
691 1996 705 2043 :
731 1981 1165 2058 potestantem
1195 1977 1557 2057 contingere
1586 1978 1754 2056 quod

226 2073 525 2133 nesciente
555 2072 754 2133 etiam
775 2059 1071 2133 testatore
1098 2070 1180 2131 sit
1198 2070 1470 2149 obligata
1500 2089 1611 2149 pro
1641 2070 1758 2132 mi-

234 2164 357 2226 nori
386 2164 627 2242 valore,
663 2164 754 2226 ita
782 2169 872 2240 ut,
903 2164 1105 2225 soluto
1127 2182 1251 2224 aere
1288 2163 1515 2240 alienu,
1548 2164 1757 2225 adhuc

227 2257 444 2337 aliquid
470 2257 635 2318 lucri
666 2260 1013 2334 remaneat,
1049 2267 1111 2316 er·
1138 2261 1288 2317 tunc
1316 2257 1367 2318 si
1397 2275 1542 2316 vere
1570 2261 1758 2318 testa-

226 2357 314 2413 tor
337 2349 615 2412 animum
644 2350 716 2410 in
744 2368 975 2428 genere
1018 2349 1238 2410 habuit
1282 2349 1602 2428 obligandi
1632 2350 1756 2411 hae-

227 2445 427 2504 redem
462 2443 539 2503 ad
572 2443 885 2505 solvenda
915 2461 1128 2519 onera,
1160 2442 1272 2503 sed
1300 2442 1474 2503 illum
1504 2460 1628 2504 non
1657 2462 1756 2504 sa-

229 2537 298 2599 tis
323 2537 627 2615 expressit
657 2537 883 2598 saltem
920 2535 1086 2597 circa
1116 2535 1251 2596 haec
1297 2536 1536 2615 praedia
1566 2536 1757 2616 hypo-

229 2631 495 2702 thecata3
522 2631 739 2709 legata
759 2628 1619 2708 poteritfideicommissarius
1637 2629 1752 2691 sol-

228 2742 361 2785 vere
386 2723 807 2786 creditoribus
835 2717 861 2798 ,³
883 2721 933 2783 si
963 2722 1082 2801 ipsi
1107 2723 1484 2785 transferant
1511 2724 1569 2783 in
1611 2741 1757 2784 eum

230 2817 487 2878 actiones
542 2836 699 2878 suas
754 2816 1056 2877 adversus
1113 2815 1431 2877 haeredem
1454 2862 1470 2892 ,
1530 2817 1757 2896 quibus

231 2914 429 2988 postea
455 2911 732 2990 probato
763 2910 972 2970 animo
1001 2909 1314 2971 testatoris
1337 2955 1353 2986 ,
1388 2909 1584 2987 possit
1607 2927 1758 2970 con-

231 3009 316 3063 tra
360 3021 498 3062 eum
541 3021 741 3082 agere
789 3003 869 3064 ad
897 3002 1401 3080 recuperandum
1431 3002 1534 3080 id,
1588 3004 1756 3083 quod

233 3114 331 3174 pro
369 3097 703 3156 liberanda
730 3115 811 3156 re
856 3095 1279 3174 hypothecata
1324 3095 1535 3173 solvit,
1586 3101 1649 3158 et
1676 3097 1756 3158 ab

234 3190 351 3267 ipso
380 3190 630 3251 haerede
670 3209 745 3250 ex
773 3188 1119 3251 intentione
1168 3190 1481 3251 testatoris
1512 3192 1758 3252 solven-

233 3282 367 3341 dum
391 3283 616 3345 fuerat.
684 3284 764 3344 Et
790 3282 893 3344 hic
920 3282 1169 3343 videtur
1196 3282 1510 3360 legitimus
1538 3302 1757 3346 sensus

232 3375 377 3436 illius
399 3376 577 3455 legis,
613 3394 810 3456 quem
839 3393 964 3436 non
991 3374 1240 3436 videtur
1268 3376 1585 3438 Glossator
1606 3378 1756 3439 satis

234 3467 621 3546 intellexisse,
680 3474 743 3531 et
769 3469 909 3530 ideo
943 3468 1204 3529 detorsit
1228 3469 1422 3529 verba
1464 3469 1543 3529 ad
1581 3470 1756 3531 illum

235 3561 407 3621 alium
425 3562 685 3623 omnino
715 3562 925 3622 verbis
951 3559 1102 3640 ipsis
1130 3562 1533 3640 contrarium,
1570 3567 1638 3624 ut
1665 3564 1757 3624 vi-

237 3654 441 3716 dimus,

306 3748 565 3811 Adverte
596 3748 828 3828 primu,
880 3748 928 3808 si
977 3767 1077 3809 res
1105 3749 1314 3828 legata
1359 3750 1508 3810 data
1552 3749 1756 3813 fuerat

163 3891 187 3919 Ε,
240 3840 294 3898 in
319 3840 532 3920 pignus
558 3859 681 3921 pro
725 3840 957 3917 debito,
1016 3860 1140 3903 non
1195 3842 1388 3921 ipsius
1442 3845 1756 3906 testatoris

163 3948 190 4025 [Ὁ
241 3933 335 3992 sed
362 3934 580 4011 alieno,
614 3952 735 4014 pro
767 3952 890 4013 quo
907 3933 1169 3997 fortasse
1189 3938 1450 3997 testator
1478 3936 1579 3997 vel
1609 3955 1756 4016 pro-

163 4040 203 4080 ’ao
243 4032 469 4088 curator
495 4026 636 4106 ejus
685 4027 937 4088 nomine
984 4026 1382 4106 fidejuss'erat
1423 4033 1485 4090 et
1528 4030 1755 4109 pignus

245 4118 499 4196 dederat,
528 4126 591 4183 et
620 4124 842 4199 postea
868 4124 1127 4182 testator
1146 4121 1401 4201 ignarus
1421 4122 1519 4183 vel
1541 4123 1755 4183 imme·

243 4229 363 4273 mor
386 4232 516 4273 rem
555 4214 733 4273 illam
774 4213 887 4274 tibi
933 4213 1185 4292 legavit,
1247 4233 1437 4293 quam
1484 4218 1549 4276 tu
1580 4215 1755 4275 rede-

244 4305 389 4367 misti
415 4312 481 4368 ut
521 4306 816 4383 habereS,
874 4306 1104 4367 debere
1160 4306 1477 4366 haeredem
1523 4307 1631 4368 tibi
1660 4326 1756 4368 ce-

244 4397 373 4458 dere
399 4400 732 4475 actionem,
757 4417 948 4478 quam
969 4399 1299 4461 defunctus
1326 4400 1587 4481 haberet
1613 4419 1757 4461 con-

247 4494 329 4550 tra
354 4491 696 4554 debitorem
719 4491 1129 4571 principalem
1150 4511 1263 4572 pro
1295 4511 1417 4572 quo
1438 4492 1582 4574 fidej
1594 4512 1758 4555 usse-

247 4588 347 4659 rat,
378 4590 442 4646 ut
464 4590 533 4646 tu
559 4586 768 4665 possis
798 4584 877 4646 ab
904 4584 1010 4645 illo
1041 4585 1323 4646 debitum
1353 4590 1662 4665 repetere,
1699 4589 1762 4648 et

246 4678 487 4754 pretium
506 4698 546 4740 a
566 4683 627 4741 te
649 4678 925 4740 solutum
945 4678 1026 4738 ad
1044 4677 1272 4757 pignus
1292 4679 1753 4741 redimendum.

247 4770 493 4833 Adverte
521 4771 823 4848 secundO,
855 4771 909 4832 si
934 4774 1196 4833 testator
1222 4771 1448 4851 pignus
1479 4791 1512 4832 e
1541 4778 1761 4835 contra

249 4863 397 4941 apud
422 4883 486 4926 se
516 4864 812 4941 habebat,
847 4869 910 4926 et
934 4883 1069 4926 rem
1098 4865 1271 4925 illam
1299 4865 1567 4928 debitori
1593 4866 1761 4946 lega·

247 4953 344 5031 vit,
373 4962 656 5019 censetur
683 4958 966 5019 debitum
996 4958 1053 5018 ei
1080 4958 1420 5031 remittere,
1473 4978 1586 5039 pro
1634 4977 1757 5039 quo

250 5063 336 5106 res
361 5051 767 5130 oppignorata
817 5056 986 5127 erat,
1039 5055 1103 5112 et
1144 5051 1298 5112 nihil
1346 5051 1536 5129 aliud,
1580 5051 1761 5133 juxta

252 5157 420 5219 supra
444 5144 632 5221 dicta,
668 5145 815 5223 quia
838 5146 974 5223 jam
1002 5150 1267 5206 testator
1284 5145 1389 5223 jus
1415 5146 1667 5224 aliquod
1698 5144 1759 5205 in

256 5250 313 5292 re
355 5234 452 5297 illa
510 5236 786 5300 habebat
840 5238 1007 5318 quod
1063 5237 1267 5299 solum
1322 5238 1534 5317 legare
1591 5238 1760 5299 vide·

328 5420 620 5493 Quoeritur
649 5428 848 5501 sext0,
899 5425 1049 5505 quid
1099 5424 1457 5500 dicendum,
1512 5425 1761 5504 quando

262 5530 379 5575 rem
405 5517 511 5579 tibi
539 5519 814 5599 legatam
842 5519 1066 5595 emisti,
1119 5520 1218 5580 vel
1249 5519 1369 5581 allo
1398 5519 1575 5581 titulo
1603 5538 1767 5582 com-

2025 312 2300 375 SECTIO
2343 313 2419 373 X.
3267 316 3374 374 14⁴,

1852 485 2108 566 parasti,
2173 490 2512 592 antequam
2559 504 2634 547 ex
2682 486 2882 565 legrto
2929 485 3042 548 tibi
3087 485 3388 548 daretur?
3454 505 3615 560 Quam
3618 507 3721 548 ires

1855 580 2247 685 Responde0‚
2309 580 2361 640 si
2400 579 2581 642 titulo
2636 578 2760 641 luci
2762 580 2941 641 ativo
2981 579 3382 658 comparasti,
3454 561 3721 677 ·¹‚,-„,{{,Jg¹¹,-

1854 673 2139 752 expirare
2176 673 2475 751 legatum,
2536 673 2726 736 etiam
2773 673 2981 753 quoad
3025 674 3387 736 aestimatio-
3536 667 3641 710 ¹²⁶⁵·

1856 784 1998 826 nem
2028 766 2148 843 rei,
2201 766 2347 845 quia
2375 784 2500 828 non
2531 770 2707 846 potes
2735 765 2903 826 idem
2932 785 3046 846 per
3072 767 3388 846 duplicem

1855 859 2099 920 titulum
2148 860 2522 922 lucrativum
2554 859 2901 940 acquirere,
2952 859 2994 921 l.
3033 860 3187 935 (λιτά
3222 880 3383 942 erqo,

1852 953 1908 1031 ἓ.
1941 952 1988 1012 Ι.
2026 953 2088 1012 ff.
2122 951 2193 1012 de
2223 951 2398 1033 ἱεραί.
2436 969 2505 1014 11.
2560 953 2628 1013 Si
2655 971 2805 1014 vero
2844 971 2979 1013 rem
3011 955 3387 1033 comparasti

1852 1044 2032 1106 titulo
2063 1063 2350 1121 oner0s0,
2401 1045 2915 1124 distinguendum
2944 1051 3040 1108 est
3088 1067 3101 1108 :
3163 1066 3309 1107 nam
3339 1048 3390 1107 si

1855 1156 1955 1198 res
1982 1138 2190 1216 legata
2212 1143 2346 1200 erat
2365 1137 2590 1215 aliena,
2625 1139 2857 1217 poteris
2878 1142 3096 1217 postea
3124 1140 3390 1201 aestima-

1855 1230 2089 1291 tionem
2121 1230 2200 1291 ab
2230 1230 2481 1290 haerede
2510 1236 2744 1310 petere,
2780 1231 2823 1292 l.
2847 1231 3056 1309 Plane,
3090 1249 3301 1294 xxxlv.
3327 1234 3382 1312 §.

1859 1322 2101 1398 Quodsi
2124 1341 2268 1400 rem,
2304 1327 2366 1385 et
2385 1322 2543 1395 l.,Si
2567 1343 2603 1383 α
2629 1323 2957 1402 substituto,
2991 1325 3055 1385 in
3085 1326 3283 1405 princ.
3319 1328 3383 1388 ff.

1854 1415 1924 1476 de
1951 1415 2127 1496 [ερατ.
2162 1433 2205 1481 1.
2240 1416 2305 1479 Si
2332 1421 2544 1477 autem
2573 1435 2673 1477 res
2703 1435 2828 1478 non
2858 1422 2994 1480 erat
3020 1418 3246 1495 aliena,
3278 1419 3390 1479 sed

1856 1509 2191 1586 testatoris,
2244 1510 2450 1571 fuerat
2479 1514 2687 1571 tamen
2716 1510 2927 1590 legata
2954 1512 3018 1571 in
3048 1512 3239 1589 diem,
3290 1513 3389 1573 vel

1855 1604 1971 1664 sub
2000 1603 2377 1679 conditione,
2413 1608 2476 1665 et
2505 1623 2643 1665 earn
2664 1604 2844 1666 titulo
2866 1623 3133 1667 oneroso
3157 1606 3237 1666 ab
3266 1606 3391 1668 hee-

1854 1697 2003 1757 rede
2035 1697 2433 1775 comparasti,
2467 1697 2701 1776 poteris
2730 1697 2988 1776 impleta
3003 1698 3383 1777 conditione,

1854 1788 1954 1849 vel
1984 1789 2357 1850 adveniente
2379 1789 2479 1850 die
2507 1795 2720 1868 petere
2761 1791 3261 1869 aestimationem,
3313 1812 3390 1853 ex

1855 1881 1918 1943 d.
1949 1882 1992 1943 l.
2030 1881 2107 1943 Si
2149 1902 2186 1943 α
2209 1882 2537 1960 substitute,
2589 1887 2652 1945 et
2676 1884 2993 1945 communi
3033 1884 3383 1948 doctorum.

1856 1975 1925 2036 Si
1951 1980 2163 2037 autem
2206 1994 2342 2037 rem
2384 1977 2700 2039 testatoris
2747 1996 2904 2057 pure
2951 1978 3069 2039 tibi
3112 1978 3388 2058 legatam

1855 2067 2079 2146 emisti,
2126 2069 2229 2129 vel
2255 2068 2434 2132 titulo
2482 2088 2747 2132 oneroso
2783 2071 3104 2151 acquisisti
3146 2073 3228 2134 ab
3259 2073 3391 2136 hae-

1852 2160 2027 2238 rede,
2059 2162 2294 2240 poteris
2324 2167 2536 2240 petere
2566 2163 3042 2226 {estimationem
3063 2211 3078 2241 ,
3129 2165 3179 2227 si
3209 2166 3392 2245 igno-

1853 2255 2040 2315 rabas
2067 2256 2367 2335 legatum,
2402 2256 2443 2317 l.
2477 2256 2850 2336 Hujusmodi‚
2882 2258 2940 2338 ἓ.
2976 2259 3284 2336 Sz’servus,
3319 2262 3384 2322 ff.

1816 2407 1827 2420 ,
1853 2348 2146 2428 deleqatis
2173 2366 2217 2409 1.
2254 2349 2319 2411 Si
2339 2350 2541 2410 sciens
2565 2350 2788 2426 emisti,
2824 2351 3067 2431 expirat
3084 2353 3384 2432 legatum,

1854 2442 2002 2522 quia
2071 2442 2345 2503 censeris
2399 2442 2488 2503 illi
2542 2443 2902 2505 renuntiare
2926 2490 2942 2521 ,
3014 2451 3387 2524 argumento

1854 2540 2057 2597 textus
2085 2536 2151 2596 in
2179 2535 2220 2597 1.
2254 2534 2435 2611 Illud,
2483 2537 2546 2597 ff.
2580 2535 2650 2597 de
2676 2536 2901 2617 acquir.
2934 2537 3292 2617 haereditate,
3328 2544 3390 2602 et

1853 2629 1917 2690 in
1942 2629 1985 2689 l.
2017 2627 2226 2706 Titius,
2258 2628 2322 2688 in
2342 2629 2606 2709 princip.
2632 2632 2695 2691 ff.
2721 2630 2926 2710 quibus
2944 2631 3127 2692 modis
3143 2633 3384 2713 piqnus,

1854 2722 1947 2781 vel
1969 2720 2212 2802 hypotlz.
2263 2723 2352 2782 De
2383 2722 2609 2801 quibus
2654 2722 2852 2783 videri
2882 2729 3087 2803 potest
3116 2726 3269 2787 alios
3295 2745 3387 2787 re-

1853 2815 2060 2874 ferens
2082 2814 2315 2876 Melina
2348 2813 2508 2893 disp.
2543 2831 2662 2878 ccl.
2699 2816 2818 2878 col.
2853 2817 2965 2879 ult.
3003 2823 3068 2879 et
3093 2820 3282 2899 Vasq.
3317 2820 3380 2882 d.

1855 2925 1993 2986 cap.
2046 2909 2206 2969 vlll.
2255 2908 2312 2985 ἓ.
2347 2924 2434 2970 lv.
2495 2907 2644 2970 dub.
2696 2912 2756 2972 8.
2815 2910 3091 2972 Adverte
3149 2917 3382 2991 autem,

1856 3000 2025 3080 quod
2052 3000 2102 3060 si
2130 3004 2392 3062 testator
2435 3018 2570 3060 rem
2601 3004 2781 3063 Petro
2828 3002 3122 3082 legatam,
3181 3006 3388 3067 eidem

1854 3098 2073 3174 postea
2099 3094 2232 3154 sine
2263 3095 2630 3156 necessitate
2659 3096 2945 3158 vendidit
2972 3099 3162 3159 etiam
3206 3099 3388 3179 igno-

1854 3188 2039 3265 ranti,
2096 3188 2376 3268 legatum
2433 3194 2722 3250 censetur
2764 3196 3153 3271 revocatum,
3205 3193 3388 3273 juxta

1855 3282 2139 3360 regulam
2166 3280 2548 3360 generalem,
2601 3283 2770 3361 quod
2800 3301 2914 3362 per
2941 3284 3386 3348 alienationem

1854 3373 2274 3435 voluntariam
2315 3374 2407 3435 rei
2451 3375 2674 3453 legatae
2716 3380 3046 3439 revocetur
3082 3378 3381 3459 legatum,

1855 3468 1933 3529 de
1963 3486 2085 3547 quo
2116 3467 2386 3528 diximus
2413 3485 2604 3546 supra
2622 3470 2868 3547 agendo
2890 3471 2968 3533 de
2988 3474 3386 3535 revocatione

1852 3561 2231 3638 testamenti,
2266 3565 2330 3622 et
2354 3562 2564 3640 legati.

1934 3654 2246 3727 Quaeritur
2264 3655 2549 3733 septime,
2575 3655 2727 3734 quid
2748 3656 3106 3737 dicendum,
3133 3661 3385 3740 quando
3536 3681 3648 3739 274

1854 3747 2077 3811 eadem
2122 3766 2224 3808 res
2269 3748 2502 3827 pluries
2558 3749 2763 3810 eidem
2807 3752 3098 3831 legatur?
3149 3755 3218 3814 In
3266 3755 3386 3816 hoc
3492 3805 3553 3869 03¹
3556 3806 3612 3857 Μ
3645 3806 3680 3846 85

1854 3842 2042 3903 etiam
2064 3841 2359 3903 standum
2389 3845 2484 3902 est
2510 3842 2710 3920 primo
2741 3844 2877 3905 loco
2907 3845 3232 3908 intentioni
3263 3852 3386 3909 tes·
3436 3859 3504 3913 rlu
3482 3838 3736 3967 υἷίξῃὲωξῗηι

1854 3939 2148 4009 tatorum,
2201 3953 2342 4013 quae
2383 3936 2635 4013 quando
2680 3936 2932 3998 aliunde
2961 3956 3085 3998 non
3117 3945 3383 4018 constat,

1854 4028 2044 4089 variae
2091 4027 2326 4106 regulae
2381 4027 2781 4106 assignantur
2826 4047 2862 4089 a
2910 4030 3267 4094 doctoribus
3315 4053 3390 4094 ex

1852 4121 2096 4198 legibus
2139 4125 2209 4181 ut
2251 4120 2590 4200 plurimum
2645 4122 2980 4202 decerptas,
3041 4125 3119 4187 de
3164 4127 3391 4205 quibus

1855 4215 2090 4277 Molina
2118 4214 2350 4294 disput.
2385 4230 2503 4275 ccl.
2571 4215 2777 4276 Prima
2823 4235 2973 4296 ergo
3023 4220 3243 4298 regula
3271 4226 3386 4298 est,

1855 4307 2107 4388 quando
2151 4307 2374 4367 eadem
2420 4326 2519 4368 res
2567 4308 2629 4367 in
2678 4309 3036 4388 individuO,
3089 4332 3147 4374 v.
3195 4333 3257 4393 g.
3293 4332 3393 4375 ea-

1856 4402 2000 4462 dem
2026 4401 2251 4461 domus
2270 4402 2516 4479 legatur
2536 4404 2716 4464 Petro
2738 4402 2819 4463 ab
2848 4404 3072 4465 eodem
3095 4410 3392 4470 testatore

1854 4494 2089 4574 pluries
2118 4494 2182 4553 in
2212 4496 2584 4556 testamento
2608 4500 2670 4556 et
2698 4497 3005 4575 codicillo,
3041 4501 3233 4560 semel
3257 4501 3394 4562 dari

1858 4590 2104 4649 tantum
2135 4585 2342 4663 debet,
2393 4587 2435 4648 l.
2470 4587 2546 4648 Si
2573 4587 2681 4648 tibi
2704 4588 2897 4667 home,
2935 4592 2991 4669 §.
3029 4595 3084 4652 1.
3122 4594 3184 4654 fl.
3218 4592 3287 4654 de
3315 4594 3397 4655 le-

1856 4679 2011 4760 qatis
2041 4696 2086 4742 1.
2133 4680 2426 4741 Secunda
2472 4682 2690 4760 regula
2722 4687 2836 4760 est,
2891 4683 2940 4743 si
2973 4685 3197 4745 eadem
3228 4706 3328 4747 res
3358 4707 3394 4748 a

1860 4772 2123 4833 diversis
2166 4772 2591 4850 testatoribuS,
2646 4793 2916 4854 quorum
2954 4796 3116 4838 unus
3163 4797 3285 4839 non
3317 4778 3397 4841 sit

1860 4864 2060 4925 haeres
2087 4864 2376 4943 alterius,
2425 4867 2629 4929 eidem
2661 4869 2844 4930 Petro
2874 4868 3136 4949 legetur,
3187 4871 3236 4931 si
3259 4872 3394 4950 jam

1860 4960 2080 5019 Petrus
2109 4976 2249 5018 eam
2298 4977 2370 5017 ex
2404 4959 2587 5020 unius
2641 4964 3015 5025 testamento
3064 4963 3273 5037 habet,
3336 4968 3398 5025 et

1859 5069 2076 5111 secure
2107 5051 2404 5129 possidet,
2441 5070 2565 5113 non
2595 5058 2799 5131 potest
2820 5055 3295 5117 {estimationem
3317 5058 3396 5119 ab

1860 5144 2117 5206 alterius
2150 5145 2399 5205 haerede
2431 5151 2664 5224 petere,
2697 5149 2754 5225 g.
2790 5147 2973 5208 Sires
3002 5149 3214 5227 aliena,
3251 5157 3312 5212 et
3337 5153 3394 5230 ἓ.

1861 5238 1938 5299 Si
1974 5237 2072 5297 cui
2092 5237 2331 5318 fundus
2392 5239 2541 5301 Inst.
2587 5239 2658 5299 de
2687 5240 2913 5320 leyatis.
2974 5242 3037 5304 Si
3082 5247 3291 5305 tamen
3324 5265 3400 5307 ex

1863 5331 2066 5410 primo
2096 5335 2430 5411 acceperat
2476 5351 2600 5393 non
2647 5352 2782 5393 rem
2823 5334 3047 5413 ipsam,
3098 5337 3209 5398 sed
3238 5339 3399 5400 aesti-

1865 5424 2228 5501 mationem,
2289 5431 2500 5503 posset
2550 5444 2686 5485 rem
2737 5444 2779 5488 a
2827 5429 3103 5490 secundo
3157 5434 3394 5510 petere.

1865 5517 2041 5581 Idem
2069 5521 2185 5593 est,
2219 5519 2272 5580 si
2299 5517 2466 5580 idem
2495 5522 2755 5583 testator
2773 5522 3064 5600 gravavit
3088 5523 3247 5587 duos
3276 5526 3400 5589 bae-
