4263 6376
538 3456 652 3517 134

526 3584 610 3635 uid,
645 3586 679 3628 si

480 3585 702 3743 gumfa:
781 3646 940 3706 laico
966 3691 981 3721 ‚
1031 3646 1113 3707 sit
1139 3650 1358 3706 contra
1385 3646 1842 3707 immunitatem
1866 3692 1882 3723 ‚
1944 3646 1995 3706 si
2042 3644 2178 3705 haee
2205 3663 2317 3723 ga..

433 3757 733 3856 ttztzqu¹³ff⁶⁰

583 3826 606 3853 c
622 3826 666 3856 cr
684 3826 731 3856 00

777 499 896 558 652
1937 498 2040 557 DE
2083 497 2436 559 JUS'rl'rlA
2485 497 2584 557 ΕΤ
2624 498 2825 559 JURE

780 673 910 735 sive
958 673 1021 734 in
1059 674 1353 735 carnibus
1397 675 1648 752 gabella
1704 676 2064 754 imponatur
2105 675 2303 752 laiciS,

778 772 1075 846 poterunt
1099 767 1310 827 elerici
1344 769 1644 847 conqueri
1673 769 1842 849 quod
1874 769 2115 830 ratione
2146 768 2310 828 illius

779 860 992 921 tributi
1026 864 1335 938 eoguntur
1364 860 1477 938 ipsi
1509 861 1715 940 majus
1744 862 2127 940 stipendium
2159 862 2309 922 dare

780 953 1030 1013 famulis
1057 954 1155 1014 vel
1185 955 1491 1032 operariis
1522 974 1678 1034 quos
1707 956 2108 1031 conducunt,
2164 955 2312 1034 quia

780 1045 895 1123 ipsi
930 1045 1009 1105 ad
1040 1047 1308 1107 emenda
1336 1046 1450 1108 sibi
1483 1048 1837 1108 necessaria
1866 1047 2085 1127 majori
2110 1048 2309 1126 pretio

779 1137 1065 1216 indigent
1118 1144 1374 1217 propter
1418 1140 1654 1201 tributa
1708 1158 1848 1219 quoe
1898 1140 2229 1200 solvuntur
2273 1158 2311 1199 a

777 1230 1214 1291 venditoribus
1244 1232 1341 1291 vel
1385 1233 1775 1312 emptoribus
1815 1251 2033 1292 earum
2072 1251 2304 1294 rerum.

778 1322 955 1395 Quod
1004 1322 1051 1382 si
1086 1323 1207 1383 hoc
1237 1328 1402 1385 esset
1431 1331 1649 1386 contra
1694 1325 2155 1386 immunitatem
2203 1343 2309 1384 ec-

777 1414 1192 1476 clesiasticam
1217 1463 1232 1492 ‚
1284 1422 1448 1478 esset
1476 1417 1663 1477 etiam
1695 1422 1912 1478 contra
1943 1418 2310 1477 immunita-

779 1511 903 1568 tem
934 1508 1260 1585 nobilium,
1295 1510 1400 1589 qui
1431 1529 1505 1569 ex
1533 1510 1859 1589 privilegio
1880 1510 2151 1589 exempti
2169 1519 2314 1570 sunt

777 1618 817 1660 a
843 1600 1092 1662 tributis
1124 1618 1139 1665 :
1175 1621 1495 1683 nunquam
1525 1606 1734 1662 tamen
1765 1603 2003 1664 nobiles
2032 1621 2308 1682 conque-

777 1694 856 1754 sti
891 1699 1075 1770 sunt,
1136 1695 1305 1774 quod
1353 1714 1569 1756 eorum
1625 1696 1954 1775 privilegia
2001 1697 2313 1756 loedantur

779 1786 1032 1865 qnando
1075 1788 1379 1866 ejusmodi
1427 1789 1658 1849 tributa
1698 1789 1961 1867 plebeiis
1982 1789 2312 1868 imponun-

776 1883 898 1940 tur.
954 1880 1156 1954 Quare
1177 1882 1450 1961 theologi
1473 1901 1690 1942 omnes
1711 1882 1770 1941 in
1794 1901 1866 1943 eo
1907 1882 2307 1958 conveniunt,

779 1973 948 2052 quod
967 1992 1041 2033 ea
1053 1992 1192 2052 quae
1215 1974 1298 2035 ita
1318 1980 1556 2037 remote
1574 1974 1774 2036 solnm
1793 1975 2052 2036 elericos
2081 1975 2311 2035 loedere

782 2071 1044 2143 possunt
1066 2113 1082 2139 ‚
1117 2086 1243 2128 non
1274 2073 1419 2129 sunt
1445 2073 1666 2129 contra
1695 2087 1912 2129 eorum
1951 2067 2314 2129 immunita-

778 2164 927 2219 tem.
963 2159 1266 2221 Videatur
1290 2161 1519 2221 Melina
1552 2161 1711 2240 disp.
1737 2164 1873 2222 663.
1909 2180 2080 2222 num.
2105 2165 2169 2222 5.
2206 2160 2310 2220 ubi

779 2251 841 2310 id
872 2256 1174 2330 tanquam
1205 2258 1447 2314 certum
1475 2254 1792 2331 supponit,
1828 2259 1898 2314 ut
1925 2254 2068 2314 inde
2090 2254 2315 2334 probet

779 2343 843 2404 id
872 2344 1042 2422 quod
1073 2345 1274 2422 magis
1317 2345 1579 2405 dubium
1613 2351 1779 2419 crat,
1832 2347 2084 2425 quando
2115 2347 2312 2406 laicus

780 2437 996 2497 vendit
1025 2437 1250 2497 elerico
1299 2438 1660 2500 immediate
1689 2485 1705 2514 ‚
1765 2458 1846 2498 an
1892 2439 2087 2499 laicus
2118 2437 2315 2518 possit

781 2528 918 2607 cogi
949 2529 1193 2591 solvere
1225 2530 1527 2592 tributum
1557 2550 1631 2591 ex
1661 2531 2043 2608 venditione,
2079 2532 2157 2591 de
2188 2549 2310 2609 quo

781 2626 994 2700 postea
1028 2622 1329 2685 dicemuS.
1368 2624 1539 2686 Idem
1571 2625 1757 2685 docet
1784 2625 2135 2703 Henriquez
2165 2624 2205 2684 l.
2233 2626 2307 2684 X.

781 2733 921 2792 cap.
953 2731 1057 2775 xv,
1089 2733 1262 2776 num.
1296 2720 1355 2777 5.
1389 2716 1455 2776 in
1480 2716 1764 2793 margine
1792 2716 2001 2778 littera
2031 2718 2105 2776 V.
2162 2718 2310 2776 Em-

779 2807 1055 2868 manuel.
1106 2808 1455 2888 Rodriquez
1499 2813 1718 2887 quaest.
1763 2809 1964 2886 regul.
2015 2813 2169 2870 tom.
2204 2809 2306 2868 111.

780 2904 1002 2980 quaest.
1037 2917 1241 2963 Lxxlv.
1294 2905 1411 2962 art.
1459 2906 1517 2962 7.
1569 2902 1674 2961 ubi
1725 2901 1908 2962 affert
1934 2902 2308 2976 Marantam,

779 2994 1084 3069 Mexiam‚
1135 2999 1197 3055 et
1223 2996 1508 3067 Lasarte;
1557 2998 1619 3054 et
1657 2994 1717 3053 in
1745 2994 1991 3053 Summa
2033 2999 2186 3054 tom.
2222 3010 2307 3054 1v.

752 3105 919 3165 cap.
955 3089 1091 3148 166.
1152 3106 1323 3147 num.
1358 3093 1416 3148 7.
1476 3089 1659 3147 Azor.
1720 3091 1871 3148 tom.
1908 3088 2010 3147 111.
2067 3087 2209 3148 libr.
2247 3104 2310 3151 V.

781 3199 919 3258 cap.
954 3183 1052 3242 20.
1087 3200 1192 3260 qu.
1226 3185 1284 3242 2.
1321 3180 1567 3255 dicenS,
1618 3198 1754 3241 esse
1783 3198 2219 3256 communem,
2253 3186 2317 3241 et

782 3272 1053 3351 denique
1109 3274 1209 3333 alii
1269 3274 1479 3352 plures
1523 3292 1679 3352 quos
1709 3275 1889 3336 affert
1943 3278 2006 3334 et
2033 3274 2316 3353 sequitur

782 3366 1005 3427 Thom.
1040 3367 1321 3427 Sanchez
1353 3367 1501 3427 dub.
1537 3383 1633 3428 LV.
1673 3385 1844 3427 num.
1876 3369 1976 3428 40.

863 3463 996 3521 Hoc
1026 3478 1173 3539 ergo
1205 3461 1528 3540 supposito
1553 3506 1569 3536 ,
1629 3460 1952 3522 dubitatur
2000 3479 2079 3520 an
2119 3458 2173 3519 si
2196 3477 2313 3538 ga-

782 3552 942 3614 bella
990 3553 1297 3631 exig-enda
1341 3553 1421 3614 sit
1464 3572 1503 3613 a
1531 3552 1855 3615 venditore
1884 3553 1982 3613 vel
2032 3558 2315 3631 emptore

781 3739 947 3800 bella
992 3739 1072 3799 ab
1103 3758 1175 3800 eo
1210 3739 1498 3817 exigatur
1520 3786 1534 3814 ,
1598 3740 1850 3818 quando
1882 3739 2098 3800 vendit
2125 3738 2313 3799 etiam

782 3833 1042 3908 clerice,
1086 3831 1184 3891 vel
1215 3833 1368 3893 emit
1393 3833 1474 3892 ab
1503 3831 1628 3892 illo.
1686 3834 1821 3892 Non
1870 3832 2051 3911 pauci
2099 3831 2317 3891 dicunt

782 3925 901 3986 hoc
930 3944 1064 3985 esse
1087 3930 1308 3986 eontra
1335 3924 1817 3985 immunitatem.
1845 3927 1935 3985 lta
1957 3924 2309 3999 Gratianus,

779 4016 1168 4094 MenochiuS,
1228 4017 1612 4078 Ladercllius
1674 4018 1920 4078 Riecius
1954 4064 1969 4094 ‚
2047 4018 2309 4093 SurduS,

780 4110 1135 4173 Homobon.
1168 4115 1229 4171 et
1256 4111 1500 4186 Zerola,
1536 4129 1693 4189 quos
1724 4112 1905 4172 affert
1924 4111 2121 4171 Diana
2151 4116 2236 4171 te.
2264 4112 2309 4170 1.

782 4203 947 4264 dicto
978 4208 1160 4267 tract.
1194 4221 1264 4264 11.
1298 4204 1484 4264 resol.
1515 4206 1614 4265 48.
1662 4203 1779 4265 Alii
1813 4204 2001 4264 etiam
2041 4204 2100 4262 in
2148 4203 2313 4261 idem

782 4297 1132 4357 consentire
1154 4295 1467 4371 videntur,
1499 4296 1686 4374 quiid
1710 4296 2085 4371 concedunt,
2121 4314 2315 4375 quan-

783 4390 864 4449 do
895 4389 1145 4467 gabella
1173 4388 1519 4467 imponitur
1548 4394 1611 4450 et
1635 4389 1992 4450 annectitur
2020 4389 2139 4467 ipsi
2168 4407 2319 4449 con·

781 4482 1009 4545 tractui
1040 4481 1374 4560 emptionis
1417 4485 1528 4543 aut
1554 4481 1931 4543 venditionis
1976 4483 2262 4560 proxime
2298 4501 2311 4542 ε

784 4579 1017 4655 negant
1065 4593 1214 4635 vero
1260 4574 1512 4654 quando
1568 4575 1919 4636 annectitur
1969 4575 2315 4639 contractui

784 4672 1105 4739 separate,
1165 4672 1234 4728 ut
1279 4667 1331 4728 si
1358 4667 1608 4739 gabella
1645 4668 2004 4739 imponatur
2034 4669 2318 4730 afferenti

2409 693 2598 753 supra
2629 693 2799 736 num.
2835 679 2892 736 6.
2931 675 3267 755 Ριῡάτίςυς.

2409 786 2524 846 pra
2553 768 2771 844 citam,
2820 768 3052 829 Melina
3091 768 3195 829 nbi
3243 803 3259 824 J

2410 865 2473 921 et
2513 860 2722 922 multis
2764 860 2900 921 aliis
2940 860 3266 929 adductis,

2409 971 2582 1013 num.
2615 957 2714 1015 40.

2489 1045 2833 1106 Difficultas
2861 1050 2993 1106 tota
3023 1045 3257 1107 videtu.

2407 1137 2538 1198 lum
2588 1143 2681 1199 est
2709 1138 2995 1199 illicitum
3044 1143 3253 1200 statut.

2410 1235 2630 1312 contra
2655 1231 3009 1293 libertatem
3040 1232 3236 1292 eccles

2411 1323 2578 1403 qnod
2613 1323 2912 1384 indirecte
2943 1342 3082 1383 eam
3110 1325 3248 1385 laed'

2410 1434 2514 1492 su,
2585 1415 2729 1477 licet
2790 1417 3037 1495 gabella
3092 1435 3214 1478 non

2409 1507 2634 1568 clerieo
2667 1555 2683 1584 ,
2757 1509 3056 1570 indirecte
3125 1514 3247 1571 tan1

2410 1601 2605 1680 recipi
2629 1647 2644 1676 ,
2706 1601 3020 1681 siquidem
3076 1603 3242 1663 carin

2410 1694 2592 1753 vilius
2647 1694 2919 1755 vendere
2972 1701 3229 1774 propter

2411 1786 2619 1862 ditori,
2653 1786 2751 1845 vel
2783 1787 3049 1865 emptori
3081 1788 3249 1866 impu

2412 1885 2506 1939 est
2532 1897 2608 1940 ae
2635 1879 2686 1939 si
2716 1879 2850 1957 ipse
2879 1879 3174 1952 solveret;
3210 1888 3266 1938 a*

2413 1971 2530 2032 erit
2559 1971 2860 2032 indirecte
2901 1973 3178 2050 gravari.
3227 1976 3273 2032 'l‘

2412 2070 2508 2124 est
2551 2063 2610 2122 in
2656 2064 3066 2142 intelligentia
3108 2064 3272 2125 illiue

2413 2175 2553 2236 quae
2584 2156 2771 2216 etiam
2802 2157 2865 2215 in
2897 2157 3017 2218 hac
3046 2161 3284 2218 materi

2413 2270 2487 2312 ca
2516 2249 2694 2329 cujus
2715 2251 2887 2311 verbi
2921 2251 3275 2329 explicatius

2411 2344 2638 2404 scurrit
2667 2343 2896 2404 Sanch.
2929 2344 3034 2404 lib.
3061 2347 3162 2405 vl.
3199 2345 3258 2404 in

2411 2454 2585 2496 num.
2619 2438 2714 2496 23.
2771 2440 3027 2515 propter
3054 2436 3259 2496 simile

2411 2528 2473 2589 in
2507 2532 2653 2589 voto
2683 2527 2989 2607 simplici,
3036 2547 3161 2608 quo
3193 2549 3280 2608 pr·

2414 2622 2557 2684 tatis
2592 2621 2965 2699 promittunt
2991 2640 3058 2681 se
3089 2623 3243 2683 nihil
3268 2664 3274 2678 .

2413 2715 2669 2795 quidem
2693 2760 2708 2790 ,
2761 2719 2828 2775 ut
2855 2715 2919 2774 in
2949 2715 3231 2794 aliquam
3270 2739 3278 2792 ι

2412 2808 2719 2886 gnitatem
2768 2807 2830 2866 in
2873 2808 3177 2871 societate
3207 2810 3281 2869 el,

2411 2901 2530 2960 mis
2559 2899 2730 2976 dicit,
2763 2919 2947 2979 posse
2978 2902 3101 2962 dici
3134 2920 3275 2981 que«

2413 2992 2728 3054 diversum
2761 3011 2993 3053 novum
3024 2995 3275 3074 imperta

2413 3090 2484 3146 ut
2509 3085 2773 3164 professi
2800 3086 3158 3165 intelligant
3188 3107 3295 3167 qu.

2415 3178 2567 3239 bitio
2597 3178 2713 3239 sibi
2746 3179 3163 3242 interdicatur
3194 3201 3210 3242 :
3272 3206 3283 3242 ι

2416 3272 2719 3332 indirecta
2749 3277 2956 3350 potest
2985 3276 3242 3352 afferri,
3294 3315 3299 3326 -

2411 3369 2606 3442 recta,
2641 3365 2786 3426 licet
2812 3365 2916 3425 illa
2946 3368 3271 3445 particula

2417 3477 2540 3537 qua
2570 3458 2984 3536 explicatione
3016 3462 3212 3523 affert
3248 3465 3293 3523 1‘

2413 3551 2691 3626 censuris,
2726 3551 2887 3630 disp.
2921 3569 3051 3614 xm.
3086 3559 3259 3616 sect.
3303 3608 3310 3611 .

2415 3644 2623 3705 dicere
2654 3662 2826 3704 num.
2859 3645 2987 3724 93.)
3021 3646 3311 3708 dicente..

2415 3742 2512 3797 cte
2561 3736 2798 3797 laedens
2839 3737 3215 3800 libertatem
3249 3741 3300 3799 E
3403 3741 3418 3756 “
3521 3753 3546 3768 ··

2414 3834 2476 3890 et
2514 3829 3014 3891 substantialiter
3054 3837 3305 3892 contra

2414 3922 2692 3984 censuris
2738 3922 2881 3983 latis
2930 3922 2993 3981 in
3041 3923 3317 3984 conden
3384 3933 3437 3954 '⁸
3517 3942 3522 3959 ·

2414 4015 2902 4076 ecclesiasticam
2947 4015 3319 4077 libertaten

2415 4107 2610 4186 Cajet.
2643 4108 2705 4167 in
2737 4107 2984 4168 Summa
3017 4111 3224 4170 verb.
3263 4128 3330 4168 ea
3419 4125 3431 4139 ⁸
3464 4129 3530 4158 --ι

2417 4204 2604 4262 et15.
2655 4205 2718 4261 et
2759 4205 2857 4262 Π.
2911 4208 2974 4264 et
3004 4206 3122 4265 27.
3190 4207 3263 4263 et
3294 4208 3334 4263 2

2414 4294 2621 4355 varias
2651 4296 3348 4357 excommunicatione
3400 4307 3415 4338 τ

2416 4394 2515 4449 cte
2545 4388 2644 4449 vel
2673 4389 2993 4449 indirecte
3038 4389 3315 4468 aliquid
3397 4401 3462 4441 ¹21³·
3496 4421 3529 4445 ·.

2417 4483 2685 4561 explicat
2716 4527 2731 4557 ,
2793 4501 2912 4541 nec
2961 4484 3174 4543 affert
3222 4500 3350 4541 exe
3411 4506 3453 4535 αι,

2414 4575 2734 4635 indirectae
2790 4575 3127 4650 actionis,
3197 4593 3372 4652 neq·-
3405 4588 3468 4628 ἠι.
3526 4625 3532 4634 .

2418 4675 2621 4731 ctores
2667 4685 2807 4726 eam
2846 4668 3283 4739 particulam
3331 4684 3356 4727 ε
3417 4696 3487 4728 ·.-ι·.
