4263 6376
1246 365 1716 425 DISPUTATIO
1761 367 1977 443 XXVI,
2026 368 2301 428 SECTIO
2346 368 2503 428 XIII.

314 542 370 601 in
410 540 537 599 foro
578 539 797 599 saltem
855 540 1098 601 interno
1155 546 1512 602 contractus
1561 541 1661 601 ille
1708 542 1820 602 da-

313 631 602 694 mnandus
629 632 709 692 sit
739 652 753 691 :
789 651 935 692 nam
965 638 1212 712 emptor
1254 653 1375 694 non
1424 638 1670 695 tenetur
1713 652 1819 713 pa-

313 731 467 786 ctum
493 725 1036 786 retrovenditionis
1067 726 1396 787 admittere
1417 774 1431 802 ,
1479 726 1588 800 sed
1618 730 1821 804 potest

314 836 503 878 emere
555 836 696 878 cum
754 819 938 897 plena
968 819 1257 880 libertate
1315 820 1392 878 ad
1424 819 1818 880 retinendam

314 911 438 986 sibi,
468 911 560 970 vel
582 911 1075 971 consumendam
1097 931 1229 972 rem
1252 916 1524 989 emptam
1551 930 1565 975 t
1599 912 1646 970 si
1672 930 1825 989 ergo-

313 1004 368 1064 in
393 1003 648 1083 gratiam
674 1005 1016 1065 venditoris
1039 1005 1245 1082 privat
1270 1024 1337 1065 se
1360 1006 1477 1065 hac
1506 1006 1813 1081 libertate,

310 1117 411 1158 nec
438 1096 599 1175 cogit
628 1097 1019 1159 venditorem
1066 1098 1147 1158 ad
1186 1116 1319 1157 rem
1356 1098 1812 1174 redimendam,

313 1191 409 1251 sed
436 1189 663 1267 obligat
690 1209 759 1250 se
787 1190 850 1250 in
878 1192 1011 1269 ejus
1033 1191 1300 1268 gratiam
1329 1191 1411 1251 ad
1432 1191 1819 1252 consentien-

311 1284 446 1344 dum
481 1282 917 1361 redemptioni,
954 1284 1179 1362 poterit
1200 1286 1400 1363 magis
1431 1289 1491 1346 et
1519 1285 1723 1344 minus
1752 1302 1818 1344 se

312 1377 601 1455 obligare3
636 1382 699 1436 et
729 1376 890 1438 sicut
909 1380 1114 1454 potest
1143 1377 1305 1437 nolle
1335 1395 1400 1436 se
1425 1377 1704 1454 obligare
1737 1376 1816 1436 ad

310 1467 784 1545 revendendum,
821 1468 934 1529 nisi
965 1473 1109 1547 post
1134 1472 1377 1530 tantum
1411 1474 1686 1549 tempuS,
1722 1471 1818 1529 vel

309 1561 410 1621 nisi
429 1561 485 1619 in
501 1560 729 1622 talibus
749 1561 1233 1622 circumstantiis
1257 1582 1271 1635 ;
1297 1563 1383 1623 ita
1403 1566 1609 1642 potest
1630 1563 1814 1639 nolle,

310 1652 413 1713 nisi
461 1652 661 1733 majus
708 1655 979 1733 pretium
1027 1654 1209 1715 detur
1240 1656 1401 1716 intra
1429 1655 1819 1716 latitudinem

307 1747 471 1825 pretii
508 1746 683 1826 justi.
747 1748 925 1809 Ratio
982 1751 1194 1808 autem
1250 1768 1289 1808 a
1342 1748 1534 1826 priori
1574 1749 1822 1809 ridetur

307 1839 491 1915 clara,
539 1841 687 1919 quia
734 1859 855 1900 non
901 1842 1140 1919 magIS,
1194 1842 1319 1902 imo
1362 1842 1571 1901 minus
1599 1845 1822 1918 gravat

307 1931 675 1993 venditorem
697 1932 966 1992 nolendo
990 1953 1055 1992 se
1078 1934 1354 2013 obligare
1375 1934 1456 1994 ad
1477 1933 1821 1994 revenden·

308 2024 442 2085 dum
471 2025 691 2085 eodem
733 2026 933 2105 pretio
959 2073 974 2099 ,
1027 2046 1216 2106 quam
1264 2027 1533 2088 nolendo
1565 2026 1818 2086 seobli-

305 2136 440 2195 gare
484 2118 561 2177 ad
592 2118 1069 2181 revendendum
1109 2120 1235 2179 ullo
1266 2120 1466 2198 pretio
1501 2139 1514 2180 ε
1566 2120 1676 2179 sed
1709 2137 1822 2198 po-

304 2214 411 2271 test
443 2210 675 2289 absque
725 2211 854 2271 ulla
897 2211 1124 2291 injuria
1166 2212 1508 2273 venditoris
1549 2218 1817 2290 emptor,

307 2303 442 2362 dum
469 2303 615 2363 emit
643 2303 845 2382 pretio
869 2305 1040 2383 justo
1071 2304 1322 2382 infimo,
1376 2305 1538 2364 nolle
1569 2324 1634 2363 se
1666 2305 1823 2365 ohli-

303 2414 439 2474 gare
467 2395 544 2455 ad
574 2396 1054 2456 revendendum
1085 2397 1212 2457 ullo
1245 2397 1446 2475 pretio
1472 2418 1487 2469 ;
1537 2416 1686 2476 ergo
1715 2416 1821 2476 po-

303 2493 414 2550 test
459 2489 699 2568 absque
758 2489 886 2549 ulln
942 2489 1173 2567 injuria
1221 2490 1382 2550 nolle
1429 2509 1493 2550 se
1544 2490 1819 2568 obligare

301 2581 373 2642 ad
427 2581 827 2642 vendendum
896 2583 1119 2643 eodem
1179 2584 1400 2662 preti0.
1474 2586 1593 2644 Per
1652 2583 1819 2662 quod

301 2680 457 2754 patet
481 2676 561 2737 ad
592 2677 1078 2737 fundamentum
1109 2678 1356 2738 Molinae
1392 2699 1404 2739 :
1454 2678 1623 2757 quod
1653 2677 1819 2737 enim

301 2766 407 2828 hoc
432 2769 540 2830 fiat
567 2770 629 2828 in
667 2770 891 2829 eodem
922 2774 1246 2831 contractu
1269 2817 1284 2845 ,
1331 2774 1392 2832 et
1419 2789 1560 2830 cum
1596 2770 1818 2830 eadem

302 2881 569 2939 persora,
606 2862 708 2923 vel
738 2864 801 2923 in
837 2862 1118 2940 diversIS,
1155 2882 1375 2941 parum
1404 2864 1616 2939 refert,
1651 2863 1700 2922 si
1730 2868 1819 2923 ta-

299 2972 450 3031 men,
482 2962 551 3018 ut
578 2957 741 3033 dixi,
777 2957 979 3017 omnis
1012 2956 1327 3017 simulatio
1359 2965 1421 3017 et
1449 2976 1656 3030 usura}
1685 2957 1820 3036 pal-

297 3050 452 3110 liatio
482 3051 668 3112 absit.

368 3144 497 3206 Alia
525 3145 630 3206 via
661 3147 869 3224 posset
896 3163 1051 3221 esse,
1084 3149 1154 3207 ut
1183 3148 1428 3225 emptor
1457 3145 1663 3225 exigat
1690 3163 1820 3205 ma-

183 3284 213 3324 i,
291 3238 385 3316 jus
412 3240 680 3317 pretium
712 3258 899 3317 quam
930 3239 1136 3315 dedit,
1169 3239 1384 3300 addito
1416 3245 1596 3319 pacto
1630 3245 1818 3300 retro·

181 3343 244 3430 [4¹¹³
297 3332 659 3393 venditionis
687 3332 747 3392 in
771 3333 1048 3392 favorem
1082 3333 1442 3408 venditoriS,
1469 3352 1608 3412 quae
1630 3331 1821 3392 sumi-

182 3406 256 3486 ἓ
298 3430 388 3486 tur
414 3445 483 3485 ex
511 3426 727 3487 Lessio
760 3444 930 3486 num.
968 3429 1105 3487 115.
1139 3425 1287 3504 quia
1316 3425 1550 3487 scilieet
1578 3430 1822 3504 emptor

181 3513 253 3594 ξπ,
298 3519 519 3579 ratione
576 3519 745 3579 illius
803 3518 994 3597 pacti,
1051 3528 1114 3579 et
1158 3519 1364 3578 oneris
1403 3519 1815 3596 superadditi,

296 3612 434 3672 emit
472 3631 607 3673 rem
657 3611 880 3671 minori
924 3611 1120 3690 pretio
1147 3659 1161 3688 ‚
1225 3630 1369 3672 curn
1425 3611 1652 3671 debeat
1707 3630 1820 3690 pro

295 3704 693 3767 aestimatione
741 3704 946 3766 oneris
1000 3705 1164 3765 illius
1220 3705 1452 3784 aliquid
1502 3705 1578 3764 de
1619 3706 1818 3784 pretio

294 3797 519 3859 detrahi
556 3820 569 3859 :
604 3803 824 3878 postea
853 3817 1033 3872 vere,
1069 3799 1319 3878 quando
1346 3817 1480 3858 rem
1509 3798 1817 3859 venditori

293 3890 521 3967 reddit,
572 3892 684 3953 dat
713 3909 850 3952 eam
881 3891 1012 3952 sine
1044 3892 1168 3952 ullo
1201 3911 1419 3963 onere;
1473 3910 1668 3971 quare
1712 3909 1818 3969 po—

292 3987 400 4045 test
426 3985 675 4064 exigere
706 3985 975 4063 pretium
1018 3984 1330 4063 integrum
1367 3985 1607 4062 justum
1654 3984 1818 4044 illius

290 4077 400 4152 rei,
451 4083 512 4139 et
540 4097 656 4157 per
684 4096 1072 4157 consequens
1100 4082 1306 4157 potest
1334 4079 1411 4137 ab
1443 4078 1616 4138 initio
1647 4079 1818 4156 paci-

290 4169 390 4246 sci,
417 4175 484 4232 ut
511 4172 572 4230 in
603 4171 1133 4231 retrovenditione
1166 4171 1349 4231 detur
1363 4171 1419 4231 ei
1446 4172 1650 4249 majus
1680 4191 1815 4249 pre-

289 4262 433 4322 tium
463 4282 654 4343 quam
699 4263 829 4342 ipse
878 4264 1088 4339 dedit,
1151 4263 1296 4342 quia
1343 4264 1481 4343 plus
1529 4265 1636 4323 dat
1682 4265 1814 4343 ipse

289 4355 599 4416 reddendo
635 4376 766 4415 rem
814 4357 945 4416 sine
976 4375 1164 4417 onere
1189 4403 1203 4432 ,
1258 4376 1448 4435 quam
1486 4362 1816 4435 acceperat

291 4450 527 4526 quando
560 4450 616 4509 ei
650 4469 790 4510 cum
821 4468 1009 4510 onere
1041 4449 1187 4509 data
1219 4451 1352 4510 fuit.

360 4543 624 4621 Objicirt
650 4547 861 4603 tamen
892 4542 1149 4622 aliquis„
1202 4543 1367 4602 hunc
1409 4543 1657 4604 titulum
1691 4562 1813 4602 non

288 4635 477 4696 videri
515 4638 930 4698 sufficientem
956 4684 970 4713 ‚
1005 4641 1075 4698 ut
1102 4637 1297 4716 possit
1325 4641 1569 4715 emptor
1600 4641 1814 4714 postea

286 4729 587 4810 integrum
622 4731 889 4809 pretium
910 4730 1151 4809 justum
1173 4730 1459 4809 exigere3
1495 4731 1643 4810 quia
1657 4732 1818 4792 sicut

286 4821 410 4900 ipse
439 4841 562 4883 non
602 4822 777 4884 dedit
804 4823 1073 4900 pretium
1099 4821 1338 4901 justum
1368 4823 1704 4901 integrum,
1740 4842 1813 4885 eo

287 4915 444 4995 quod
476 4934 599 4976 non
628 4916 871 4995 accepit
890 4916 1142 4975 omnino
1166 4916 1348 4994 plene
1364 4934 1519 4992 rem,
1540 4916 1649 4975 sed
1671 4935 1813 4976 cum

287 5025 501 5082 onere;
534 5010 622 5070 ita
649 5028 765 5070 nec
793 5014 997 5088 potest
1026 5009 1272 5086 exigere
1294 5009 1563 5087 pretium
1575 5011 1815 5088 justum

287 5099 772 5182 integrum,quia
808 5122 929 5163 non
962 5102 1169 5163 reddit
1196 5106 1414 5181 postea
1444 5103 1625 5181 plene
1656 5121 1810 5163 rem:

290 5212 403 5254 non
451 5195 617 5256 enim
671 5196 779 5257 dat
825 5197 965 5275 plus
1012 5200 1232 5276 postea
1258 5195 1567 5256 venditori
1627 5214 1815 5275 quam

284 5286 408 5365 ipse
439 5288 728 5362 haberet3
763 5290 896 5369 ipse
932 5295 1143 5350 autem
1173 5308 1297 5350 non
1335 5289 1606 5351 habe-bat
1637 5291 1815 5368 plene

285 5398 432 5456 rem,
464 5382 573 5442 sed
604 5382 907 5443 diminute
943 5402 957 5442 ε
993 5401 1143 5462 ergo
1173 5401 1296 5442 non
1330 5382 1511 5461 plene
1544 5383 1671 5460 dat,
1706 5383 1817 5443 sed

288 5479 586 5551 quatenus
616 5475 747 5554 ipse
778 5475 1080 5551 babebat,
1118 5480 1305 5553 atque
1344 5475 1484 5537 ideo
1533 5494 1657 5536 non
1706 5494 1818 5554 po-

288 5567 424 5628 terit
450 5568 719 5646 pretium
748 5569 1060 5647 integrum
1113 5569 1398 5648 exigere,
1459 5569 1571 5629 sed
1617 5570 1818 5630 solum

3337 366 3452 425 323

1919 548 2222 623 quantum
2254 544 2420 605 valet
2458 543 2561 623 jus
2603 544 2771 622 quod
2819 543 2950 621 ipse
2995 562 3066 602 ex
3099 543 3301 621 prima
3330 560 3454 600 em-

1918 636 2129 714 ptione
2163 637 2560 716 acquisierat.
2623 639 2754 697 Hoc
2784 640 2990 697 tamen
3023 654 3146 696 non
3179 635 3348 712 cogit
3375 634 3455 694 ad

1919 730 2275 807 negandam
2297 730 2604 810 justitiam
2636 730 2740 809 huj
2752 750 2821 789 us
2841 729 3132 790 secundae
3153 728 3456 790 venditio-

1920 823 2014 881 nis
2062 841 2173 900 pro
2212 824 2412 902 pretio
2445 823 2614 902 justo
2645 824 2919 901 integrm
2974 822 3116 901 quia
3165 822 3311 882 licet
3351 821 3457 881 illa

1920 914 2216 993 obligatio
2248 916 2538 996 imposita
2568 916 2855 995 emptori,
2877 920 3042 975 esset
3069 914 3266 992 pretio
3298 914 3455 975 aesti-

1918 1008 2165 1066 mabilis
2194 1054 2207 1076 ,
2261 1013 2325 1069 et
2352 1008 2665 1069 sufficiens
2698 1012 2767 1069 ut
2795 1006 3053 1068 diminui
3089 1007 3349 1067 deberet
3377 1007 3456 1065 de

1916 1101 2141 1179 pretia,
2164 1119 2237 1161 eo
2270 1101 2438 1180 quod
2467 1102 2573 1161 illa
2593 1101 2891 1179 obligatio
2923 1104 3086 1161 esset
3114 1099 3291 1179 quasi
3313 1118 3457 1177 pars

1919 1193 2130 1271 pretii;
2185 1213 2304 1254 non
2340 1198 2547 1254 tamen
2588 1193 2817 1254 sufficit
2862 1199 2931 1254 ut
2972 1200 3187 1272 postea
3232 1192 3459 1252 debeat

1918 1291 2166 1364 emptor
2207 1285 2269 1346 in
2309 1285 2584 1346 secunda
2614 1287 2967 1347 venditione
2999 1285 3347 1345 diminuere
3378 1284 3456 1344 de

1918 1379 2115 1456 pretio
2141 1380 2311 1457 justo
2346 1399 2360 1451 ;
2396 1379 2542 1458 quia
2569 1383 2701 1440 tota
2731 1380 2836 1438 illa
2859 1379 3154 1457 obligatio
3188 1381 3322 1437 erat
3354 1396 3456 1438 so-

1919 1471 2049 1531 lum
2088 1472 2167 1531 ad
2201 1471 2670 1532 revendendum
2702 1473 2903 1550 pretio
2931 1472 3128 1551 justo;
3183 1489 3375 1550 quare
3407 1470 3457 1529 si

1918 1565 2143 1625 minori
2171 1565 2369 1644 pretio
2401 1564 2661 1625 deberet
2688 1565 2890 1640 reddi,
2925 1565 3062 1642 plus
3092 1569 3339 1642 emptor
3365 1563 3459 1623 fa-

1920 1677 2060 1718 cere
2092 1661 2424 1737 cogeretur
2453 1676 2640 1737 quam
2671 1677 2743 1718 ex
2775 1662 2957 1736 pacto
2989 1656 3281 1733 debebat,
3315 1675 3459 1718 cum

1920 1753 2121 1811 solum
2153 1751 2412 1812 deberet
2453 1751 2716 1812 reddere
2760 1770 2893 1810 rem
2932 1751 3133 1829 pretio
3155 1751 3326 1830 justo
3358 1751 3458 1810 in-

1919 1847 2118 1921 tegre.
2173 1845 2541 1923 Exemplum
2573 1844 2758 1905 estin
2790 1862 2900 1920 e0,
2956 1844 3063 1924 qui
3105 1862 3171 1904 se
3224 1844 3462 1922 obligat

1920 1938 1999 1997 ad
2030 1938 2429 1998 vendendum
2459 1938 2571 1999 tibi
2602 1938 2803 2016 pretio
2825 1938 2995 2015 justo
3027 1954 3276 2015 panem,
3312 1954 3460 2015 quo-

1918 2031 2034 2091 ties
2063 2031 2334 2091 volueris
2365 2047 2572 2090 emere
2621 2050 2633 2091 :
2688 2049 2830 2109 quae
2872 2029 3167 2107 obligatio
3199 2033 3293 2090 est
3321 2047 3457 2107 pre-

1919 2125 2004 2185 tio
2035 2123 2440 2201 oestimabiliS,
2474 2128 2537 2185 et
2563 2128 2773 2185 tamen
2806 2121 3324 2202 posteavenditor
3351 2141 3457 2202 po-

1917 2221 2040 2278 test
2069 2216 2315 2295 exigere
2355 2221 2555 2277 totum
2583 2216 2851 2295 pretium
2873 2215 3111 2293 justum
3140 2215 3457 2293 integrum

1917 2329 2031 2389 pro
2063 2328 2224 2388 pane
2272 2329 2285 2369 ε
2338 2310 2416 2369 ad
2446 2310 2567 2370 hoc
2596 2310 2763 2370 enim
2800 2309 3002 2369 solum
3031 2327 3096 2368 se
3127 2308 3450 2387 obligavit.

1920 2404 2094 2464 Idem
2145 2421 2292 2481 ergo
2340 2406 2433 2464 est
2475 2402 2535 2461 in
2570 2421 2718 2463 casu
2750 2405 3003 2477 nostre,
3055 2404 3117 2461 et
3163 2400 3321 2462 ratio
3367 2405 3460 2463 est

1922 2497 2068 2576 quia
2100 2496 2394 2574 obligatio
2427 2496 2789 2575 praecedens
2820 2512 2944 2554 non
2976 2497 3070 2553 est
3087 2511 3232 2571 pars
3247 2493 3453 2571 pretii,

1919 2608 2031 2668 pro
2063 2607 2185 2667 quo
2217 2588 2423 2649 reddit
2452 2607 2591 2648 eam
2620 2587 2949 2663 venditori,
2978 2586 3086 2645 sed
3109 2590 3204 2646 est
3224 2585 3457 2664 aliquid

1921 2682 2336 2743 extrinsecum
2381 2682 2663 2759 obligans
2709 2681 2909 2741 solum
2942 2679 3021 2738 ad
3054 2678 3460 2738 vendendum

1919 2776 2117 2854 pretio
2140 2774 2309 2854 justo
2348 2795 2361 2835 ε
2397 2792 2510 2834 nec
2538 2775 2746 2834 minus
2774 2774 2882 2835 dat
2911 2772 3174 2851 emptori
3202 2819 3217 2848 ,
3269 2789 3458 2850 quam

1919 2869 1968 2929 si
1999 2869 2448 2946 obligationem
2478 2886 2601 2928 non
2633 2867 2929 2943 haberet,
2985 2865 3095 2925 sed
3137 2866 3285 2925 facit
3313 2883 3458 2925 cum

1917 2961 2147 3022 minori
2173 2962 2459 3023 libertate
2483 3008 2498 3037 ,
2550 2966 2613 3022 et
2641 2979 2783 3020 eum
2814 2958 3035 3039 majori
3077 2958 3457 3036 obligatione

1918 3055 2068 3115 illud
2118 3055 2285 3114 idem
2330 3055 2496 3133 quod
2544 3054 2677 3114 sine
2723 3053 3099 3131 obligatione
3132 3055 3341 3130 posset
3367 3050 3459 3110 fa-

1919 3168 2059 3210 cere
2090 3152 2153 3209 et
2182 3166 2303 3209 non
2332 3149 2573 3209 facere:
2609 3146 2714 3226 qui
2745 3147 2968 3207 modus
2997 3145 3279 3206 diveisus
3309 3161 3459 3223 ope·

1918 3243 2097 3303 randi
2130 3261 2254 3302 non
2285 3241 2577 3302 diminuit
2605 3240 2875 3319 pretium
2905 3240 3100 3317 ipsius
3131 3237 3220 3297 rei
3247 3283 3262 3314 ‚
3316 3256 3456 3316 qua:

1915 3336 2221 3397 redditur.

2004 3432 2200 3504 PeteS,
2236 3447 2314 3487 an
2346 3427 2542 3506 possit
2561 3446 2593 3488 e
2611 3431 2827 3489 contra
2855 3430 3111 3505 pactum
3133 3428 3458 3487 retroven-

1918 3522 2171 3582 ditionis
2201 3522 2260 3580 in
2290 3521 2569 3580 favorem
2598 3518 2940 3580 venditoris
2970 3516 3238 3597 apponi,
3272 3515 3358 3576 ita
3387 3519 3456 3576 ut

1919 3621 2166 3693 emptor
2193 3618 2481 3675 teneatur
2528 3613 2750 3673 eodem
2780 3612 2978 3692 pretio
3028 3628 3152 3689 quo
3185 3608 3446 3686 accepit,

1917 3709 2182 3770 reddere
2229 3725 2363 3767 rem
2403 3706 2750 3781 venditori,
2803 3709 2934 3765 esto
2979 3722 3078 3764 res
3125 3706 3343 3782 postea
3387 3701 3447 3759 in

1915 3801 2112 3881 pretio
2146 3798 2455 3860 creverit?
2508 3798 2770 3859 Videtur
2816 3797 2982 3857 enim
3031 3815 3105 3854 ex
3154 3792 3334 3854 dictis
3385 3792 3449 3852 id

1916 3895 2051 3954 fieri
2078 3912 2202 3954 non
2233 3910 2414 3972 posse
2440 3908 2455 3955 t
2490 3890 2637 3969 quia
2656 3889 2858 3968 prima
2876 3888 3152 3948 venditio
3184 3905 3308 3947 non
3337 3905 3450 3964 po-

1916 3992 2080 4049 terat
2124 3991 2253 4048 toto
2301 3983 2501 4064 pretio
2552 3984 2721 4061 justo
2777 3982 2941 4058 fieri,
3003 3980 3111 4040 sed
3169 3980 3451 4041 detracta

1914 4084 2091 4160 parte
2111 4097 2222 4158 pro
2247 4095 2434 4137 onere
2454 4076 2554 4135 illo
2578 4074 3120 4136 ren-ovenditionis
3149 4072 3452 4151 superad-

1915 4175 2066 4234 dito.
2129 4170 2417 4233 Secunda
2448 4175 2655 4231 autem
2685 4168 2960 4229 venditio
2981 4213 2996 4243 ,
3049 4187 3189 4247 quae
3217 4168 3289 4228 fit
3316 4166 3449 4226 siue

1911 4267 2037 4328 ullo
2068 4282 2280 4340 onere,
2315 4262 2504 4341 exigit
2531 4267 2729 4323 totum
2756 4261 3025 4340 pretium
3046 4261 3286 4339 justum
3317 4259 3448 4320 sine

1913 4358 2360 4433 diminutione,
2395 4362 2456 4416 et
2485 4356 2678 4416 multo
2710 4355 2916 4414 minus
2943 4355 3074 4413 fieri
3102 4354 3362 4432 poterit,
3398 4353 3448 4413 si

1912 4458 2198 4531 tempore
2254 4451 2359 4510 illo
2416 4449 2593 4509 valor
2643 4449 2732 4508 rei
2787 4447 3113 4526 augendus
3170 4451 3443 4526 putetur.

1916 4549 2100 4624 Resp.
2137 4551 2373 4616 tamen,
2432 4543 2651 4621 procul
2708 4541 2898 4601 dubio
2955 4540 3019 4599 id
3066 4540 3198 4599 fieri
3240 4558 3443 4619 posse,

1914 4644 2100 4718 prout
2147 4637 2424 4717 quotidie
2467 4638 2539 4695 fit
2579 4634 2640 4694 in
2686 4653 2876 4694 censu
2917 4634 3287 4708 redimibili,
3341 4633 3450 4712 qui

1913 4751 2160 4811 semper
2190 4729 2412 4791 eodem
2441 4729 2641 4807 pretio
2667 4727 2997 4789 redimitur
3028 4747 3040 4788 :
3093 4728 3240 4806 quia
3269 4725 3452 4786 nimi-

1912 4844 2053 4886 rum
2084 4829 2233 4886 tunc
2265 4842 2388 4883 non
2421 4827 2550 4882 tam
2595 4822 2666 4882 fit
2707 4829 2926 4900 postea
2955 4839 3118 4880 nova
3147 4819 3443 4894 venditiO,

1915 4937 2103 4998 quam
2136 4915 2455 4977 dissolutio
2488 4914 2711 4993 prioris
2740 4917 3094 4974 contractus
3124 4932 3195 4971 ex
3227 4912 3445 4972 volun-

1913 5017 2041 5074 tate
2071 5009 2596 5083 contrahentium,
2632 5006 2736 5086 qui
2767 5010 3102 5084 potuerunt
3130 5005 3227 5064 vel
3260 5003 3452 5063 indis-

1915 5103 2281 5178 solubiliter,
2303 5103 2399 5160 vel
2430 5099 2874 5161 dissolubiliter
2901 5097 3170 5158 abinitio
3202 5101 3453 5158 eontra-

1915 5197 2094 5270 here3
2147 5196 2335 5256 debet
2372 5200 2583 5256 tamen
2628 5194 2764 5268 ille,
2819 5191 2882 5251 in
2914 5190 3091 5269 cujus
3121 5190 3452 5252 arbitrium

1916 5289 2239 5350 dissolutio
2287 5290 2497 5349 futura
2531 5286 2904 5360 remittitur,
2952 5284 3004 5344 si
3029 5284 3110 5344 sit
3138 5284 3447 5360 venditor,

1917 5384 2234 5445 remittere
2275 5383 2352 5442 de
2397 5381 2626 5459 pretio,
2678 5380 2730 5439 si
2768 5378 2845 5439 sit
2873 5380 3117 5456 emptor
3162 5377 3316 5436 illud
3345 5395 3451 5437 au-

1917 5496 2065 5555 gere
2096 5482 2351 5554 propter
2379 5492 2536 5534 onus
2554 5473 2706 5532 illud
2729 5471 2906 5531 alteri
2929 5470 3320 5531 contrahenti
3350 5489 3454 5529 su-

1917 5569 2337 5649 peradditum.
2375 5569 2675 5630 Videatur
2701 5565 2947 5627 Lessius
2978 5583 3038 5625 n.
3077 5567 3210 5625 115.

3607 3442 3720 3500 198

3503 3565 3623 3616 Quid,
3658 3566 3693 3606 εἰ
3730 3578 3796 3607 res

3502 3619 3690 3660 credatur
3707 3619 3797 3671 plus

3519 3672 3703 3720 valinum,
3726 3685 3777 3714 an

3499 3725 3618 3768 liceat
3635 3731 3795 3778 pactum

3544 3779 3768 3821 redimendi

3497 3832 3639 3874 eodem
3665 3833 3798 3885 presto
