4263 6376
566 831 642 890 33

429 991 452 1010 ..
517 954 636 1007 Quid.
671 956 707 999 εἰ

501 1020 569 1073 req
589 1010 720 1053 locata

502 1074 526 1104 ο
528 1074 645 1105 vvvv
649 1069 731 1108 tur.

536 1953 616 2012 34

465 2077 526 2120 Do
554 2080 709 2123 condu-

463 2132 614 2183 ctione,
639 2140 709 2177 aut

466 2186 698 2232 venditione

817 277 936 336 448

817 464 1028 532 torem,
1083 455 1144 515 ff.
1194 450 1266 512 de
1307 458 1421 512 act.
1472 455 1645 529 empt.
1687 446 1751 507 id
1789 448 2001 507 tamen
2029 445 2346 523 peculiare

818 551 912 609 cst
940 548 1002 607 in
1033 549 1355 608 contractu
1385 540 1717 620 emptionis
1745 539 1827 599 ad
1855 537 2142 599 vitandas
2183 537 2341 613 lites,

817 644 878 700 et-
907 639 1266 700 exorbitans
1285 655 1324 698 a
1336 636 1479 716 jure
1499 631 1814 694 communi
1836 651 1851 704 ;
1886 648 2080 710 quare
2098 628 2177 688 ad
2193 629 2348 690 alios

816 735 1172 793 contractus
1203 727 1450 790 extendi
1481 745 1604 787 non
1636 725 1844 785 debet.

895 824 1164 885 Insertur
1190 826 1362 883 sexto
1386 867 1401 897 ,
1452 820 1504 879 si
1550 837 1683 878 rem
1712 818 1983 877 alienam
2025 815 2195 875 bona
2222 814 2346 874 fide

813 916 1055 992 locasti,
1091 920 1153 977 et
1173 918 1389 993 postea
1404 912 1728 972 evincatur
1742 929 1778 970 a
1793 908 2045 989 proprio
2064 907 2342 983 domino,

812 1010 1006 1072 teneri
1037 1012 1097 1070 te
1119 1009 1319 1069 solum
1350 1006 1427 1065 ad
1459 1003 1922 1083 procurandum
1951 1000 2339 1077 conductori,

809 1108 872 1165 et
900 1101 1310 1165 obtinendum
1339 1119 1378 1159 a
1403 1097 1655 1158 domino
1687 1114 1869 1156 usum
1913 1094 2194 1172 ejusdem
2225 1093 2339 1174 rei,

804 1197 905 1259 vel
935 1194 1323 1257 offerendam
1352 1191 1410 1252 ei
1436 1191 1623 1251 aliam
1656 1207 1834 1268 aeque
1864 1187 2094 1249 bonam
2114 1233 2129 1263 ‚
2163 1187 2261 1246 vel
2290 1185 2340 1245 si

805 1293 1096 1350 neutrum
1125 1287 1358 1366 possis,
1392 1284 1470 1344 ad
1502 1280 1941 1343 remittendam
1973 1280 2338 1358 pensionem

802 1381 1102 1461 temporis
1148 1379 1468 1459 sequentis
1515 1393 1531 1440 t
1577 1375 1745 1455 quod
1789 1373 1957 1434 idem
2000 1371 2337 1432 dicendum

797 1476 1046 1537 videtur
1073 1473 1123 1534 si
1164 1490 1264 1533 res
1310 1470 1513 1531 locata
1556 1468 1689 1529 sine
1733 1470 1840 1527 tua
1885 1465 2107 1527 saltem
2154 1464 2340 1543 culpa

797 1569 1170 1631 confiscetur
1203 1586 1217 1627 :
1253 1564 1399 1645 quia
1429 1582 1504 1623 ex
1533 1564 1861 1623 contractu
1877 1559 2080 1619 solum
2101 1558 2336 1619 teneris

798 1663 876 1723 ad
908 1660 1228 1740 implenda
1257 1656 1585 1737 promissa,
1620 1657 1926 1733 quantum
1956 1651 2100 1712 inte
2121 1650 2329 1725 fuerit,

792 1755 891 1816 vel
920 1755 971 1814 si
1000 1754 1064 1814 id
1106 1752 1239 1813 lieri
1277 1770 1403 1812 non
1453 1747 1687 1828 possit,
1747 1745 1828 1806 ad
1884 1743 2332 1805 remittendum

790 1848 1087 1928 pretium.

869 1943 1141 2004 Infertur
1192 1936 1490 2012 secunde,
1551 1933 1702 2013 quid
1757 1930 2093 1992 dicendum
2140 1928 2219 1989 sit
2262 1927 2328 1989 in

788 2054 960 2112 casu,
996 2050 1185 2114 quem
1215 2050 1288 2090 ex
1316 2028 1593 2109 professo
1616 2025 1932 2085 examinat
1949 2022 2178 2084 Molina
2197 2025 2328 2082 tota

790 2129 954 2208 disp.
988 2129 1126 2188 502.
1166 2141 1347 2184 casus
1378 2124 1587 2181 autem
1612 2118 1713 2178 hic
1745 2122 1841 2178 est
1872 2133 1885 2178 :
1925 2115 2098 2176 Solet
2126 2114 2188 2174 in
2217 2132 2327 2174 na-

447 2237 712 2291 jun-indiu-
788 2222 970 2282 vibus
1002 2237 1141 2300 quae
1172 2237 1249 2278 ex
1281 2213 1601 2276 Lusitania
1647 2211 1727 2272 ad
1769 2210 2011 2271 Indiam
2059 2208 2325 2268 orienta-

436 2303 528 2334 eum
559 2292 600 2334 ¹¹¹
621 2295 734 2340 ω’*
785 2315 910 2375 lem
939 2312 1302 2385 mittuntur,
1355 2305 1611 2368 concedi
1654 2305 1828 2364 locus
1855 2300 2157 2361 ministris
2185 2299 2326 2379 qui-

786 2407 1054 2469 busdam
1101 2402 1277 2465 navis
1324 2422 1338 2463 ε
1391 2397 1648 2479 quidam
1692 2399 1903 2456 autem
1935 2412 2008 2452 ex
2038 2393 2113 2452 iis
2140 2391 2320 2451 mini-

782 2500 925 2563 stris
955 2497 1129 2559 dedit
1167 2491 1501 2555 mercatori
1530 2507 1643 2569 pro
1683 2490 1853 2548 certo
1882 2485 2082 2565 pretio
2112 2484 2319 2544 locum

681 2575 684 2578 Δ
783 2610 988 2669 suum,
1022 2593 1093 2651 ut
1134 2591 1447 2648 mercator
1494 2583 1579 2643 ibi
1627 2597 1868 2641 merces
1917 2597 2062 2639 suas
2106 2580 2320 2655 posset

779 2703 1014 2767 ponere
1045 2683 1124 2743 ad
1146 2680 1389 2742 Indiam
1405 2672 1889 2738 transferendas.
1923 2670 2112 2731 Navis
2129 2689 2166 2729 a
2185 2688 2320 2731 me-

783 2780 886 2842 dio
916 2778 1140 2840 itinere
1181 2768 1628 2834 reluctantibus
1655 2764 1859 2827 ventis
1885 2811 1901 2842 ,
1956 2763 2015 2823 in
2063 2769 2315 2844 portum

780 2873 948 2933 unde
993 2869 1304 2941 solverat,
1353 2862 1558 2923 redire
1604 2858 1895 2938 cogitur:
1931 2861 2068 2918 orta
2109 2860 2205 2917 est
2242 2856 2315 2916 lis

780 2966 946 3027 inter
979 2964 1395 3023 mercatorem
1435 2958 1755 3036 petentem
1800 2951 1918 3012 sibi
1954 2949 2128 3010 reddi
2173 2968 2316 3028 pre-

781 3058 940 3121 tium
967 3056 1189 3118 saltem
1203 3046 1331 3129 'pro
1361 3052 1497 3109 rata
1526 3045 1849 3124 temporis,
1883 3061 2005 3122 quo
2027 3061 2177 3103 usus
2208 3061 2313 3103 na-

776 3151 871 3212 vis
899 3143 1302 3228 impossibilis
1330 3141 1529 3202 factus
1559 3143 1672 3215 est,
1699 3138 1938 3200 etinter
1957 3135 2312 3196 ministrum

777 3245 1089 3305 dicentem
1118 3257 1184 3299 se
1214 3234 1585 3297 satisfecisse
1616 3230 1995 3307 contractui,
2029 3229 2310 3290 cedendo

776 3338 833 3399 ei
860 3337 1069 3399 locum
1100 3330 1286 3410 etjus
1316 3327 1483 3408 quod
1529 3325 1840 3399 habebat,
1893 3340 2094 3401 neque
2144 3322 2311 3382 enirn

773 3450 840 3491 se
870 3429 952 3491 ad
981 3428 1269 3489 effectum
1300 3426 1362 3483 et
1388 3420 1718 3483 utilitatem
1759 3417 2034 3478 futuram
2077 3414 2313 3494 obliga-

774 3525 970 3583 verat.

853 3617 922 3675 In
979 3613 1100 3674 hoc
1153 3627 1302 3671 casu
1357 3604 1552 3684 aliqui
1607 3602 1919 3677 dixerunt,
1975 3601 2310 3662 restituen-

775 3709 922 3769 dam
970 3723 1105 3767 esse
1161 3705 1407 3782 partem
1447 3694 1766 3776 pensionis
1811 3693 2148 3754 mercatori
2193 3712 2306 3773 pro

773 3806 909 3863 rata
937 3796 1256 3877 temporis,
1291 3795 1383 3854 Ita
1411 3787 1878 3851 Alvanvnlaso.
1912 3785 2175 3847 consult.
2201 3790 2300 3848 75.

851 3892 1165 3955 Probatur
1192 3885 1395 3966 primo
1427 3901 1498 3942 ex
1544 3880 1828 3942 doctrina
1859 3879 2088 3939 tradita
2108 3925 2123 3956 ,
2158 3881 2306 3959 quia

772 3988 908 4049 haec
936 3985 1052 4046 fuit
1075 3980 1302 4044 locatio
1333 3976 1495 4037 illius
1522 3974 1643 4035 loci
1673 3974 1735 4033 in
1769 3971 1934 4048 navi,
1969 3972 2130 4033 sicut
2148 3972 2306 4032 silu-

770 4085 1052 4143 craretur
1106 4070 1462 4136 cubiculum
1517 4068 1581 4128 in
1635 4067 1822 4128 domo
1871 4086 1885 4128 ε
1930 4066 2302 4127 adveniente

770 4180 981 4236 autem
1010 4166 1456 4248 impedimento
1489 4180 1564 4222 ex
1610 4165 1786 4239 parte
1833 4160 1926 4218 rei
1963 4158 2183 4219 locatae
2222 4158 2302 4218 ad

769 4283 952 4329 usum
995 4262 1229 4342 ipsiuS,
1277 4257 1466 4318 debet
1505 4253 1749 4315 detrahi
1791 4270 1936 4330 pars
1986 4251 2303 4330 pensionis

767 4378 881 4438 pro
908 4362 1045 4418 rata
1086 4350 1406 4431 temporis.
1443 4346 1729 4411 Secundo
1773 4364 1847 4405 ex
1892 4344 1933 4404 l.
1969 4343 2045 4404 Si
2072 4363 2207 4420 une,
2239 4345 2295 4423 ξ.

767 4453 913 4514 Item
950 4469 1079 4510 cum
1108 4443 1367 4528 quidam,
1402 4443 1465 4503 ff.
1496 4439 1691 4509 locati,
1722 4437 1831 4498 ubi
1872 4436 2089 4496 similis
2116 4454 2300 4497 casus

766 4545 1033 4606 habetur
1087 4540 1183 4601 his
1232 4535 1442 4598 verbis
1485 4553 1500 4593 ε
1558 4555 1586 4590 «
1631 4534 1784 4594 Cum
1839 4530 2096 4609 quidam
2156 4529 2301 4590 navi

763 4638 1016 4712 amissa,
1048 4636 1395 4705 vecturam,
1419 4644 1608 4707 quam
1636 4643 1748 4705 pro
1779 4623 2024 4684 invecto
2042 4640 2298 4702 accepe-

761 4736 882 4808 rat,
914 4730 1246 4808 repeteret,
1282 4738 1650 4800 responsum
1680 4722 1793 4794 est,
1828 4735 1948 4777 non
1982 4716 2294 4777 immerito

762 4826 1234 4905 procuratorem
1265 4813 1524 4879 Caesaris
1562 4813 1724 4872 hanc
1759 4810 1838 4871 ab
1869 4827 1942 4870 eo
1972 4814 2294 4870 vecturam

764 4921 1049 4997 repetere
1067 4960 1083 4991 ,
1131 4928 1274 4974 cum
1302 4924 1562 4968 munere
1590 4903 1860 4965 vehendi
1890 4904 2140 4963 functus
2168 4921 2294 4963 non

763 5010 862 5072 sit.
899 5007 1077 5081 Quod
1107 5006 1171 5065 in
1202 5001 1491 5065 omnibus
1520 4996 1801 5077 personis
1847 4995 2152 5056 similibus
2178 4995 2289 5057 ob·

762 5101 1143 5164 servandum
1176 5101 1290 5158 est.
1323 5092 1608 5165 »'1'erti0‚
1630 5089 1776 5170 quia
1802 5090 1853 5150 si
1885 5088 2155 5167 pretium
2184 5088 2294 5148 de-

759 5202 864 5260 tur
892 5212 1004 5274 pro
1036 5189 1365 5268 mancipiis
1392 5183 1798 5265 deportandis
1827 5181 1907 5241 ad
1935 5185 2176 5243 certum
2203 5181 2292 5242 lo-

762 5307 942 5363 cum,
976 5291 1039 5348 et
1066 5285 1132 5345 in
1158 5284 1381 5343 itinere
1410 5278 1600 5358 aliqui
1629 5276 1996 5351 moriantur,
2031 5293 2156 5336 non
2187 5274 2290 5334 de-

757 5383 945 5444 betur
973 5397 1084 5459 pro
1114 5374 1375 5438 mortuis
1401 5377 1676 5447 vectura,
1710 5372 2079 5448 argumento
2107 5367 2285 5446 legis,

762 5475 898 5537 Seio
952 5471 1175 5547 amico,
1234 5468 1299 5528 in
1351 5466 1549 5545 princ.
1610 5465 1673 5524 ff.
1731 5461 1801 5523 de
1849 5461 2056 5522 annues
2109 5461 2285 5540 ἱεραί.

1975 266 2076 325 DE
2118 265 2474 327 JUSTITIA
2521 266 2620 327 ΕΤ
2660 269 2860 331 JURE

2451 445 2577 506 etl.
2612 446 2739 507 Illis
2769 447 2989 510 libertis
3011 496 3026 526 ,
3063 450 3125 510 in
3167 451 3314 528 fine,
3350 454 3412 513 ff.
3459 449 3529 512 de
3553 450 3765 513 condit.
3797 461 3854 511 et
3880 450 3987 512 de-

2444 548 2685 602 nwnstr.

2526 633 2645 692 Alii
2679 637 2886 694 tamen
2917 654 2949 694 e
2980 641 3198 697 contra
3238 640 3599 715 senserunt,
3650 637 3804 698 nihil
3832 655 3988 716 pen-

2445 725 2638 785 sionis
2692 729 3028 788 mercatori
3082 730 3537 790 restitucndum
3580 748 3745 806 esse,
3797 736 3862 793 et
3896 731 3990 791 ita

2439 818 2687 895 judices
2716 821 3023 881 sententia
3051 822 3174 882 lata
3216 822 3618 900 judicarunt,
3669 829 3732 882 et
3757 841 3987 901 appro-

2446 909 2557 972 bat
2584 912 2729 972 Mol.
2764 913 2881 973 loc.
2917 913 3021 976 cit.
3058 934 3230 976 num.
3264 918 3322 976 2.
3357 915 3604 977 etmihi
3634 915 3826 976 etiam
3857 917 3989 994 pla-

2445 1008 2562 1064 cet.
2599 1006 2808 1067 Primo
2833 1053 2849 1080 ‚
2902 1008 3051 1086 quia
3080 1007 3216 1068 haec
3245 1026 3369 1068 non
3399 1009 3650 1069 videtur
3677 1009 3868 1069 fuisse
3898 1009 3988 1069 lo·

2444 1097 2628 1173 catio,
2663 1100 2774 1158 sed
2802 1100 3080 1161 venditio
3120 1099 3281 1179 juris
3311 1102 3481 1181 quod
3526 1102 3822 1162 venditor
3866 1101 3986 1161 ba-

2440 1189 2630 1251 bebat
2677 1192 2757 1251 ad
2802 1191 3009 1253 locum
3058 1193 3117 1253 in
3168 1193 3277 1255 tali
3327 1195 3472 1255 navi
3509 1194 3977 1274 occupandum,

2441 1283 2611 1360 quod
2634 1283 2740 1362 jus
2770 1284 3086 1345 vendibile
3117 1290 3244 1363 est,
3301 1291 3365 1348 et
3392 1287 3600 1349 statim
3644 1289 3847 1366 pretio
3875 1306 3982 1348 so-

2437 1374 2568 1435 luto
2594 1377 2960 1438 transfertur
2987 1378 3051 1437 in
3081 1384 3450 1457 emptorem,
3485 1384 3547 1441 et
3564 1379 3759 1440 verba
3780 1380 3979 1457 ipsius

2438 1471 2794 1529 contractus
2812 1469 2875 1529 id
2897 1470 3279 1548 significant3
3314 1471 3434 1532 hac
3454 1472 3686 1551 quippe
3702 1472 3976 1532 formula

2435 1559 2525 1635 fit,
2584 1560 2772 1621 Vende
2800 1561 2911 1622 tibi
2931 1563 3119 1622 locum
3146 1583 3334 1624 meum
3380 1564 3442 1623 in
3486 1564 3595 1624 tali
3625 1565 3768 1624 novi
3806 1574 3973 1624 tanto

2421 1652 2640 1732 pretia,
2675 1660 2792 1715 etc.
2828 1655 2990 1715 hanc
3020 1661 3232 1717 autem
3259 1657 3563 1717 rationem
3594 1659 3972 1718 confirmare

2430 1765 2648 1806 rursus
2676 1765 3007 1825 possumus
3053 1749 3255 1828 primo
3276 1795 3291 1825 ,
3340 1749 3487 1828 quia
3531 1749 3580 1809 si
3613 1750 3789 1809 navis
3821 1768 3970 1809 cum

2430 1841 2742 1900 mercibus
2771 1840 2833 1900 in
2862 1841 2996 1920 ipso
3028 1842 3249 1903 itinere
3279 1861 3318 1902 a
3346 1842 3561 1919 piratis
3601 1847 3784 1921 capta
3811 1842 3970 1902 fuis-

2428 1934 2542 2007 set,
2576 1932 2845 2010 pretium
2872 1932 3088 2012 procul
3121 1933 3312 1994 dubio
3344 1952 3468 1994 non
3500 1939 3665 1994 esset
3689 1934 3969 1994 redden-

2427 2023 2578 2084 dum
2605 2026 2979 2103 mercatori,
3014 2026 3183 2105 quod
3213 2045 3325 2105 pro
3368 2026 3504 2087 loco
3536 2027 3639 2088 illo
3671 2027 3961 2103 dederat,

2426 2134 2540 2177 nec
2570 2116 2647 2176 de
2679 2118 2842 2179 facto
2871 2119 3117 2179 restitui
3146 2136 3427 2197 unquam
3454 2125 3628 2198 puto,
3653 2120 3818 2181 sicut
3844 2138 3964 2180 nec

2424 2209 2676 2288 quando
2733 2211 2909 2272 navis
2964 2215 3336 2290 tempestate
3389 2212 3553 2291 perit
3584 2231 3598 2272 ε
3632 2230 3756 2272 non
3806 2231 3964 2291 ergo

2423 2302 2736 2380 conducit,
2770 2304 2881 2363 sed
2912 2303 3064 2365 emit
3082 2304 3187 2382 jus
3214 2304 3368 2364 illud
3391 2351 3407 2381 ,
3443 2323 3626 2364 omne
3664 2305 3726 2365 in
3755 2324 3823 2364 se
3852 2324 3964 2385 pe-

2420 2395 2686 2456 riculum
2736 2396 3155 2476 suscipiendo.
3190 2398 3609 2459 Confirmatur
3647 2398 3957 2475 secundo,

2421 2488 2569 2567 quia
2616 2488 2838 2550 eodem
2892 2490 3078 2550 modo
3116 2490 3310 2569 aliqui
3356 2489 3638 2551 obtinere
3685 2490 3895 2552 solent
3922 2509 3961 2550 a

2418 2599 2568 2658 rege
2601 2581 2959 2642 facultatem
2991 2582 3183 2642 eundi
3210 2583 3291 2642 ad
3321 2583 3562 2643 Indiam
3593 2583 3964 2644 occidenta-

2416 2674 2540 2734 lem
2568 2693 2680 2752 pro
2710 2674 2929 2735 decem
2972 2675 3290 2753 personiS,
3324 2695 3384 2736 v.
3414 2695 3476 2754 g.
3524 2676 3954 2754 nominandis,

2418 2785 2605 2845 quam
2659 2767 3019 2828 facultatem
3072 2767 3206 2845 ipse
3261 2767 3370 2847 qui
3418 2768 3687 2829 obtinuit
3732 2775 3960 2847 postea

2415 2860 2629 2921 vendit
2655 2859 2793 2921 aliis
2823 2906 2839 2937 ,
2893 2864 2955 2921 et
3000 2861 3147 2921 licet
3175 2861 3350 2920 navis
3388 2878 3422 2920 e
3463 2861 3673 2921 medio
3723 2862 3957 2922 itinere

2413 2954 2669 3030 redeat,
2702 2952 2801 3013 vel
2847 2953 3134 3031 capiatur
3174 2954 3254 3013 ab
3284 2953 3598 3031 hostibus,
3651 2972 3777 3014 non
3805 2955 3956 3016 ideo

2413 3047 2683 3125 pretium
2731 3046 3077 3107 restituitur
3117 3045 3418 3124 emptori;
3453 3064 3576 3107 non
3618 3047 3787 3106 enlm
3835 3048 3958 3110 suit

2411 3140 2637 3202 locatio
2666 3138 2776 3200 sed
2811 3138 3081 3200 venditio
3129 3139 3393 3200 licentia}
3430 3159 3443 3201 ε
3478 3138 3769 3201 similiter
3796 3159 3952 3221 ergo

2412 3232 2595 3293 vendi
2628 3237 2834 3312 potest
2871 3231 2976 3311 jus
3024 3250 3134 3294 seu
3164 3232 3563 3311 privilegium
3594 3235 3954 3312 occupandi

2409 3325 2599 3386 talem
2626 3324 2834 3385 locum
2862 3324 2927 3383 in
2954 3325 3120 3401 navi,
3151 3329 3214 3385 et
3241 3342 3383 3385 cum
3408 3326 3602 3385 verba
3634 3327 3954 3388 venditio·

2410 3435 2552 3477 nem
2581 3423 2823 3493 sonent,
2858 3435 2979 3478 non
3012 3421 3106 3478 est
3132 3435 3246 3477 cur
3274 3416 3350 3476 de
3378 3416 3689 3479 locatione
3719 3418 3951 3481 intelli-

2408 3514 2657 3589 gantur.
2692 3511 3109 3571 Confirmatur
3123 3510 3305 3571 tertio
3323 3510 3444 3570 alio
3469 3512 3756 3591 exemplo
3773 3531 3953 3573 com-

2407 3603 2605 3680 muni,
2640 3603 2917 3683 quando,
2948 3623 3009 3663 v.
3042 3622 3104 3681 g.
3141 3603 3367 3683 aliquis
3395 3604 3548 3665 emit
3574 3605 3953 3668 facultatem

2407 3696 2776 3760 extrahendi
2807 3695 3078 3756 triticum
3102 3715 3173 3755 ex
3196 3696 3408 3775 aliqua
3435 3697 3797 3775 provincia;
3831 3718 3954 3779 po-

2405 3795 2539 3850 stea
2564 3807 2712 3850 vero
2743 3789 2794 3849 si
2815 3788 3262 3850 extructionem
3283 3788 3495 3851 videat
3517 3808 3641 3850 nou
3672 3792 3811 3852 fore
3826 3792 3951 3854 sibi

2405 3883 2619 3945 utilem
2637 3929 2652 3959 ,
2703 3883 2851 3961 quia
2879 3885 3054 3942 extra
3099 3881 3490 3959 provinciam
3518 3883 3805 3946 decrevit
3832 3885 3950 3946 tri-

2403 3975 2507 4037 tici
2537 3974 2733 4051 valor,
2768 3993 2891 4035 non
2920 3974 3061 4034 ideo
3090 3974 3319 4053 poterit
3359 3974 3631 4053 pretium
3660 3977 3945 4039 solutum

2399 4071 2683 4148 repetere
2699 4066 3072 4127 avenditore
3088 4065 3398 4128 facultatis
3424 4087 3439 4139 3
3476 4068 3623 4148 quia
3640 4069 3941 4130 nimirum

2398 4162 2504 4221 illa
2533 4180 2659 4221 non
2685 4161 2802 4221 fuit
2827 4160 3053 4221 locatio
3083 4159 3192 4219 sed
3222 4160 3502 4221 venditio
3528 4206 3544 4236 ,
3579 4165 3644 4222 et
3670 4162 3938 4223 transla-

2399 4255 2485 4316 tio
2534 4253 2695 4333 juris
2751 4252 2918 4331 quod
2973 4252 3261 4313 venditor
3317 4252 3591 4314 habebat
3637 4273 3654 4314 ε
3697 4272 3854 4333 ergo
3899 4275 3938 4315 a

2399 4346 2641 4408 fortiori
2694 4346 2861 4405 idem
2917 4345 3042 4405 dici
3084 4344 3270 4406 debet
3311 4346 3373 4405 in
3417 4364 3566 4406 casu
3607 4348 3929 4425 praesenti,

2397 4439 2459 4498 in
2490 4458 2614 4519 quo
2645 4456 2769 4499 non
2815 4438 3016 4498 solum
3066 4438 3437 4499 translatum
3484 4443 3581 4499 est
3626 4438 3772 4517 juS,
3824 4441 3930 4501 sed

2398 4535 2641 4611 emptor
2693 4529 2936 4608 accepit
2985 4531 3439 4610 possessionem
3467 4580 3480 4605 ‚
3541 4535 3605 4592 et
3658 4536 3934 4594 transtu-

2395 4624 2465 4684 lit
2492 4641 2730 4683 merces
2760 4624 2822 4683 in
2853 4623 3097 4699 navim,
3146 4641 3377 4702 easque
3426 4623 3508 4682 ad
3548 4624 3797 4684 Indiam
3826 4625 3931 4685 de-

2392 4717 2669 4779 stinavit.

2474 4809 2762 4870 Secundo
2785 4808 3008 4887 probat
3022 4807 3447 4889 principaliter
3471 4808 3642 4870 idem
3668 4810 3923 4884 Melina,

2393 4902 2539 4982 quia
2570 4901 2716 4963 dato
2743 4903 2930 4963 etiam
2954 4947 2970 4979 ‚
3005 4901 3174 4980 quod
3213 4902 3348 4963 haec
3377 4921 3499 4963 non
3528 4903 3748 4964 suisset
3772 4921 3930 4962 ven-

2391 4995 2566 5072 ditio,
2614 4995 2725 5056 sed
2771 4995 3021 5071 locatio,
3080 4994 3287 5056 adbuc
3332 4995 3487 5055 nibil
3517 4995 3595 5056 de
3622 4995 3927 5075 pensione

2389 5088 2803 5167 repetendum
2849 5092 3050 5165 esset,
3104 5088 3253 5167 quia
3296 5106 3517 5149 revera
3553 5108 3679 5150 non
3714 5089 3926 5149 minus

2387 5183 2691 5261 temporis
2720 5200 2868 5241 usus
2895 5181 3058 5242 illius
3086 5180 3209 5242 loci
3235 5181 3315 5241 ad
3344 5199 3587 5242 merces
3602 5180 3927 5243 vehendas

2389 5275 2573 5336 datus
2599 5275 2736 5350 fuit,
2796 5292 2986 5354 quam
3032 5273 3082 5333 si
3131 5273 3211 5333 ad
3241 5274 3482 5335 Indiam
3511 5274 3920 5354 pervenisset,

2390 5384 2532 5428 cum
2580 5367 2818 5446 aequale
2856 5372 3103 5444 tempus
3146 5366 3334 5427 fuerit
3374 5372 3799 5447 consumptum
3842 5365 3924 5427 iu

2390 5459 2596 5521 medio
2626 5460 2729 5521 illo
2770 5459 2991 5520 itinere
3036 5459 3431 5539 peragendO.
3468 5458 3777 5521 redeundo
3820 5459 3923 5517 ad
