4263 6376
826 369 944 430 534
1984 369 2086 430 DE
2127 368 2483 432 JUSTITIA
2528 369 2629 431 ΕΤ
2669 369 2870 433 JURE

479 557 778 614 Quid.quando
827 545 986 623 palis
1014 546 1092 606 sit
1119 546 1372 608 omnino
1400 546 1676 608 invalida
1698 594 1713 624 ,
1746 547 2140 626 fidejussoria
2168 547 2358 608 etiam
2459 547 2687 627 possit,
2721 567 2838 610 nec
2868 549 3097 612 habeat
3139 551 3307 612 bona
3347 551 3411 610 in
3442 551 3547 610 illo
3595 550 3889 610 territorio
3913 549 3964 610 in

478 614 777 710 αοῖῗέζῇξωω
825 638 1102 699 invalida
1130 641 1230 714 sit,
1264 639 1305 700 l.
1343 638 1491 700 Cum
1520 640 1651 717 lex,
1685 642 1750 704 ff.
1781 640 1871 700 De
1895 638 2354 721 fidejussor-ihm,
2461 641 2687 718 quibus
2732 643 3015 704 excuSSIo
3061 644 3194 704 fieri
3238 644 3468 722 possit,
3528 661 3604 703 eo
3648 661 3768 703 non
3807 642 3965 703 tacito

530 4214 594 4276 An
627 4213 773 4278 debeat

489 4280 799 4375 φήυεοὲοὲιὲἱιίἶ
846 4256 1029 4317 bonis
1058 4257 1358 4319 debitoris
1388 4259 1780 4337 principaliS,
1818 4260 1951 4321 haec
1981 4261 2381 4324 inveniantur

544 4373 717 4417 debitor'

542 5242 779 5307 -nxcipiuntut

499 5296 622 5352 ntiqui
657 5308 793 5341 casus.

532 719 728 764 imm*-
824 736 895 793 ut
921 731 972 792 si
1000 731 1343 811 fidejubeas
1374 751 1483 810 pro
1514 734 1820 795 solutione
1843 752 2194 794 usurarum.
2219 732 2355 794 Suf-

822 824 952 885 ficit
977 828 1209 897 tamen,
1246 829 1313 886 ut
1341 825 1630 902 deimuS,
1653 826 1821 906 quod
1852 826 2098 887 debitor
2127 826 2359 886 habeat

822 916 1271 994 obligationem
1300 919 1674 993 naturalem,
1709 922 1777 980 ut
1804 920 2138 999 fideJussor
2164 918 2359 998 possit

821 1009 1008 1069 etiam
1039 1010 1302 1070 civiliter
1333 1010 1620 1088 obligari.
1657 1012 1805 1084 Quis
1834 1016 2042 1071 autem
2072 1012 2268 1090 possit
2284 1030 2358 1070 ex

822 1105 1144 1163 contractu
1175 1102 1544 1164 naturaliter
1575 1103 1836 1181 obligari
1867 1104 1999 1164 sine
2031 1104 2360 1181 obligatio-

821 1212 899 1255 ne
930 1194 1129 1270 civili,
1190 1195 1462 1255 diximus
1492 1213 1682 1273 supra
1722 1201 1978 1273 agentes
2008 1197 2085 1256 de
2116 1201 2358 1258 contra-

822 1286 1024 1348 ctibus
1054 1287 1117 1346 in
1148 1288 1492 1363 communi,
1546 1293 1609 1349 et
1638 1288 1713 1348 de
1743 1289 1819 1349 iis
1849 1289 1957 1369 qni
1985 1289 2357 1350 contrahere

819 1383 1103 1459 possunt.
1138 1381 1295 1441 Hinc
1326 1381 1515 1441 etiam
1546 1385 1672 1457 est,
1706 1386 1775 1442 ut
1804 1382 2199 1460 exceptiones
2222 1429 2237 1458 ,
2299 1386 2362 1443 et

823 1472 1242 1550 defensiones,
1280 1491 1419 1553 quae
1450 1473 1718 1535 debitori
1749 1480 2115 1554 competunt
2142 1481 2359 1536 contra

823 1565 1201 1626 creditorem
1226 1612 1242 1642 ,
1302 1571 1663 1645 competant
1699 1568 1888 1627 etiam
1913 1613 1928 1643 ,
1989 1569 2362 1646 regulariter

822 1658 1167 1736 loquendO,
1228 1659 1614 1738 fidejussori,
1664 1660 1785 1738 leg.
1819 1659 2191 1741 Defensiones
2213 1708 2228 1737 ,
2291 1663 2356 1723 C.

824 1748 894 1810 de
918 1750 1367 1830 exceptionibus,
1419 1752 1576 1828 Dixi,
1611 1751 2005 1832 requlariter,
2067 1755 2216 1833 quia
2246 1754 2361 1813 ali-

827 1861 965 1921 quae
996 1861 1121 1904 non
1152 1848 1515 1923 competunt
1540 1844 1915 1924 fidejussori,
1943 1851 2010 1907 ut
2036 1847 2089 1906 si
2118 1847 2365 1908 debitor

825 1934 1006 1996 bonis
1038 1937 1298 1997 cesserit
1341 1955 1463 1997 non
1497 1937 1636 1998 ideo
1669 1938 1971 1999 liberatur
1998 1938 2359 2019 fidejussor,

827 2028 947 2088 nisi
972 2028 1105 2107 ipse
1132 2029 1322 2089 etiam
1353 2030 1533 2090 bonis
1547 2030 1747 2091 cedat.
1772 2032 1995 2092 Imoad
2026 2031 2147 2092 hoc
2177 2033 2365 2110 potis-

826 2121 1053 2180 simum
1079 2122 1311 2199 petitur
1337 2123 1700 2202 fidejussor,
1736 2128 1804 2185 ut
1834 2125 2085 2203 quando
2117 2125 2368 2186 debitor

827 2232 1090 2273 manens
1121 2214 1396 2290 debitor,
1441 2216 1680 2277 solvere
1711 2235 1837 2276 non
1865 2221 2104 2295 potest,
2166 2218 2367 2279 solvat

828 2306 1158 2386 fidejussor
1218 2328 1230 2368 ε
1289 2326 1467 2368 secus
1498 2311 1709 2368 autem
1732 2355 1747 2385 ,
1808 2310 1858 2369 si
1907 2310 2190 2387 exceptio
2220 2311 2370 2371 facit

831 2399 1001 2478 quod
1032 2399 1277 2461 debitor
1296 2399 1430 2479 jam
1460 2420 1583 2460 non
1615 2402 1694 2462 sit
1724 2402 1989 2463 debitor.
2026 2403 2240 2481 Excipi
2271 2408 2364 2465 ta-

829 2510 976 2552 men
998 2492 1186 2554 debet
1204 2493 1863 2572 fidejussoradhibitus
1876 2495 1954 2554 ad
1971 2497 2368 2558 securitatem

832 2588 1222 2647 contractus:
1248 2587 1417 2646 aliud
1443 2587 1607 2646 enim
1630 2593 1723 2649 est
1749 2589 2113 2668 fidejubere,
2143 2593 2205 2650 et
2221 2590 2371 2650 obli-

831 2678 968 2757 gari
996 2679 1077 2738 ad
1106 2680 1500 2756 solvendum,
1537 2682 1787 2759 quando
1820 2681 2067 2743 debitor
2098 2701 2223 2743 non
2253 2683 2371 2744 sol-

833 2771 923 2831 vit
949 2771 1116 2849 quod
1146 2772 1334 2834 debet
1365 2793 1378 2832 ε
1413 2792 1535 2853 quo
1565 2793 1714 2834 casu
1735 2821 1750 2849 ,
1785 2775 1839 2835 si
1868 2774 2115 2835 debitor
2146 2775 2372 2836 libere-

834 2867 936 2925 tur
963 2882 1001 2922 a
1034 2863 1265 2941 debito,
1294 2865 1597 2927 liberatur
1618 2866 1783 2927 enim
1801 2866 2165 2946 fidejussor;
2199 2869 2371 2929 aliud

834 2974 983 3016 vero
1014 2960 1108 3017 est
1137 2957 1401 3036 obligari
1430 2959 1511 3018 ad
1542 2960 1942 3021 securitatem
1975 2967 2367 3034 contractus;

838 3047 1089 3125 quando
1120 3049 1285 3109 enim
1314 3055 1670 3112 contractus
1690 3053 1897 3131 justus
1919 3057 2044 3130 est,
2094 3053 2239 3116 licet
2264 3055 2374 3116 eli-

840 3139 902 3200 di
931 3141 1127 3219 possit
1154 3160 1190 3201 a
1220 3142 1523 3219 debitore,
1555 3143 1859 3206 beneficio
1889 3146 2045 3225 legis
2068 3194 2083 3223 ,
2119 3148 2219 3208 vel
2248 3167 2373 3209 non

840 3237 1055 3294 secuta
1082 3235 1344 3312 praelati,
1381 3241 1488 3298 aut
1506 3238 1843 3315 superioris
1874 3240 2368 3317 confirmatione,

841 3326 1174 3406 fidejussor
1201 3328 1408 3390 adhuc
1436 3331 1771 3392 tenebitur.
1810 3332 1933 3393 Sed
1950 3352 2025 3392 ex
2041 3352 2117 3394 ea
2134 3353 2255 3395 non
2281 3341 2375 3396 est

842 3420 1133 3499 proprius
1155 3421 1509 3501 fidejussor,
1543 3424 1654 3484 sed
1685 3424 1892 3502 potius
1923 3425 2173 3488 debitor
2201 3428 2374 3506 prin-

844 3512 1059 3592 cipalis
1082 3559 1097 3589 ,
1160 3514 1263 3593 qui
1294 3515 1490 3576 voluit
1535 3534 1601 3576 se
1631 3516 2058 3597 principaliter
2095 3520 2374 3598 obligare

846 3605 927 3665 ad
955 3605 1353 3668 securitatem
1383 3612 1739 3670 contractus
1766 3611 1883 3670 sub
1912 3611 2295 3690 conditione,
2321 3613 2372 3674 si

844 3697 1092 3759 debitor
1136 3699 1310 3760 illum
1357 3700 1634 3762 elideret.
1694 3704 1762 3763 In
1793 3702 1916 3781 quo
1955 3722 2141 3764 sensu
2173 3709 2377 3783 potest

847 3791 1108 3870 quilibet
1150 3811 1215 3853 se
1264 3793 1541 3872 obligare
1588 3794 1668 3854 ad
1716 3796 1853 3874 plus
1901 3815 2091 3876 quam
2130 3798 2378 3859 debitor

845 3885 1241 3964 principaliS,
1302 3890 1666 3948 nontamen
1699 3889 1949 3967 proprie
1998 3894 2068 3951 ut
2116 3890 2375 3970 fidejus-

847 3996 970 4039 sor.

929 4072 1162 4144 Quarta
1189 4072 1464 4135 conditio
1496 4076 1590 4133 est
1611 4118 1626 4149 ,
1689 4076 1757 4134 ut
1786 4092 1910 4134 non
1939 4081 2202 4153 cogatur
2230 4076 2378 4138 fide-

841 4162 1052 4243 jussor
1079 4164 1342 4241 solvere,
1376 4165 1491 4225 nisi
1524 4165 1687 4226 facta
1717 4166 1890 4245 prius
1920 4169 2286 4230 excussione
2315 4170 2378 4230 in

707 4386 757 4418 η,
848 4368 972 4411 non
1004 4350 1309 4410 sufficere.
1371 4351 1529 4413 Olim
1562 4350 1803 4431 dejure
1851 4353 2106 4432 antiquo
2134 4361 2382 4435 poterat

847 4442 1210 4504 immediate
1241 4462 1276 4504 a
1306 4443 1676 4525 fidejussore
1705 4445 1985 4507 debitum
2015 4448 2219 4526 exigi,
2254 4469 2380 4510 non

845 4536 1170 4615 praemissa
1201 4536 1507 4617 ejusmodi
1538 4538 1901 4599 excussione
1925 4585 1941 4615 ,
1975 4540 2017 4600 l.
2050 4556 2145 4602 111.
2173 4542 2229 4621 ἓ.
2266 4544 2375 4604 ult.

846 4629 912 4690 fl.
947 4627 1018 4689 de
1044 4627 1264 4690 duobus
1291 4631 1425 4706 reis,
1457 4631 1580 4709 leg.
1613 4630 1751 4691 Non
1772 4640 1942 4708 recte,
1991 4637 2054 4694 et
2080 4633 2203 4713 leg.
2235 4635 2383 4697 lure

844 4732 1063 4799 nostre,
1097 4723 1247 4785 Cod.
1279 4722 1473 4785 eodem
1503 4724 1594 4785 tit.
1628 4725 1851 4785 Postea
1870 4729 2081 4786 tamen
2108 4726 2231 4789 hoc
2259 4730 2380 4807 pri-

847 4816 1142 4895 vilegium
1197 4815 1678 4899 fidejussoribus
1733 4835 2101 4880 concessum
2157 4821 2274 4884 fuit
2317 4821 2381 4882 in

718 4984 722 4993 ὁ
846 4909 1221 4972 Authentico
1242 4908 1310 4971 de
1336 4909 1595 4991 fidejuss.
1623 4914 1685 4971 et
1711 4910 1775 4969 in
1795 4910 2195 4991 Authentica,
2213 4913 2380 4976 Proe-

844 5010 1016 5081 sente,
1051 5005 1116 5066 C.
1152 5003 1292 5066 eod.
1318 5005 1411 5065 tit.

922 5097 1244 5177 Excipitur
1268 5098 1491 5176 primo,
1513 5098 1764 5176 quando
1794 5096 2126 5178 fidejussor
2148 5118 2381 5162 renun-

846 5190 1025 5253 tiavit
1051 5189 1354 5251 beneficio
1385 5190 1548 5250 illius
1567 5190 1744 5270 legis,
1779 5190 1947 5270 quod
1974 5191 2038 5251 in
2067 5193 2203 5271 ejus
2230 5211 2377 5272 gra-

847 5285 1001 5347 tiam
1027 5302 1427 5345 concesssum
1457 5287 1580 5360 est,
1614 5288 1677 5345 et
1704 5289 1908 5362 potest
1937 5284 2015 5345 ab
2049 5303 2123 5346 eo
2154 5305 2381 5348 renun—

845 5377 1012 5441 tiari.
1059 5377 1374 5454 SecundO,
1408 5378 1460 5438 si
1498 5377 1747 5439 debitor
1772 5377 2134 5457 principalis
2164 5379 2243 5442 sit
2271 5380 2382 5441 ab·

845 5489 989 5531 sens
1018 5490 1133 5531 nec
1158 5456 1333 5532 brevi
1363 5475 1653 5550 speratur
1695 5475 1803 5533 aut
1848 5471 2028 5532 facile
2060 5473 2381 5535 conveniri

2457 738 2645 812 prout
2689 736 2825 795 fleri
2869 739 3114 813 potest,
3164 736 3420 816 quando
3463 735 3765 813 obligatio
3807 734 3970 794 habet

2455 831 2742 906 paratam
2771 829 3197 890 executionem
3220 875 3236 904 ,
3296 833 3408 890 aut
3452 828 3678 907 quibus
3722 828 3855 887 loco
3880 827 3971 886 ab-

2456 919 2648 979 sentis
2678 919 2811 979 dari
2842 922 3039 999 possit
3065 926 3336 996 curator,
3358 921 3650 982 dominus
3669 919 3970 981 commode

2457 1012 2770 1089 expectari
2803 1031 2927 1073 non
2960 1018 3183 1092 potest,
3243 1015 3343 1075 vel
3399 1013 3448 1073 si
3498 1014 3666 1074 clare
3728 1017 3970 1084 constet.

2458 1121 2584 1163 non
2613 1103 2846 1165 habere
2873 1106 3039 1166 unde
3067 1106 3289 1168 solvat.
3321 1107 3555 1182 Tertio,
3587 1106 3637 1166 si
3668 1105 3974 1185 fidejussor

2457 1202 2804 1258 conventus
2837 1200 3094 1276 negavit
3122 1218 3188 1259 se
3220 1218 3354 1260 esse
3381 1198 3841 1278 fidejussorem,
3871 1216 3974 1278 quo

2458 1306 2609 1348 casu
2636 1290 2869 1351 amittit
2888 1290 3126 1352 dictum
3156 1292 3556 1370 privilegium
3576 1338 3594 1368 ,
3632 1292 3757 1370 leg.
3793 1291 3866 1352 Si
3886 1290 3974 1350 du·

2460 1379 2692 1458 bitetur,
2724 1383 2778 1461 ἓ.
2815 1399 2858 1445 1.
2896 1385 2959 1443 ff.
2993 1383 3064 1444 de
3089 1383 3349 1465 fidejussi.

2539 1474 2814 1537 Adverte
2846 1477 3070 1554 prim0,
3133 1479 3322 1539 etiam
3368 1479 3512 1558 jure
3570 1478 3831 1556 antiquo
3869 1495 3976 1536 non

2459 1567 2734 1646 potuisse
2765 1570 3108 1645 conveniri,
3143 1571 3255 1630 niSi
3288 1572 3525 1648 praevia
3557 1571 3664 1630 illa
3692 1571 3978 1630 excussio-
4048 1614 4064 1660 Q

2462 1678 2561 1735 ne,
2593 1659 3028 1739 fidejussorem
3086 1662 3550 1736 indemnitatis;
3612 1663 3720 1741 qui
3778 1662 3979 1722 dicitur
4013 1668 4064 1727 ,θ’

2460 1752 2562 1811 1116
2592 1753 2698 1830 qui
2729 1754 2930 1814 solum
2977 1755 3266 1832 spondet,
3302 1755 3653 1817 debitorem
3701 1755 3803 1815 vel
3847 1756 3979 1815 alios

2461 1844 2861 1924 fidejussores
2889 1847 3203 1910 adhibitos
3223 1849 3355 1909 fore
3373 1848 3788 1909 sufficientes:
3813 1866 3980 1926 quare

2465 1955 2589 1999 non
2619 1957 2684 1998 se
2719 1939 2956 2018 obligat
3001 1940 3117 2000 nisi
3173 1946 3509 2020 postquam
3555 1941 3983 2001 insufficientes

2465 2029 3036 2108 deprehendantur.
3098 2036 3228 2094 Imo
3269 2035 3417 2095 licet
3453 2034 3776 2094 renuntiet
3817 2034 3986 2094 omni·

2464 2123 2581 2184 bus
2612 2124 2956 2203 privilegiis
3000 2126 3483 2206 fidejussorum,
3523 2146 3649 2188 non
3691 2129 3982 2188 renuntiat

2467 2216 2817 2295 exceptioni
2847 2237 2972 2279 non
3004 2219 3328 2297 promissae
3377 2220 3767 2281 excussionis
3788 2267 3804 2294 ,
3863 2222 3982 2300 quia

2467 2311 2930 2373 contradiceret
2957 2312 3074 2372 sibi
3095 2359 3110 2388 ,
3146 2313 3298 2373 dum
3326 2331 3393 2373 se
3424 2315 3624 2374 solum
3653 2314 3906 2375 exhibet
3929 2315 3986 2373 fi·

2469 2401 2861 2480 dejussorem
2889 2403 3338 2481 indemnitatis,
3363 2411 3432 2467 ut
3459 2411 3674 2466 contra
3704 2407 3863 2468 alios
3897 2426 3989 2467 no-

2468 2498 2561 2556 tat
2586 2495 2820 2556 Molina
2867 2497 3026 2575 disp.
3078 2501 3218 2558 545.
3268 2498 3325 2576 §-
3359 2497 3522 2558 Illud
3545 2518 3680 2559 cero
3712 2509 3796 2560 est
3822 2499 3988 2560 obse·-

2469 2586 2741 2648 vandum.
2779 2590 2957 2650 Ratio
2988 2594 3197 2650 autem
3224 2609 3441 2651 rursus
3456 2610 3592 2652 esse
3614 2597 3844 2670 potest,
3864 2594 3990 2671 quia

2472 2679 2593 2740 hoc
2621 2699 2745 2741 non
2776 2687 2871 2742 est
2896 2681 3324 2761 privilegium,
3372 2683 3484 2744 sed
3530 2690 3626 2745 est
3681 2684 3821 2764 ipsa
3864 2684 3990 2745 sub-

2473 2772 2697 2833 stantia
2729 2773 2871 2834 talis
2899 2773 3350 2853 fidejussioniS,
3383 2793 3524 2855 quae
3552 2795 3628 2836 ex
3657 2796 3778 2838 sua
3805 2797 3991 2837 essen-

2469 2864 2560 2925 tia
2580 2870 2677 2926 est
2693 2865 3138 2944 conditionata,
3164 2868 3214 2928 si
3243 2869 3350 2929 alii
3376 2869 3678 2931 solvendo
3712 2890 3838 2931 non
3865 2870 3989 2944 sint,

2472 2975 2583 3016 seu
2622 2957 2673 3017 si
2716 2959 2992 3020 creditor
3020 2960 3322 3021 damnum
3349 2961 3627 3039 patiatur
3651 2982 3693 3024 a
3723 2963 3991 3023 debitori-

2472 3049 2590 3110 bus
2621 3069 2743 3111 non
2782 3052 3190 3114 solventibus,
3242 3055 3421 3126 Quod
3468 3056 3662 3117 etiam
3707 3055 3989 3134 procedit,

2472 3142 2618 3207 licet
2641 3144 3110 3226 fidejussionem
3148 3145 3501 3227 juramento
3532 3151 3895 3225 consumet,
3938 3155 3992 3209 ut

2474 3243 2692 3299 contra
2735 3240 2889 3300 alios
2938 3240 3124 3301 docet
3177 3240 3345 3300 idem
3374 3243 3608 3304 Molina
3651 3243 3737 3303 ibi
3783 3246 3839 3322 ξ.
3872 3243 3990 3303 Rem

2472 3328 2641 3391 hanc.
2689 3331 2804 3403 Qui
2834 3337 3052 3410 postea
3080 3333 3302 3394 merito
3332 3333 3501 3393 idem
3530 3335 3719 3396 docet
3760 3335 3836 3395 de
3877 3336 3994 3394 aliis

2473 3423 2946 3503 fidejussoribus
2975 3426 3435 3501 communibuS,
3462 3429 3744 3505 quando,
3775 3429 3990 3489 secluso

2467 3515 2849 3596 juramento,
2883 3518 3155 3581 debebat
3182 3520 3464 3580 excussio
3483 3521 3815 3597 praemitti:
3842 3522 3990 3601 quia,

2476 3610 2593 3670 nisi
2620 3610 2790 3670 aliud
2819 3611 3217 3688 intendatur,
3268 3610 3697 3691 juramentum
3730 3615 3991 3674 additum

2475 3704 2828 3767 contractui
2881 3723 3005 3765 non
3063 3724 3129 3765 se
3182 3705 3463 3767 extendit
3509 3706 3591 3765 ad
3638 3706 3781 3785 plus
3825 3727 3992 3788 quam

2478 3796 2771 3875 obligatio
2792 3843 2807 3872 ,
2854 3801 2962 3858 aut
2988 3797 3316 3877 promissio
3347 3817 3539 3876 supra
3570 3818 3762 3878 quam
3792 3801 3990 3873 fertur,

2475 3888 2517 3950 l.
2543 3890 2653 3949 ult.
2691 3891 2755 3951 C.
2788 3888 2858 3948 de
2883 3909 2994 3949 non
3023 3899 3326 3951 numerata
3350 3892 3621 3969 pecunia.
3655 3894 3785 3953 Sed
3813 3894 3992 3953 solum

2478 3982 2833 4043 eademmet
2859 3983 3187 4062 promissio
3212 3983 3574 4063 juramento
3605 3986 3805 4064 magis
3833 3986 3994 4045 robo-

2476 4079 2673 4152 ratur,
2709 4076 2879 4154 quod
2908 4077 3095 4137 etiam
3126 4077 3311 4139 docet
3335 4077 3589 4138 Lessius
3615 4096 3755 4157 cap.
3789 4095 3991 4139 nrm.

2479 4189 2585 4230 nu.
2610 4172 2668 4231 9.
2723 4170 2788 4230 Si
2815 4174 3025 4230 tamen
3055 4169 3388 4249 fidejussor
3416 4170 3843 4233 indemnitatis
3884 4190 3994 4230 non

2476 4264 2678 4324 solum
2709 4261 2988 4342 juraret,
3022 4263 3132 4324 sed
3161 4264 3277 4323 sub
3306 4264 3533 4324 eodem
3554 4265 3912 4343 juramento
3935 4284 3994 4323 se

2478 4357 2784 4435 obligaret
2809 4356 2891 4417 ad
2918 4356 3409 4436 fidejussionem,
3433 4358 3789 4419 renuntiato
3818 4357 3994 4436 privi-

2476 4450 2637 4529 legio
2668 4450 2915 4529 praevioe
2944 4450 3348 4526 excussioniS,
3396 4456 3614 4530 posset
3640 4453 3851 4530 utique
3893 4452 3995 4510 im·

2477 4543 2748 4605 mediate
2777 4544 3119 4620 conveniri,
3153 4544 3298 4623 quia
3319 4542 3456 4621 jam
3487 4550 3732 4605 constat
3751 4564 3870 4605 non
3897 4564 3994 4603 ro—

2477 4637 2664 4698 luisse
2694 4638 2896 4699 solum
2924 4655 3058 4698 esse
3096 4637 3531 4716 fidejussorem
3558 4637 3990 4698 indemnitatis.

4110 1581 4159 1786 Ξ

4012 1721 4065 1761 {aa
