4263 6376
654 1782 723 1840 3¹

573 1906 650 1960 Qui
678 1906 834 1961 possint

584 1972 634 2004 ex
654 1960 812 2002 cambio

623 2014 780 2077 minuto

623 2066 789 2110 lucrm.

642 4191 721 4248 32

543 4312 753 4356 cambium
773 4313 838 4355 lo-

543 4367 633 4409 cale
663 4367 836 4419 licitum,

558 4427 601 4462 et
619 4421 720 4463 utile
738 4425 820 4466 ent.

900 308 1019 368 400

902 481 1105 542 vimus
1132 482 1292 560 disp.
1325 498 1493 543 xxvl.
1519 480 1588 542 dc
1614 491 1788 563 empt.
1814 490 1868 542 et
1892 480 2105 543 vendit.
2142 486 2292 543 sect.
2331 497 2424 542 111.

903 575 1240 654 negotiatio
1271 575 1702 636 ecclesiasticis
1746 575 2074 635 interdicta
2104 592 2228 634 non
2260 592 2430 633 com-

901 666 1233 746 prehendit
1262 669 1459 728 solam
1488 668 1867 746 emptionem
1920 669 1999 727 ad
2030 666 2429 727 vendendum

901 778 1043 820 cum
1089 759 1263 820 luero
1287 807 1302 835 ,
1363 761 1473 820 sed
1521 760 1710 821 etiam
1756 761 2280 839 permutationem
2302 811 2318 835 „
2370 762 2434 819 et

901 852 1106 931 quoad
1139 852 1255 913 hoe
1284 852 1449 912 idem
1477 857 1589 930 est,
1614 852 1663 912 si
1683 871 1819 913 rem
1848 872 2020 913 emas
2049 853 2129 912 ad
2160 853 2429 912 venden-

901 945 1072 1022 dum,
1103 963 1179 1005 ac
1207 946 1259 1004 si
1289 945 1746 1023 permutatione
1774 947 2062 1025 acquiras
2092 946 2173 1005 ad
2203 946 2428 1006 iterum

900 1055 1042 1098 cum
1071 1037 1242 1097 lucro
1275 1038 1757 1114 permutandam
1779 1084 1793 1113 ‚
1829 1039 2082 1118 quando
2113 1058 2187 1100 eo
2219 1039 2428 1098 animo

899 1130 963 1189 id
1017 1129 1191 1189 sacis,
1265 1130 1602 1208 Supposita
1652 1135 1861 1191 tamen
1920 1131 2227 1192 sententia
2281 1130 2429 1192 satis

898 1222 1212 1282 communi
1243 1223 1325 1282 ibi
1358 1223 1630 1283 adducta
1651 1270 1667 1300 ,
1728 1224 1895 1302 quod
1947 1242 2071 1284 non
2101 1224 2180 1286 sit
2208 1241 2430 1302 pecea-

898 1318 1029 1373 tum
1058 1332 1249 1393 grave
1271 1361 1289 1387 ,
1349 1315 1396 1374 si
1445 1315 1905 1377 ecclesiasticus
1934 1334 2055 1376 non
2091 1336 2165 1375 ex
2196 1316 2423 1392 officie,

899 1406 1007 1466 sed
1037 1425 1184 1466 casu
1214 1406 1405 1467 semel
1434 1408 1532 1467 vel
1560 1409 1783 1469 iterum
1816 1409 2169 1486 negotietur
2189 1454 2205 1485 ,
2260 1409 2430 1468 idem

899 1499 1236 1560 dicendum
1266 1502 1383 1561 erit
1411 1501 1488 1561 de
1533 1520 1604 1562 eo
1656 1501 1764 1580 qui
1807 1502 2001 1561 semel
2051 1506 2160 1563 aut
2205 1502 2428 1563 iterum

900 1593 1019 1654 hoc
1066 1594 1272 1654 animo
1320 1594 1617 1673 pecunias
1662 1612 1774 1672 pro
1805 1594 2086 1673 pecuniis
2114 1599 2431 1674 permuta-

898 1690 1014 1747 ret.

979 1779 1209 1842 Ultimo
1241 1779 1581 1856 dubitatur,
1608 1780 1711 1858 qui
1742 1781 1980 1858 possint
2006 1780 2171 1842 licite
2203 1781 2430 1842 lucrari

902 1892 975 1934 ex
1005 1873 1250 1935 cambio
1279 1873 1519 1934 minuto
1545 1920 1559 1949 ,
1612 1892 1722 1933 seu
1768 1873 2049 1953 pecuniae
2093 1892 2207 1952 pro
2247 1893 2432 1953 pecu·

900 1967 1048 2027 nia?
1074 1969 1257 2045 Resp.
1290 1965 1583 2043 breviter,
1609 1966 1686 2026 de
1712 1966 1854 2045 jure
1876 1971 2114 2028 naturae
2143 1968 2433 2029 omnibus

900 2060 960 2119 id
998 2061 1217 2131 licere;
1276 2058 1353 2118 de
1393 2057 1536 2137 jure
1565 2064 1776 2120 autem
1821 2061 2119 2121 canonico
2151 2060 2431 2121 illicitum

902 2153 1022 2214 erit
1049 2151 1481 2213 ecclesiasticis
1509 2170 1581 2212 eo
1612 2151 1798 2213 modo
1825 2199 1840 2228 ‚
1893 2171 2015 2231 quo
2068 2153 2255 2231 paulo
2287 2157 2430 2213 ante

904 2245 1335 2325 explicuimus,
1371 2246 1458 2304 De
1483 2244 1624 2323 jure
1655 2250 1863 2306 autem
1894 2246 2168 2325 Hispano
2189 2292 2204 2322 ‚
2258 2264 2338 2305 an
2366 2245 2428 2306 id

902 2337 1283 2417 prohibitum
1312 2338 1392 2398 sit
1417 2337 1552 2397 aliis
1581 2356 1769 2417 quam
1790 2338 2054 2417 publicis
2084 2339 2427 2418 campsori-

901 2432 1038 2507 buS,
1064 2436 1126 2492 et
1153 2430 1467 2511 quomodo
1495 2431 1664 2509 leges
1691 2431 1813 2491 illae
1849 2432 2128 2511 obligent
2166 2437 2228 2493 et
2255 2432 2429 2494 intel·

898 2523 1173 2603 ligantur
1194 2570 1210 2599 ‚
1256 2522 1454 2583 videri
1484 2527 1689 2601 potest
1713 2524 1945 2585 Melina
1974 2524 2134 2603 disp.
2167 2528 2304 2587 399.
2338 2525 2431 2585 la-

898 2617 1020 2678 tius
1048 2615 1225 2678 Salas
1256 2615 1406 2676 dub.
1443 2633 1503 2677 v.
1550 2623 1720 2678 certe
1749 2618 2128 2695 generaliter
2154 2618 2431 2696 loquitur

900 2711 986 2772 Sa
1011 2708 1185 2770 verb.
1219 2707 1503 2769 cambium
1533 2728 1705 2770 num.
1738 2713 1799 2770 5.
1834 2710 2048 2771 dicens
2080 2730 2094 2771 :
2141 2712 2427 2773 «cambio

896 2802 1123 2863 lucrari
1154 2802 1342 2863 etiam
1373 2802 1427 2863 ei
1458 2802 1625 2879 licet,
1651 2802 1755 2881 qui
1776 2803 2054 2883 alioquin
2085 2822 2209 2865 non
2239 2804 2431 2867 habet

897 2894 1282 2956 ordinarium
1311 2894 1654 2973 campsoris
1682 2895 1977 2972 officium,
2009 2896 2120 2957 sed
2151 2916 2225 2956 ex
2254 2914 2429 2959 occa-

898 2988 1072 3048 sione
1101 2988 1310 3050 oblata
1336 2988 1472 3049 fuit.
1505 3010 1533 3045 υ

1345 3384 1765 3471 8ΕοΤ10
1844 3386 1968 3469 ΙΙΙ.

901 3688 1113 3753 (stmm
1168 3691 1227 3750 in
1283 3688 1504 3750 cambio
1562 3688 1740 3751 locali
1790 3690 2014 3752 lucrum
2057 3692 2279 3752 licitum
2322 3693 2418 3771 sit,

972 3795 1201 3877 quando
1238 3814 1512 3877 campsor
1559 3796 1732 3877 prior
1774 3798 2025 3878 accipit,
2085 3808 2140 3859 et
2194 3819 2307 3879 quo
2353 3799 2425 3859 ti-

968 3902 1111 3963 tulo.

970 4162 1285 4242 Expeditis
1312 4164 1387 4224 iis
1429 4185 1569 4245 quae
1617 4165 1698 4225 ad
1745 4167 2062 4228 cambium
2112 4171 2423 4233 minutum

889 4274 998 4315 seu
1028 4256 1317 4316 manuale
1349 4262 1668 4336 spectant,
1703 4259 2040 4320 dicendum
2063 4262 2197 4341 jam
2227 4268 2322 4325 est
2345 4264 2423 4324 de

889 4347 1132 4408 cambio
1160 4348 1364 4422 locali,
1390 4369 1498 4409 seu
1530 4351 1917 4430 perlitteraS,
1939 4354 2106 4432 quod
2130 4356 2423 4435 frequen-

885 4442 1008 4502 tius
1037 4444 1099 4501 et
1127 4440 1439 4503 difficilius
1469 4447 1564 4504 est
1614 4462 1627 4504 :
1686 4445 1937 4523 quando
1981 4447 2277 4509 nimirum
2308 4468 2421 4528 pro

887 4533 1153 4613 pecunia
1220 4535 1433 4595 Romae
1494 4541 1754 4615 accepta
1811 4538 2096 4601 redditur
2158 4543 2423 4621 pecunia

887 4626 1144 4703 eadem,
1189 4628 1287 4687 vel
1318 4628 1457 4706 plus
1487 4634 1596 4689 aut
1624 4630 1830 4690 minus
1860 4631 1922 4691 in
1954 4633 2074 4694 alio
2106 4634 2265 4696 1000.
2313 4637 2424 4697 Est

883 4725 1096 4780 autem
1126 4719 1245 4781 hoc
1276 4720 1591 4780 cambium
1623 4721 1770 4782 utile
1816 4728 1879 4785 et
1909 4728 2330 4789 necessarium
2359 4729 2421 4789 in

883 4811 1207 4890 republica
1271 4818 1529 4891 propter
1583 4817 1985 4877 necessitates
2037 4819 2416 4900 frequenteS,

885 4905 1112 4983 quibus
1154 4904 1348 4984 aliqui
1398 4904 1683 4987 indigent
1716 4910 1982 4986 pecunia
2012 4912 2073 4972 in
2106 4913 2227 4974 alio
2256 4915 2418 4992 loce,

884 4996 990 5058 ubi
1022 5015 1159 5057 eam
1192 5016 1315 5057 non
1347 4997 1580 5060 habent
1601 5045 1616 5075 ‚
1678 5018 1791 5060 nec
1838 5009 2098 5080 possunt
2135 5006 2267 5066 sine
2296 5026 2425 5068 ma-

882 5108 1005 5169 gno
1055 5089 1331 5168 periculo
1382 5094 1444 5149 et
1491 5093 1777 5170 expensis
1816 5095 1988 5156 illam
2019 5117 2091 5157 eo
2124 5100 2368 5161 deferre
2400 5121 2415 5161 :

881 5201 1074 5262 quare
1106 5182 1523 5244 necessarium
1554 5189 1648 5244 est
1676 5191 1744 5246 ut
1771 5206 1884 5265 pro
1916 5190 2025 5249 tali
2057 5192 2301 5253 cambio
2331 5194 2421 5254 lu·

880 5294 1055 5336 crum
1086 5275 1269 5337 detur
1298 5279 1609 5355 campsori
1633 5325 1648 5355 ‚
1681 5279 1870 5359 idque
1900 5281 2176 5344 fatentur
2203 5305 2420 5347 omnes

882 5369 1006 5429 DD.
1052 5368 1219 5430 licite
1265 5369 1498 5448 recipi,
1558 5372 1779 5432 saltem
1826 5376 2078 5454 quando
2128 5397 2419 5458 campsor

880 5459 1052 5540 prior
1078 5461 1288 5539 recipi
1326 5462 1656 5540 pecuniam
1686 5464 1830 5525 alibi
1862 5473 2080 5546 postea
2113 5469 2410 5550 dandam,
2515 5495 2699 5558 posse
2727 5479 3092 5558 contingere
3118 5481 3180 5541 in
3211 5484 3591 5562 campsario,
3615 5490 3865 5567 quando
3886 5489 4011 5568 prior

2071 306 2172 364 DE
2213 304 2565 365 JUSTITIA
2613 303 2713 364 ΕΤ
2753 304 2952 366 JURE

2531 498 2688 559 quos
2715 480 2994 541 referunt
3020 484 3082 542 et
3104 485 3453 560 sequuntur
3477 483 3700 545 Melina
3719 484 3870 562 disp.
3896 488 4002 546 ⁴⁰3.

2528 574 2698 635 Less,
2733 592 2787 635 c.
2813 590 2989 634 xx111.
3026 574 3174 634 dub.
3210 578 3269 635 3.
3305 575 3541 635 Rebell.
3582 575 3685 636 lib.
3716 593 3800 637 x1.
3847 582 4003 656 qu.6.

2529 671 2591 726 et
2620 667 2795 726 Salas
2818 666 2967 726 dub.
2994 683 3133 729 vm.

2611 758 2785 819 Varii
2816 764 3025 819 autem
3074 761 3476 840 assignantur
3515 760 3670 820 tituli
3714 761 3793 820 ad
3829 760 4009 840 justiti·

2530 851 2801 911 candum
2830 852 2950 913 hoc
2977 853 3242 915 lucrum.
4040 910 4110 955 M

2613 944 2855 1005 Primus
2886 950 2981 1006 est
3020 947 3261 1008 ratione
3293 947 3709 1008 translationis
3751 947 4007 1023 rirtualis,
4055 924 4125 1013 seui

2530 1053 2654 1115 qua
2683 1037 2951 1114 pecunia
2977 1039 3308 1117 campsarii
3340 1058 3412 1099 ex
3446 1057 3569 1099 uno
3599 1039 3727 1099 loco
3756 1040 3836 1098 ad
3861 1040 4009 1098 alium
4041 1020 4125 1119 ᾖ

2529 1129 2591 1188 in
2623 1127 2759 1208 ejus
2805 1131 3074 1208 gratiam
3121 1137 3185 1192 et
3227 1131 3628 1193 commodum
3671 1132 4009 1193 transfertur.
4123 1182 4124 1199 ,

2531 1222 2706 1283 Sicut
2734 1221 2901 1281 enim
2930 1224 3184 1285 nuntius
3213 1225 3312 1284 vel
3328 1243 3520 1303 agaso
3552 1225 3655 1304 qui
3684 1243 3814 1284 eam
3845 1232 4012 1302 porta-

2528 1318 2644 1389 ret,
2677 1315 3035 1375 mercedem
3064 1316 3342 1395 exigeret
3359 1316 3731 1388 suilaboris3
3758 1317 3840 1377 ita
3866 1317 4014 1377 etiam

2529 1424 2819 1485 campsor
2848 1407 2950 1487 qui
2981 1407 3101 1469 hoc
3131 1409 3333 1488 ipsum
3361 1414 3651 1490 praestat,
3699 1415 3892 1489 potest
3914 1428 4018 1487 pre-

2526 1498 2681 1558 tium
2712 1498 2874 1560 illius
2906 1501 3323 1563 translationis
3353 1502 3636 1580 accipere
3684 1523 3697 1562 :
3742 1521 3880 1562 nam
3906 1501 4017 1562 licet

2528 1589 2661 1669 ipse
2707 1609 2927 1651 revera
2971 1611 3094 1653 non
3141 1595 3501 1667 transferat3
3555 1594 3673 1656 hoc
3718 1600 3911 1656 tamen
3948 1602 4017 1655 est

2531 1699 2643 1759 per
2678 1683 2971 1745 accidens
3016 1690 3081 1748 et
3118 1687 3389 1764 pertinet
3430 1686 3511 1746 ad
3559 1687 3911 1749 industriam
3945 1687 4016 1748 vel

2531 1774 2840 1835 fortunam
2874 1776 3099 1855 ipsiu3‚
3153 1780 3261 1857 qui
3312 1781 3646 1857 pecuniam
3688 1780 3747 1840 in
3794 1781 3888 1840 1110
3926 1781 4015 1840 aliu

2530 1866 2668 1927 loco
2714 1872 3001 1945 paratam
3048 1871 3273 1947 habet,
3305 1874 3449 1952 {qua
3492 1873 3771 1933 laborem
3807 1874 4017 1934 transie-

2530 1958 2710 2019 rendi
2739 1968 3013 2024 excuset.
3074 1964 3249 2025 Sicut
3290 1965 3342 2025 si
3372 1966 3694 2044 negotium
3713 2013 3729 2041 ,
3760 1972 3863 2026 aut
3884 1966 4017 2026 litem

2531 2052 2767 2113 habeas
2795 2053 2857 2112 in
2877 2053 3014 2116 loco
3043 2055 3318 2135 distanti,
3357 2057 3438 2117 ad
3470 2077 3665 2137 quam
3691 2060 3918 2120 mittere
3940 2059 4016 2118 de·

2529 2144 2641 2205 hes
2669 2145 2976 2206 famulum
2996 2149 3094 2208 vel
3125 2154 3620 2227 procuratorem,
3644 2171 3882 2230 possum
3908 2170 4014 2230 ego,

2529 2237 2729 2316 pretio
2760 2244 3040 2317 accepte,
3075 2243 3391 2321 suscipere
3420 2262 3581 2304 onus
3609 2243 3781 2320 illud,
3801 2245 4016 2305 licetre-

2531 2348 2680 2390 vera
2709 2350 2830 2392 nen
2878 2332 3184 2394 missurus
3230 2335 3346 2395 sim
3395 2336 3696 2414 aliquem,
3750 2339 3886 2417 quia
3915 2338 4016 2415 jam

2531 2422 2732 2484 habeo
2760 2424 3066 2484 famulum
3091 2426 3188 2486 vel
3218 2433 3693 2506 procuratorem
3720 2448 3911 2490 meum
3934 2431 4015 2505 ihi,
4123 2456 4124 2463 ¹

2531 2514 2637 2594 qui
2677 2534 2854 2595 aeque
2886 2516 3045 2577 bene
3076 2537 3211 2578 rem
3245 2524 3418 2581 tuam
3448 2526 3620 2598 aget,
3656 2541 3727 2582 ac
3752 2523 3849 2582 ille
3873 2541 4016 2602 quem

2529 2613 2596 2668 tu
2628 2608 2875 2670 mittere
2898 2611 3227 2688 potuisses,
3260 2614 3558 2673 Fatemur
3587 2619 3793 2676 tamen
3818 2616 3874 2676 id
3890 2615 4016 2695 quod

2530 2700 2816 2779 praedicti
2846 2707 3136 2764 auctores
3166 2704 3535 2783 observant,
3589 2708 3794 2768 minus
3836 2710 4017 2769 debere

2528 2793 2809 2872 recipere
2857 2813 3248 2875 campsorem
3297 2816 3409 2876 pro
3439 2800 3562 2859 hac
3592 2801 3838 2862 virtuali
3865 2809 4017 2861 trans-
4123 2790 4124 2849 Ῠ

2527 2884 2757 2946 latione
2807 2888 3086 2964 pecuniae
3110 2936 3127 2966 ,
3170 2908 3358 2968 quam
3397 2892 3660 2953 daretur
3700 2895 3902 2955 nuntio
3940 2894 4016 2972 qui
4123 2928 4124 2943 1

2530 2997 2669 3039 eam
2699 2983 3007 3057 portaret;
3044 2982 3190 3061 quia
3215 2989 3471 3062 propter
3499 2986 3750 3064 copiam
3769 2993 3830 3047 et
3846 3005 4018 3065 oppor-

2528 3071 2860 3133 tunitatem
2888 3092 3287 3153 campsorutn
3301 3076 3434 3155 jam
3464 3078 3714 3139 facilius
3734 3080 4014 3151 invenitur,

2529 3164 2635 3244 qui
2665 3164 2785 3226 hoc
2814 3166 3188 3228 beneficium
3218 3174 3474 3248 praestet
3493 3218 3508 3248 ,
3544 3176 3609 3233 et
3638 3177 3882 3253 propter
3905 3172 4018 3232 faci·
4123 3193 4124 3202 ¹

2525 3257 2768 3318 litatem
2793 3258 2858 3318 id
2889 3263 3264 3340 exequendi,
3296 3265 3568 3342 pretium
3601 3268 3823 3327 merito
3849 3267 4018 3326 decre·

2527 3350 2636 3411 vit.
2671 3353 2797 3411 Nec
2818 3352 3089 3432 denique
3119 3355 3359 3432 obstat,
3414 3358 3585 3436 quod
3628 3378 3905 3439 campsor
3926 3377 4015 3419 nnn

2526 3439 2754 3503 reddat
2803 3443 3094 3504 eamdem
3142 3447 3476 3524 pecuniam
3517 3456 3842 3528 acceptam
3868 3449 4015 3510 inille

2526 3533 2648 3594 alio
2677 3533 2838 3611 loco,
2860 3536 2970 3597 sed
3000 3537 3210 3614 aliam,
3239 3545 3425 3619 atque
3454 3541 3602 3602 ideo
3634 3561 3760 3603 non
3790 3542 4018 3603 videatur

2527 3644 2666 3685 eam
2711 3628 3081 3701 transterre;
3135 3630 3280 3709 quia
3324 3650 3528 3711 neque
3576 3635 3770 3695 etiam
3820 3634 4016 3696 nuntius

2526 3717 2631 3797 qui
2662 3737 2802 3778 eam
2830 3725 3147 3798 portaret;
3200 3722 3457 3786 deberet
3485 3727 3778 3788 eamdem
3824 3729 3881 3787 in
3903 3727 4017 3787 indi·

2524 3809 2712 3871 viduo
2760 3811 2883 3873 illic
2921 3812 3184 3875 reddere
3208 3862 3224 3892 ,
3274 3816 3385 3875 sed
3432 3819 3825 3882 satisfaceret
3855 3818 4016 3880 dando

2525 3902 2712 3963 aliam
2741 3903 3010 3964 similem
3040 3912 3103 3968 et
3129 3908 3473 3987 aequalem;
3509 3929 3709 3990 quare
3738 3914 4015 3974 licetcam·

2523 4013 2672 4073 psor
2697 3997 2909 4058 statim
2939 3999 3226 4078 acquirat
3253 4001 3605 4063 dominium
3646 4006 3916 4084 pecuniae
3945 4003 4016 4064 hic

2523 4092 2818 4167 acceptae,
2874 4089 3084 4152 adbuc
3127 4091 3496 4172 intelligitur
3538 4115 3684 4157 eam
3728 4098 4018 4160 virtualiter

2524 4179 2769 4242 deferre
2800 4182 2862 4242 in
2894 4183 3085 4243 alium
3117 4185 3348 4263 locum,
3384 4187 3447 4247 in
3470 4207 3597 4266 quo
3629 4190 3820 4252 debet
3844 4187 4017 4253 tibive!

2524 4291 2665 4332 eam
2695 4275 2793 4334 vel
2824 4274 3013 4335 aliam
3045 4277 3315 4337 similem
3340 4278 3528 4353 dare;
3583 4301 3785 4361 quare
3827 4283 4019 4342 videtur

2523 4365 2736 4427 locare
2765 4386 2946 4428 suam
2983 4387 3241 4447 operam
3271 4376 3333 4431 et
3361 4371 3744 4434 industriam
3789 4375 3864 4436 ad
3898 4375 4017 4434 hanc

2523 4459 3023 4538 translationem,
3058 4463 3235 4541 eujus
3253 4462 3584 4526 locationis
3613 4469 3878 4544 pretium
3900 4467 4017 4528 acci-

2522 4569 2670 4630 pere
2699 4557 2924 4632 potest.
2975 4553 3152 4626 Quod
3182 4557 3448 4634 pretium
3471 4605 3487 4633 ‚
3540 4560 3594 4619 si
3615 4561 3856 4638 justum
3882 4558 4018 4620 fuerit

2521 4648 2760 4706 attenta
2807 4648 3121 4724 paucitate
3164 4648 3261 4708 vel
3310 4651 3491 4728 copia
3535 4655 4018 4733 campsorum‚et

2522 4736 2841 4797 cambium
2880 4740 3224 4816 petentium
3247 4787 3261 4816 ‚
3298 4742 3466 4801 nulla
3497 4750 3595 4806 est
3621 4746 3914 4823 injustitia
3935 4761 4017 4804 nec

2524 4828 2953 4890 damnandum
2984 4837 3078 4893 est
3106 4835 3526 4895 communiter
3553 4841 3831 4916 pretium
3850 4887 3865 4915 ,
3892 4836 4016 4917 quod

2521 4921 2583 4980 in
2614 4922 2745 4982 foro
2776 4941 3105 4985 commune
3138 4931 3249 4987 est.
3287 4926 3519 4989 Sivero
3540 4930 3623 4991 sit
3653 4933 4013 5000 excessuum,

2522 5019 2878 5076 contractus
2908 5017 3025 5078 erit
3053 5017 3354 5097 injustus,
3403 5038 3531 5080 non
3588 5029 3805 5085 tamen
3846 5042 4013 5085 usura·

2520 5105 2669 5184 riuS,
2703 5124 2847 5167 cum
2876 5127 3166 5188 campsor
3196 5111 3348 5171 nihil
3369 5113 3645 5192 accipiat
3683 5136 3800 5195 pro
3827 5122 4011 5186 mutuo,

2521 5217 2635 5258 nec
2663 5198 2798 5277 ipse
2827 5200 3065 5281 aliquid
3092 5208 3355 5279 mutuet,
3389 5206 3502 5265 sed
3525 5210 3740 5285 potius
3769 5212 3920 5290 prior
3941 5226 4013 5267 ac-

2520 5290 2711 5369 cipiat
2731 5294 3062 5370 pecuniam
3092 5296 3240 5356 alibi
3268 5297 3692 5363 reddendam.

2598 5384 2791 5446 Addit
2817 5405 2967 5448 vero
2995 5388 3226 5448 Melina
3270 5407 3414 5449 eum
3444 5393 3773 5472 Navarro,
3816 5412 4011 5457 usuram
4090 5397 4125 5466 Ἀ
