4263 6376
156 551 203 591 D·

71 602 291 646 ahffiutim

1279 358 1754 420 DISPUTATIO
1799 358 2014 432 XXW,
2062 356 2337 417 SECTIO
2384 356 2542 416 vul.

338 535 610 609 tempora
641 533 844 594 verbis
898 535 1121 596 saltem
1165 533 1561 614 generalibus
1604 551 1855 612 expres-

84 653 284 708 Μ
336 641 447 697 sas,
478 628 547 684 ut
587 625 836 687 differat
881 645 921 687 a
949 627 1390 688 substitutione
1437 626 1731 706 pupillari
1759 625 1855 685 in-

69 706 296 760 mwffiffi
334 716 611 777 eludente
652 718 907 779 tacitam
936 719 1283 797 vulgarem,
1331 723 1394 779 et
1421 737 1453 778 e
1498 722 1738 794 contra,
1789 717 1853 776 in

333 808 547 887 quibus
583 808 726 871 licet
750 810 878 872 sint
907 812 1118 890 plures
1147 811 1623 873 substitutiones
1650 810 1730 870 ad
1761 808 1856 868 di-
1952 810 2238 871 obtinent
2265 808 2716 870 descendentes
2744 808 3030 887 legitimi,
3065 808 3171 887 qui
3195 807 3485 870 omnibus
3551 853 3810 908 mmmm

1954 902 2090 962 aliis
2119 902 2308 963 etiam
2323 901 2806 962 ascendentibus
2824 901 3259 978 praeferuntur.
3282 902 3486 972 Quare
3534 906 3828 950 descendenti·

140 1637 224 1696 {59

84 1760 269 1803 sufflatio

101 1814 251 1856 Q.

149 3229 232 3285 160

83 3351 296 3395 nemea,

331 919 500 960 versa
526 905 837 980 tempora,
872 922 994 965 non
1024 909 1235 965 tamen
1269 904 1473 965 verbis
1503 920 1850 982 expressas-

334 992 488 1052 Valis
516 999 613 1055 est
640 994 777 1054 haec
816 995 1069 1056 Instituo
1103 996 1383 1058 haeredem
1424 995 1613 1076 filium
1642 1014 1848 1066 meum,

330 1093 379 1144 et
402 1085 878 1168 quandocumque
902 1107 978 1148 ea:
1004 1089 1126 1149 vita
1153 1089 1472 1160 decesserit,
1494 1087 1775 1149 substituo
1803 1087 1860 1147 ei

328 1177 584 1253 Petrum,
621 1180 728 1241 ubi
758 1182 946 1242 datur
973 1182 1333 1243 substitutio
1366 1181 1660 1259 vulgariS,
1703 1180 1750 1240 si
1784 1181 1856 1240 n-

330 1270 439 1331 lius
466 1290 591 1331 non
623 1273 705 1334 sit
734 1273 971 1347 haeres;
1023 1275 1072 1335 si
1121 1275 1425 1335 moriatur
1451 1279 1669 1354 postea
1710 1277 1854 1333 ante

330 1364 744 1443 pubertatem,
778 1373 874 1428 est
901 1367 1253 1446 pupillaris;
1304 1368 1354 1428 si
1385 1367 1690 1428 moriatur
1718 1369 1859 1444 post

330 1456 721 1535 pubertatem
747 1505 762 1533 ‚
815 1464 912 1519 est
964 1460 1581 1532 fideicommissaria;
1641 1459 1695 1519 si
1747 1459 1859 1519 fiat

331 1567 561 1624 amens,
594 1552 720 1612 erit
747 1553 1145 1630 exemplaris.

405 1642 777 1704 Substitutio
827 1644 1098 1724 denique
1137 1645 1420 1707 militaris
1466 1651 1579 1721 est,
1614 1664 1753 1725 quae
1789 1645 1861 1705 fit

329 1741 551 1813 praeter
595 1737 851 1814 regulas
877 1754 1245 1799 communes
1273 1758 1350 1798 ex
1394 1738 1718 1818 privilegio
1747 1738 1858 1796 mi-

328 1827 462 1903 litis,
495 1828 608 1906 qui
640 1834 846 1905 potest
873 1829 1109 1891 directe
1131 1831 1506 1893 substituere
1527 1830 1654 1891 filio
1670 1831 1859 1891 etiam

327 1925 460 2000 post
482 1922 885 1999 pubertatem
915 1922 1263 2000 decedenti,
1296 1925 1374 1984 de
1404 1943 1550 2002 qua,
1585 1928 1648 1985 et
1670 1923 1861 1983 variis

328 2012 457 2073 aliis
501 2014 797 2074 formulis
838 2014 1253 2076 substituendi
1284 2016 1405 2077 late
1435 2016 1668 2077 Molina
1695 2016 1855 2094 disp.

331 2122 480 2166 exet.
516 2111 581 2167 et
626 2123 813 2168 cxcn.
862 2107 1045 2168 nobis
1089 2107 1222 2168 haec
1277 2108 1590 2169 sufficiant
1617 2127 1731 2188 pro
1761 2109 1857 2168 in-

330 2198 667 2259 structione
695 2199 972 2278 theologi
1005 2205 1069 2260 et
1094 2200 1475 2261 confessarii.

1037 2576 1093 2654 ς.
1126 2579 1185 2635 2.

333 2850 417 2911 De
467 2850 797 2912 hcm-edibus
838 2850 913 2910 ab
963 2851 1252 2928 intestato,
1302 2852 1403 2912 ubi
1442 2852 1513 2913 de
1549 2853 1868 2915 haeredibus

589 2957 946 3034 necessariis,
982 2967 1036 3018 et
1062 2957 1544 3019 exhoeredatione.

413 3211 666 3272 Dictum
706 3216 800 3272 est
836 3211 916 3271 de
962 3210 1319 3272 haeredibus
1376 3211 1436 3271 in
1492 3215 1866 3273 testamento

338 3303 636 3365 institutis
668 3324 683 3364 :
719 3322 884 3363 nunc
931 3303 1267 3364 dicendum
1297 3304 1374 3363 de
1407 3304 1761 3365 haeredibus
1791 3305 1870 3364 ab

337 3395 656 3458 intestato.
715 3396 954 3457 Dicitur
1008 3400 1218 3457 autem
1274 3396 1412 3475 quis
1463 3396 1544 3456 ad
1581 3398 1870 3459 intestato

338 3489 489 3549 mori
514 3535 532 3564 ,
571 3488 826 3567 quando
868 3492 1313 3550 testamentum
1351 3507 1476 3550 non
1523 3489 1667 3550 fecit
1690 3536 1705 3565 ,
1741 3489 1872 3549 sive

338 3583 480 3662 quia
506 3582 737 3658 noluit,
769 3599 914 3641 cum
941 3585 1189 3659 posset,
1241 3581 1370 3641 sive
1417 3581 1564 3661 quia
1608 3600 1731 3643 non
1761 3601 1873 3662 po-

337 3676 466 3750 tuit,
499 3678 767 3755 propter
795 3675 997 3736 fetatis
1024 3674 1536 3751 imbecillitatem,
1559 3675 1660 3735 vel
1688 3675 1874 3735 aliam

337 3785 617 3841 causam,
653 3767 746 3826 vel
781 3768 834 3828 si
861 3770 1309 3828 testamentum
1340 3767 1486 3830 fecit
1509 3814 1525 3844 ,
1575 3767 1729 3827 illud
1758 3768 1876 3829 fuit

338 3859 688 3920 invalidum
717 3863 781 3920 et
827 3858 1069 3919 nullum
1092 3905 1108 3936 ,
1144 3858 1241 3919 vel
1271 3859 1561 3938 quamvis
1590 3860 1669 3920 ab
1699 3860 1874 3921 initio

340 3959 497 4014 esset
526 3951 844 4028 validum,
888 3955 1107 4030 postea
1149 3951 1569 4029 revocatione,
1612 3952 1710 4012 vel
1755 3953 1874 4014 alio

339 4046 524 4106 modo
556 4045 804 4106 irritum
831 4045 1063 4104 factum
1096 4049 1207 4105 est.
1233 4047 1584 4124 Antequam
1613 4064 1763 4106 vero
1786 4046 1877 4106 di·

341 4156 558 4199 camus
585 4137 665 4197 de
696 4136 1052 4197 haeredibus
1071 4183 1087 4212 ,
1123 4136 1326 4217 quiab
1346 4137 1637 4199 intestato
1667 4157 1877 4199 succe-

341 4234 514 4303 dunt,
550 4228 869 4309 oportebit
897 4229 1070 4306 prius
1097 4230 1478 4307 praemittere
1505 4230 1878 4291 divisionem

340 4340 741 4384 communem
769 4320 1037 4382 haeredis
1065 4322 1129 4381 in
1158 4322 1602 4397 necessarium,
1635 4327 1698 4383 et
1724 4323 1879 4383 libe-

341 4435 501 4477 rum.
556 4413 906 4475 Necessarii
955 4413 1281 4489 dicuntur,
1336 4415 1442 4493 qui
1488 4416 1878 4494 praetermitti

345 4527 460 4568 non
492 4512 780 4587 possunt,
814 4506 923 4566 sed
956 4506 1045 4566 eis
1073 4506 1172 4566 vel
1198 4511 1352 4581 tota,
1386 4507 1483 4567 vel
1506 4508 1718 4586 aliqua
1734 4527 1877 4587 pars

343 4599 728 4661 haereditatis
750 4600 894 4678 jure
922 4599 1058 4676 ipso
1089 4598 1357 4659 debetur
1387 4618 1401 4659 ε
1437 4618 1560 4660 non
1593 4600 1759 4660 enim
1785 4603 1880 4660 est

342 4712 546 4754 sermo
575 4693 656 4751 de
687 4691 939 4751 hoerede
990 4691 1378 4768 necessarie,
1431 4692 1538 4772 qui
1582 4711 1878 4772 respuere

344 4805 462 4847 non
491 4789 700 4864 potest
746 4783 1181 4845 haereditatem
1214 4804 1228 4844 ε
1263 4802 1408 4844 nam
1439 4785 1583 4845 licet
1609 4786 1755 4846 olim
1784 4790 1880 4847 ta-

342 4879 429 4938 les
454 4882 704 4950 essent,
738 4876 845 4955 qui
875 4876 937 4935 in
977 4875 1121 4955 jure
1148 4875 1400 4937 ltoeredes
1440 4876 1536 4937 sui
1561 4896 1637 4956 ap
1649 4878 1879 4949 pellan·

343 4976 440 5030 tur
473 4992 488 5032 :
520 4974 742 5049 postea
771 4987 919 5029 vero
952 4968 1014 5028 id
1045 4973 1395 5030 correctum
1446 4969 1562 5031 fuit
1584 5016 1599 5045 ,
1638 4974 1704 5031 ut
1731 4989 1880 5031 con-

344 5068 464 5125 stat
489 5081 565 5123 ex
592 5062 650 5140 §.
687 5078 729 5121 1.
764 5062 914 5122 lust.
950 5061 1021 5122 de
1034 5060 1327 5122 Izoeredum
1355 5061 1659 5141 qualitate,
1694 5068 1756 5124 et
1784 5082 1878 5123 so-

343 5155 434 5217 lus
461 5160 558 5217 est
586 5155 790 5215 haeres
819 5153 1207 5213 necessarius
1235 5154 1616 5233 mancipium
1637 5200 1653 5232 ,
1687 5156 1787 5216 cui
1815 5157 1878 5217 in

345 5250 715 5310 testamento
771 5263 919 5307 cum
945 5245 1310 5308 haereditate
1351 5247 1582 5307 domini
1626 5249 1879 5312 libertas

346 5340 615 5417 obvenit,
647 5343 708 5401 et
758 5342 1005 5400 tenetur
1045 5344 1374 5419 acceptare
1423 5341 1874 5405 haereditatem.

349 5432 466 5493 Sed
487 5432 810 5514 loquimur
851 5431 930 5491 de
980 5430 1230 5492 haerede
1275 5434 1625 5495 necessario
1662 5453 1874 5515 respe-

3370 356 3483 416 ¹05

1952 535 2057 594 ctu
2087 530 2427 606 testatoris,
2462 529 2568 610 qui
2599 529 2749 592 velit
2775 528 2966 607 nolit,
3001 548 3147 592 eum
3177 529 3365 591 debet
3391 529 3486 590 in-

1951 625 2230 686 stituere.

2031 720 2200 778 Inter
2225 715 2507 777 haeredes
2553 715 2937 778 necessarios
2977 715 3250 795 primum
3275 715 3482 776 locum

1951 997 2213 1055 testator
2258 993 2374 1054 nisi
2425 993 2563 1054 illos
2609 993 2912 1068 instituat,
2962 992 3060 1052 vel
3104 991 3482 1067 exhaeredet,

1952 1086 2239 1165 apposita
2269 1085 2791 1146 exbaeredationis
2811 1102 3020 1158 causa,
3044 1086 3484 1145 testamentum

1952 1178 2174 1240 saltem
2230 1177 2433 1257 quoad
2500 1177 2821 1238 haeredum
2890 1176 3342 1238 institutionem
3397 1178 3493 1236 est

1954 1271 2195 1331 nullum
2229 1291 2241 1331 :
2277 1271 2445 1349 quod
2473 1271 2640 1330 idem
2670 1274 2792 1344 est,
2827 1269 2877 1329 si
2908 1288 3097 1331 causa
3127 1268 3491 1329 exbaereda-

1951 1362 2140 1426 tionis
2168 1363 2455 1442 apposita
2482 1368 2700 1441 postea
2729 1381 2853 1423 non
2895 1361 3215 1441 probetur.
3250 1361 3317 1423 Si
3339 1377 3488 1420 vero

1953 1455 2017 1516 in
2045 1455 2273 1516 minori
2314 1456 2599 1534 portione
2620 1455 2901 1516 instituat
2919 1472 3109 1533 quem
3136 1453 3253 1513 illis
3281 1451 3493 1513 debita

1956 1554 2142 1625 esset,
2177 1552 2622 1609 testamentum
2652 1548 2838 1622 valet,
2872 1546 2982 1607 sed
3012 1546 3268 1627 querela
3292 1545 3491 1606 inoffi-

1956 1641 2104 1702 ciosi
2138 1641 2492 1702 testamenti
2542 1644 2738 1719 agunt
2779 1641 2860 1701 ad
2902 1640 3361 1700 incrementum
3390 1655 3494 1697 us-

1958 1752 2078 1813 que
2109 1733 2187 1792 ad
2224 1733 2569 1811 legitimam
2608 1732 2982 1812 portionem.
3017 1730 3222 1793 Portio
3250 1730 3494 1808 legibus

1958 1825 2172 1886 debita
2203 1825 2281 1885 de
2304 1825 2446 1904 jure
2476 1825 2798 1886 communi
2824 1843 2985 1886 novo
3017 1828 3111 1884 est
3138 1823 3275 1884 haic
3297 1868 3313 1899 ‚
3347 1826 3417 1883 ut
3440 1820 3491 1882 si

1957 1922 2226 1980 testator
2255 1936 2380 1978 non
2410 1917 2601 1979 habet
2628 1918 2765 1995 plus
2795 1935 2986 1996 quam
3014 1920 3282 1995 quatuor
3309 1915 3490 1990 filios,

1959 2011 2190 2072 debeat
2214 2011 2334 2071 illis
2362 2011 2713 2090 relinquere
2742 2009 2989 2071 tertiam
3018 2010 3327 2070 bonorum
3356 2025 3495 2086 par-

1959 2107 2085 2164 tem
2121 2122 2136 2164 :
2168 2103 2222 2163 si
2250 2102 2440 2164 habet
2468 2104 2675 2180 plures
2696 2148 2712 2179 ,
2746 2102 2975 2163 debeat
3003 2101 3329 2162 dimidiam
3357 2118 3494 2179 par-

1959 2199 2085 2257 tem
2116 2195 2470 2274 relinquere
2494 2241 2509 2270 ,
2555 2200 2625 2255 ut
2651 2198 2894 2256 constat
2921 2213 2996 2255 ex
3025 2192 3400 2256 Anthentico
3429 2189 3500 2251 de

1961 2289 2172 2350 triente
2199 2297 2253 2349 et
2279 2288 2506 2350 semisse
2527 2335 2543 2364 ,
2576 2289 2633 2366 ἓ.
2670 2288 2867 2366 primo
2900 2293 2962 2349 et
2986 2286 3261 2348 secundo
3286 2332 3302 2361 ,
3333 2289 3397 2347 et
3424 2303 3499 2345 ex

1960 2381 2336 2443 Authentica
2366 2380 2716 2453 Novissima,
2750 2384 2814 2442 et
2832 2379 3229 2455 Anthentica,
3269 2376 3508 2440 Undesi

1949 2483 2153 2556 pater,
2189 2475 2255 2535 C.
2294 2472 2364 2534 de
2401 2473 2627 2554 inoffic.
2680 2480 3036 2534 testamento,
3091 2471 3365 2533 Debetur
3391 2488 3505 2530 au·-

1961 2571 2090 2628 tem
2121 2565 2258 2626 haec
2286 2565 2565 2644 legitima
2593 2584 2630 2626 a
2660 2570 2836 2645 patre
2858 2611 2873 2641 ‚
2919 2568 3112 2643 atque
3141 2562 3332 2623 etiam
3372 2579 3501 2621 ma-

1960 2662 2056 2719 tre
2085 2657 2611 2719 descendentibus
2655 2656 2949 2737 legitimis
2994 2655 3284 2715 masculis
3323 2659 3384 2716 et
3412 2654 3504 2714 fe-

1964 2749 2173 2825 miniS,
2210 2749 2639 2829 emancipatiS,
2674 2754 2736 2811 et
2766 2768 2889 2810 non
2922 2747 3328 2827 emancipatis
3348 2792 3363 2821 ,
3395 2746 3502 2806 ab·

1962 2842 2104 2903 latis
2151 2842 2423 2922 antiquis
2469 2842 2835 2903 differentiis
2859 2887 2875 2918 ,
2926 2861 3000 2902 ex
3030 2839 3404 2902 Anthentico
3434 2837 3505 2898 de

1965 2934 2287 2995 haeredibus
2327 2935 2400 2996 ab
2442 2935 2710 2996 intestato
2734 2981 2749 3011 ,
2803 2935 2864 2995 in
2896 2933 3199 3013 principio
3224 2977 3240 3008 ,
3284 2934 3349 2993 et
3375 2934 3505 2992 Au·

1965 3027 2246 3088 theutica
2269 3027 2342 3088 In
2367 3028 2717 3088 successione
2737 3074 2752 3104 ‚
2787 3029 2854 3089 C.
2886 3026 2957 3088 de
2976 3026 3117 3103 suis,
3149 3035 3203 3087 et
3233 3023 3505 3104 leqitimis

1968 3118 2312 3197 haeredibus,
2347 3125 2409 3180 et
2436 3120 2478 3181 l.
2512 3120 2750 3199 penult.
2786 3125 2849 3180 et
2876 3119 3115 3196 ultima,
3146 3120 3214 3179 C.
3247 3116 3317 3177 de
3337 3115 3497 3197 teqit.

1966 3211 2309 3275 liaeredibus.
2342 3216 2411 3274 In
2438 3213 2750 3292 aliquibus
2781 3216 2989 3274 autem
3018 3211 3249 3290 regniS,
3284 3215 3345 3271 et
3364 3227 3505 3289 pro-

1968 3306 2190 3367 vinciis
2218 3306 2407 3367 variae
2436 3310 2581 3367 sunt
2628 3305 2705 3366 de
2736 3306 3086 3385 quantitate
3127 3302 3315 3384 hujus
3342 3302 3502 3380 legi-

1970 3399 2139 3462 timae
2170 3400 2361 3477 leges,
2394 3405 2463 3461 ut
2487 3399 2550 3459 in
2579 3418 2775 3478 regno
2806 3398 3120 3474 Castellae,
3152 3398 3216 3457 in
3247 3413 3370 3476 quo
3400 3394 3508 3455 de-

1970 3492 2198 3553 bentur
2211 3490 2731 3553 descendentibus
2752 3490 3046 3569 legitimis
3061 3489 3271 3551 omnia
3291 3506 3506 3549 ascen-

1972 3583 2253 3646 dentium
2278 3584 2445 3645 bona
2475 3588 2704 3663 prester
2735 3584 3022 3662 quintum
3055 3602 3069 3642 z
3102 3582 3180 3642 de
3195 3580 3381 3643 tertia
3399 3598 3507 3640 ve-

1971 3696 2041 3738 ro
2070 3678 2261 3738 etiam
2298 3682 2475 3757 parte
2522 3681 2726 3756 potest
2766 3680 3030 3739 testator
3055 3676 3220 3736 inter
3246 3674 3507 3734 descen-

1973 3769 2191 3831 dentes
2218 3770 2530 3849 legitimos
2559 3787 2672 3847 pro
2701 3769 2877 3831 libito
2908 3768 3260 3847 disponere.

2053 3865 2202 3923 Haec
2229 3862 2508 3940 legitima
2545 3862 2747 3940 portio
2777 3862 2856 3921 de
2876 3860 3019 3939 jure
3048 3856 3364 3919 communi
3394 3857 3505 3918 de-

1972 3955 2124 4030 bita,
2146 3960 2242 4015 est
2259 3954 2598 4014 dividenda
2625 3954 2788 4014 inter
2808 3953 2964 4013 filios
2977 3957 3036 4014 et
3048 3951 3206 4013 filias
3232 3969 3346 4030 per
3361 3968 3506 4028 par-

1970 4052 2065 4110 tes
2094 4048 2387 4127 oequales.
2435 4049 2705 4125 Nepotes
2746 4050 2958 4108 autem
3004 4063 3131 4106 non
3160 4043 3508 4105 succedunt

1974 4140 2224 4200 vivente
2269 4140 2397 4200 filio
2445 4158 2558 4200 suo
2605 4143 2783 4219 patre
2826 4158 2839 4200 :
2884 4157 2957 4199 eo
3003 4143 3213 4200 tamen
3259 4140 3507 4198 mortuo

1975 4232 2322 4293 succedunt
2351 4230 2485 4311 ejus
2511 4231 2650 4292 loco
2670 4277 2686 4308 ,
2740 4250 2864 4292 non
2894 4250 3007 4310 per
3034 4230 3240 4308 capita
3268 4248 3378 4291 seu
3409 4247 3507 4289 se-

1975 4324 2252 4386 cundum
2301 4325 2546 4384 virilem
2586 4324 2939 4404 portionem
2968 4369 2984 4400 ,
3038 4324 3150 4383 sed
3197 4342 3308 4402 per
3335 4321 3511 4401 stipi·

1974 4422 2123 4494 tem,
2161 4418 2280 4478 hoc
2309 4422 2421 4493 est,
2456 4436 2673 4478 omnes
2704 4417 2791 4476 illi
2823 4420 3080 4495 nepotes
3102 4416 3286 4477 simul
3315 4416 3376 4475 in
3407 4416 3513 4477 illa

1974 4510 2107 4572 sola
2135 4514 2336 4588 parte,
2372 4528 2510 4589 quae
2540 4509 2875 4570 deberetur
2917 4509 3044 4569 filio
3074 4526 3292 4569 eorum
3322 4509 3507 4587 patri,

1975 4604 2028 4663 si
2056 4610 2371 4680 superstes
2416 4607 2600 4662 esset.
2653 4603 2733 4663 Et
2777 4600 2945 4661 idem
2987 4601 3323 4662 dic-endum
3367 4619 3510 4662 cum

1975 4695 2383 4775 proportione
2414 4693 2491 4755 de
2521 4693 2992 4773 pronepotibuS,
3014 4698 3073 4755 et
3094 4695 3231 4755 aliis
3259 4694 3513 4755 descen·

1977 4788 2306 4863 dentibus,
2340 4806 2414 4846 ex
2442 4788 2497 4865 ἓ.
2537 4787 2686 4889 Ιίίιηι
2713 4785 2876 4866 filius
2899 4832 2914 4863 ,
2948 4787 3145 4848 Instit.
3178 4786 3248 4846 de
3272 4785 3510 4847 hoeredi-

1978 4879 2213 4955 tatibus,
2246 4898 2378 4960 quie
2406 4878 2477 4939 ab
2507 4880 2782 4943 intestato
2813 4880 2854 4941 l.
2888 4879 3251 4959 Papinimius
3275 4881 3331 4957 ἓ.
3369 4880 3513 4953 Quo·

1975 4972 2135 5032 niam
2166 4974 2229 5032 ff.
2280 4971 2350 5032 de
2395 4971 2720 5052 inofficioso
2776 4979 3132 5032 testamento.
3193 4970 3256 5031 Si
3301 4975 3510 5031 autem

1977 5085 2140 5126 unus
2169 5084 2245 5125 ex
2285 5065 2429 5125 filiis
2478 5065 2612 5125 sine
2661 5063 2873 5125 sobole
2921 5063 3201 5141 legitima
3228 5068 3511 5123 mortuus

1921 5223 1934 5237 ,
1978 5162 2134 5234 erat,
2168 5157 2303 5235 ejus
2332 5175 2458 5217 non
2490 5156 2756 5218 habetur
2776 5155 2960 5233 ratio,
2993 5156 3103 5216 sed
3133 5155 3210 5216 de
3240 5154 3383 5215 filiis
3411 5174 3511 5215 su-

1977 5250 2363 5330 perstitibuS.

2058 5345 2196 5404 Non
2232 5343 2481 5420 desunt,
2511 5342 2615 5422 qui
2647 5342 2880 5414 dicant,
2913 5340 3370 5403 successionem
3399 5339 3507 5401 filii

1977 5435 2038 5496 in
2072 5435 2251 5497 bonis
2284 5435 2562 5515 paternis
2592 5455 2727 5497 esse
2759 5435 2836 5497 de
2859 5434 3002 5518 jure
3030 5433 3265 5511 divino,
3304 5452 3378 5493 ex
3403 5432 3508 5495 illo

3633 729 3736 789 161

3562 961 3639 1004 bus
3655 960 3808 1004 debita.

3653 3862 3767 3922 162

3597 3987 3808 4040 Quomodo

3592 4041 3822 4086 dividenda.

3657 5347 3771 5409 163
