4263 6376
133 1905 177 2101 vav.-

1154 297 1626 358 mspu'rxwo
1671 297 1888 373 xxlv,
1942 298 2217 359 ssso'rlo
2261 298 2420 358 xw.
2465 281 2476 291 “

214 472 453 549 buisset,
490 491 569 534 ne
597 491 756 533 unus
785 473 918 533 sine
942 472 1077 533 aliis
1107 491 1229 533 non
1252 474 1608 552 potentibus
1628 474 1727 534 vel

215 566 552 626 nolentibus
581 570 819 645 ageret,
843 565 890 625 si
924 571 1185 627 testator
1214 568 1293 626 ad
1321 567 1486 628 hunc
1516 586 1731 628 casum

212 677 328 718 non
355 660 647 737 providit,
680 658 1031 719 devolvitur
1061 660 1345 721 executio
1378 660 1459 719 ad
1490 660 1732 737 episco-

213 770 373 831 pum,
406 752 481 812 de
512 753 741 830 quibus
774 752 969 812 videri
1008 757 1212 830 potest
1244 753 1475 812 Molina
1496 753 1727 832 disput.

213 848 339 906 248.
370 845 423 923 g.
454 844 696 919 Quando
724 844 914 921 multi,
951 849 1012 905 et
1040 845 1322 906 Sanchez
1353 846 1518 907 dicto
1542 846 1730 906 dubio

214 955 361 998 xmv.
396 939 500 1016 qui
529 957 671 1017 cap.
709 956 778 998 11.
829 938 978 998 dub.
1018 941 1112 999 18.
1149 938 1343 1014 addit,
1385 937 1436 998 si
1474 943 1734 1010 testator

209 1031 380 1110 jussit
423 1035 678 1092 centum
726 1030 1013 1091 distribui
1058 1030 1435 1109 pauperibus
1479 1032 1731 1092 arbitrio

217 1123 367 1183 Petri
412 1129 474 1184 et
505 1123 707 1198 Pauli,
743 1123 924 1183 nullis
955 1123 1333 1202 pauperibus
1369 1123 1730 1202 designatiS,

218 1221 275 1278 et
298 1216 481 1276 solius
514 1216 680 1276 Petri
710 1216 964 1277 consilio
1000 1216 1329 1276 distributa
1374 1216 1604 1277 fuerint
1630 1236 1737 1277 ve-

219 1309 292 1368 ris
317 1308 722 1388 pauperibus,
766 1327 889 1368 non
921 1327 1054 1368 esse
1086 1308 1530 1391 obligationem
1558 1309 1739 1370 resti-

220 1402 439 1477 tuendi,
473 1420 620 1461 cum
660 1402 948 1462 voluntas
994 1405 1308 1462 testatoris
1351 1403 1559 1481 quoad
1588 1404 1735 1464 sub-

218 1496 497 1556 stantiam
541 1494 803 1573 impleta
843 1495 1057 1568 fuerit;
1084 1513 1262 1555 secus
1292 1514 1441 1557 vero
1488 1515 1645 1574 esse,
1689 1496 1737 1556 si

216 1593 459 1650 testator
485 1588 843 1666 designavit
859 1590 1062 1649 certas
1079 1606 1381 1667 personas
1405 1590 1497 1650 vel
1521 1608 1733 1670 opera,

219 1686 277 1743 et
302 1681 431 1741 aliis
459 1681 609 1742 data
640 1682 914 1745 fuerunt.

294 1774 600 1846 Quoeritur
647 1777 823 1835 sexto
844 1821 859 1851 ,
924 1794 1005 1836 an
1047 1780 1410 1837 executores
1470 1776 1746 1838 habeant

220 1868 565 1928 facultatem
594 1866 912 1927 vendendi
942 1868 1107 1928 bona
1150 1868 1462 1932 testatoris
1494 1870 1577 1930 ad
1607 1888 1744 1931 exe-

221 1959 705 2040 quendalegata,
732 1961 825 2019 vel
849 1960 968 2019 alia
998 1978 1189 2039 opera
1216 1964 1564 2022 atestatore
1585 1982 1746 2042 prm-

219 2053 474 2132 scripta?
502 2052 963 2131 Respondetur,
991 2058 1387 2115 executorem
1420 2056 1744 2116 universa-

220 2147 331 2206 lem
359 2164 566 2225 posse,
620 2145 1064 2223 particularem
1112 2164 1235 2206 non
1266 2164 1471 2226 posse,
1523 2152 1590 2208 ut
1638 2150 1746 2209 do-

221 2244 352 2300 cent
394 2257 539 2299 cum
587 2239 729 2298 aliis
774 2237 1004 2299 Molina
1039 2237 1204 2299 dicta
1252 2238 1483 2318 disput.
1516 2246 1652 2304 248.
1685 2243 1742 2321 ἓ.

226 2332 426 2394 Utrum
454 2341 676 2407 autem,
710 2335 772 2392 et
799 2331 1029 2392 Saneh.
1065 2331 1214 2392 dub.
1247 2349 1411 2393 xtvx.
1456 2343 1750 2395 executor

222 2426 580 2487 universalis
611 2425 861 2500 dicitur,
895 2424 1003 2503 qui
1033 2423 1199 2484 nullo
1230 2423 1481 2486 haerede
1509 2427 1749 2489 institu-

224 2524 299 2596 te,
330 2518 707 2580 constitutus
748 2517 865 2577 fuit
911 2516 989 2577 ad
1031 2516 1416 2578 voluntatem
1472 2519 1750 2581 defuncti

223 2612 563 2673 executioni
592 2608 1045 2684 mandandam,
1091 2614 1152 2670 et
1182 2610 1611 2672 distribuenda
1639 2613 1750 2674 bo-

225 2723 296 2764 na
324 2705 383 2764 in
412 2704 685 2765 salutem
715 2703 939 2762 animae
971 2702 1271 2777 defuncti,
1290 2704 1396 2782 qui
1425 2710 1753 2784 reputatur

225 2797 393 2877 quasi
433 2796 663 2872 haeres,
710 2814 785 2854 ex
826 2795 867 2858 l.
920 2794 999 2856 Si
1037 2795 1166 2876 quis
1211 2794 1291 2855 ad
1325 2795 1747 2877 declinandam,

225 2894 286 2952 C.
316 2890 383 2951 de
425 2889 489 2950 Ε
484 2889 745 2971 piscopis
789 2897 843 2949 et
883 2887 1128 2949 clericis.
1165 2889 1560 2952 Particularis
1602 2911 1750 2955 vero

228 2984 462 3059 dicitur,
497 2984 608 3062 qui
629 2982 908 3043 instituto
940 2981 1061 3042 alio
1092 2981 1367 3059 haerede,
1397 2985 1752 3047 nominatus

227 3081 313 3136 est
336 3076 416 3135 ad
445 3074 891 3154 exequendum
920 3078 1385 3152 testamentum,
1420 3077 1497 3137 de
1529 3079 1754 3157 quibus

228 3167 446 3231 Molina
503 3167 739 3247 disput.
773 3171 913 3229 247.
944 3168 1001 3247 ἓ.
1052 3166 1198 3228 Item
1244 3179 1633 3249 executurum,
1693 3176 1755 3235 et

231 3262 502 3323 Sanchez
533 3261 705 3321 dicto
737 3260 886 3321 dub.
912 3277 1039 3322 ΧΠ.
1076 3280 1182 3322 nu.
1220 3267 1275 3323 1.
1314 3283 1509 3343 quare
1537 3267 1588 3326 si
1617 3285 1754 3328 exe-

230 3360 398 3417 cutor
416 3353 812 3434 particularis
832 3354 1088 3433 propria
1107 3356 1477 3418 auctoritate
1499 3360 1750 3437 vendat,

235 3448 494 3509 venditio
539 3450 636 3507 est
684 3446 875 3507 nulla.
938 3448 1027 3508 De
1065 3448 1228 3509 facto
1284 3453 1496 3510 tamen
1557 3453 1758 3515 solent

232 3541 639 3602 communiter
685 3543 1011 3600 testatores
1040 3540 1203 3602 hanc
1230 3543 1589 3604 facultatem
1618 3564 1757 3607 exe-

233 3634 543 3695 cutoribus
590 3632 938 3693 concedere
967 3632 1033 3692 in
1081 3635 1301 3695 ordine
1329 3636 1410 3695 ad
1439 3636 1757 3716 implenda

234 3747 363 3808 quae
394 3728 453 3787 in
483 3731 860 3787 testamento
891 3726 1310 3788 continentur.
1378 3731 1619 3792 Debent
1658 3737 1753 3793 ta-

234 3840 366 3880 men
395 3837 649 3880 servare
681 3818 962 3880 debitum
990 3818 1275 3879 ordinem
1318 3825 1389 3883 ut
1416 3823 1584 3900 prius
1613 3843 1757 3884 ven-

237 3913 379 3974 dant
394 3912 675 3987 mobilia,
712 3916 926 3990 postea
941 3910 1108 3990 jura,
1136 3917 1198 3973 et
1216 3914 1516 3991 actioneS,
1542 3920 1759 3995 postea

236 4005 592 4080 immobilia,
624 4004 669 4065 l.
703 4024 737 4064 α
779 4003 950 4079 Divo,
977 4005 1033 4083 ἓ.
1066 4004 1139 4064 ln
1186 4006 1526 4085 venditione,
1579 4010 1643 4070 ff.
1691 4009 1761 4071 de

237 4097 599 4180 rejudicata.
634 4096 875 4157 Debent
903 4097 1090 4157 etiam
1122 4097 1285 4158 bona
1306 4099 1429 4160 fide
1458 4104 1754 4181 vendere,

241 4198 454 4253 utrem
482 4189 698 4268 magni
726 4188 906 4268 pretii
939 4207 1061 4249 non
1092 4190 1452 4273 vendatpro
1472 4195 1755 4274 minimo,

240 4290 297 4345 et
322 4303 441 4345 non
471 4283 591 4343 nisi
622 4301 766 4342 cum
795 4281 1217 4345 bannimentis
1247 4290 1308 4346 et
1327 4288 1579 4365 publica
1617 4290 1761 4350 suh-

242 4378 604 4451 hastatione,
637 4379 843 4455 potest
883 4380 1092 4436 autem
1124 4376 1324 4437 haeres
1365 4387 1761 4443 executorem

241 4468 534 4548 impedire
566 4486 643 4527 ne
674 4468 924 4544 vendat,
959 4468 1057 4528 vel
1088 4471 1407 4531 offerendo
1430 4475 1762 4552 pecuniam

242 4561 669 4636 necessariam,
704 4560 801 4619 vel
843 4559 1192 4622 exhibendo
1241 4582 1306 4623 se
1353 4571 1639 4642 paratum
1681 4568 1762 4629 ad

243 4654 656 4727 vendendum,
704 4656 768 4713 et
823 4652 1333 4715 satisfaciendum
1376 4658 1538 4719 intra
1588 4661 1764 4721 debi-

246 4754 368 4809 tum
407 4746 767 4820 terminum,
825 4750 886 4807 et
928 4746 1089 4807 datis
1137 4748 1630 4828 fidejussoribus,
1666 4755 1763 4814 vel

246 4839 555 4899 offerendo
602 4857 738 4898 rem
787 4837 996 4914 aliam,
1033 4858 1171 4917 quae
1213 4858 1355 4901 cum
1412 4845 1635 4905 minori
1677 4846 1764 4906 in-

246 4932 567 4993 commodo
621 4930 810 4992 vendi
856 4932 1069 5009 possit,
1126 4934 1224 4993 vel
1268 4942 1613 5015 emptorem
1658 4940 1765 5020 qui

247 5025 440 5103 majus
476 5024 747 5104 pretium
783 5024 1023 5084 osserat.
1089 5026 1395 5088 Gaeterum
1442 5037 1760 5111 executor,

248 5117 487 5196 quando
511 5116 650 5196 jure
667 5135 779 5177 suo
811 5117 1082 5177 vendere
1105 5123 1329 5197 potest,
1363 5141 1488 5182 non
1518 5128 1768 5185 tenetur

249 5209 320 5269 de
348 5211 672 5285 evictione,
706 5209 815 5269 sed
837 5208 1059 5286 haereS,
1090 5214 1153 5271 et
1181 5218 1383 5287 potest
1412 5235 1532 5276 non
1564 5217 1765 5278 solum

250 5302 533 5379 vendere,
567 5302 673 5363 sed
705 5303 890 5363 etiam
924 5308 1301 5383 permutare,
1336 5307 1636 5388 obligare,
1662 5312 1761 5372 vel

250 5394 308 5453 in
351 5396 619 5456 solutum
673 5394 855 5468 dare;
907 5414 1031 5455 non
1085 5403 1345 5475 possunt
1390 5403 1601 5463 tamen
1647 5404 1763 5466 hac

252 5486 535 5549 facultate
560 5487 668 5641 Tuti
724 5492 865 5642 ant?
919 5488 1155 5550 aditam
1217 5490 1648 5557 haereditatem
1685 5497 1763 5558 de

611 5596 716 5642 ox.
747 5583 799 5643 V
859 5624 877 5643 .

3246 297 3351 357 16¹

1826 473 1969 553 jure
2015 473 2353 549 communi,
2412 473 2548 532 nisi·
2575 472 2654 533 ad
2690 473 2897 551 legata
2928 472 3051 551 pia,
3100 490 3214 532 nec
3244 472 3360 532 nisi

1833 566 2001 645 prius
2033 567 2329 645 requisito
2359 566 2629 643 haerede,
2661 566 3076 627 communiter
3105 567 3360 645 loquen-

1832 660 1933 732 do,
1968 659 2081 718 nisi
2115 658 2216 719 hic
2247 678 2322 718 ex
2351 659 2658 720 industria
2689 659 2944 737 effugiat
2961 659 3358 738 praesentiam

1834 751 2206 827 executoris,
2239 751 2339 811 vel
2368 751 2485 810 nisi
2515 752 2576 810 in
2608 752 2795 811 rebus
2825 752 3028 827 clariS,
3053 752 3115 811 in
3134 751 3360 831 quibus

1834 863 1958 905 non
1989 849 2081 906 est
2129 862 2382 905 neeesse
2429 844 2696 905 haeredis
2738 845 3123 905 voluntatem
3155 845 3361 923 explo-

1830 957 1999 1003 rate·

1917 1030 2231 1106 Quaeritur
2274 1030 2567 1109 septimo,
2600 1051 2683 1092 an
2731 1035 3094 1094 executores
3126 1031 3365 1110 possint
3513 1045 3630 1105 333

1836 1125 2031 1185 invito
2062 1124 2312 1184 haerede
2359 1124 2601 1184 solvere
2631 1125 2969 1204 legatariiS,
3006 1129 3067 1187 et
3095 1125 3362 1186 credito·
3441 1169 3506 1212 An
3527 1171 3687 1225 ‘mint

1834 1218 2006 1278 ribus
2053 1217 2374 1278 defuncti?
2420 1217 2872 1297 Respondetur,
2914 1220 2966 1279 si
3009 1219 3209 1280 haeres
3239 1237 3364 1279 non
3418 1225 3577 1266 solvero
3594 1203 3713 1289 ‹lebi-

1835 1311 2102 1387 resistat,
2164 1328 2344 1388 posse
2399 1311 2653 1389 propria
2701 1312 3068 1374 auctoritate
3124 1313 3365 1372 solvere
3463 1282 3502 1319 Μ
3520 1291 3672 1323 ‘mm‘

1835 1405 2043 1483 legata
2090 1408 2154 1464 et
2207 1402 2417 1464 debita
2460 1421 2597 1482 qum
2651 1408 2910 1466 testator
2953 1405 3110 1465 solvi
3145 1405 3361 1485 jussit,

1839 1496 1985 1576 quia
2014 1496 2128 1556 hoc
2180 1499 2273 1556 est
2322 1495 2595 1555 officium
2636 1496 2787 1577 ipsis
2843 1499 3266 1574 commissum,
3301 1503 3370 1560 ut

1841 1593 2231 1669 exequantur
2284 1591 2576 1649 contenta
2612 1590 2674 1649 in
2720 1595 3138 1655 testamento:
3174 1611 3368 1672 quare

1842 1684 1963 1743 alia
1991 1682 2201 1742 debita
2244 1681 2306 1740 in
2355 1685 2727 1758 testamento
2758 1703 2882 1744 non
2916 1688 3212 1745 contenta
3244 1703 3368 1745 non

1842 1779 2103 1856 possunt
2127 1774 2391 1851 solvere,
2428 1774 2574 1853 quia
2607 1776 2807 1835 solum
2838 1783 2982 1839 sunt
3007 1782 3372 1839 executores

1840 1867 2219 1942 testamenti,
2266 1866 2374 1926 sed
2406 1867 2539 1927 haec
2569 1868 2801 1931 debent
2829 1870 2907 1928 ab
2939 1869 3187 1930 haerede
3218 1870 3366 1950 peti.

1843 1962 1971 2022 Nisi
2001 1964 2258 2022 testator
2289 1959 2562 2037 dixisset,
2591 1964 2656 2020 ut
2676 1967 3015 2024 exonerent
3034 1981 3210 2023 suam
3230 1982 3373 2024 con-

1844 2054 2167 2115 scientiam
2198 2055 2260 2113 et
2287 2052 2532 2113 solvant
2560 2052 2693 2132 ejus
2735 2054 2947 2116 debita
2980 2076 2992 2116 :
3028 2061 3176 2117 tunc
3207 2057 3374 2117 enim

1846 2151 2100 2227 possent
2129 2149 2190 2205 et
2247 2143 2551 2206 deberent
2600 2146 2844 2206 solvere
2881 2147 3093 2209 debita
3127 2168 3249 2209 non
3279 2168 3375 2210 so-

1844 2241 1975 2301 lum
2005 2238 2233 2312 civilia,
2272 2231 2380 2297 sed
2413 2238 2600 2299 etiam
2634 2240 2961 2316 naturalia,
2990 2260 3128 2320 quae
3159 2242 3221 2301 in
3244 2243 3375 2305 solo

1847 2332 2245 2395 conscientia}
2290 2332 2420 2392 foro
2484 2331 2791 2393 debentur
2837 2350 2850 2395 :
2887 2333 2936 2393 si
2982 2353 3128 2395 vero
3178 2335 3377 2397 haeres

1847 2428 1928 2488 sit
1954 2425 2204 2502 invitm,
2239 2445 2363 2486 non
2410 2430 2614 2505 potest
2669 2430 2963 2487 executor
2990 2446 3213 2506 capere
3244 2448 3378 2490 rem

1846 2522 2142 2600 legatam,
2171 2523 2239 2579 ut
2267 2519 2475 2580 tradat
2500 2519 2825 2598 legatario,
2861 2520 3010 2600 quia
3034 2540 3157 2582 non
3175 2527 3381 2600 potest

1849 2612 2101 2693 propria
2116 2612 2487 2673 auctoritate
2517 2612 2774 2690 pervim
2805 2613 3029 2691 ejicere
3061 2615 3379 2677 haeredem

1850 2726 1887 2767 a
1915 2705 2306 2785 possessione
2335 2704 2666 2765 bonorum.
2702 2707 2913 2767 Potest
2940 2712 3170 2786 tamen,
3201 2715 3262 2772 et
3289 2715 3381 2772 te·-

1850 2798 2334 2859 ueturintimare
2365 2796 2679 2875 episcopo,
2716 2802 2783 2858 ut
2814 2802 3150 2879 compellat
3179 2803 3381 2865 haere-

1853 2891 2028 2963 dem;
2064 2895 2271 2970 potest
2291 2889 2477 2950 etiam
2510 2909 2697 2968 agere
2714 2891 3015 2953 adversus
3038 2894 3375 2975 haeredem,

1853 2991 1915 3047 et
1956 2984 2273 3044 debitores
2325 2982 2708 3044 haereditatis
2757 2984 2834 3043 ad
2887 2985 3092 3065 legata
3125 2989 3248 3067 pia,
3281 2991 3382 3051 vel

1852 3096 2042 3138 causa
2072 3076 2506 3137 alimentorum
2537 3094 2884 3156 pauperum
2909 3099 2923 3152 ;
2962 3080 3042 3140 ad
3058 3081 3180 3142 alia
3205 3101 3379 3160 vere,

1854 3170 1903 3230 si
1934 3170 2013 3232 sit
2040 3187 2251 3229 merus
2290 3173 2603 3245 executor,
2651 3188 2838 3249 agere
2889 3192 3013 3234 non
3052 3179 3259 3253 potest
3291 3176 3386 3237 di-

1852 3268 2043 3338 recte,
2080 3262 2190 3322 sed
2223 3261 2557 3341 implorare
2590 3262 2863 3324 officium
2878 3264 3128 3345 judiciS,
3152 3273 3220 3330 ut
3253 3270 3384 3348 ipse

1856 3376 1932 3417 ex
1962 3355 2166 3416 officio
2197 3354 2513 3415 haeredem
2560 3360 2743 3434 cogat
2773 3378 2784 3418 :
2823 3358 3026 3421 solent
3049 3365 3259 3422 tamen
3289 3368 3382 3424 te·

1856 3453 2120 3511 statores
2140 3448 2501 3509 facultatem
2524 3448 2675 3509 dare
2697 3452 3130 3514 executoribus
3159 3457 3387 3534 agendi

1856 3543 2156 3602 adversus
2206 3540 2507 3614 haeredeS,
2549 3544 2612 3601 et
2640 3559 3066 3624 quoscumque
3097 3548 3273 3625 alios,
3308 3550 3386 3610 de

1858 3634 2083 3715 quibus
2112 3632 2342 3694 Melina
2382 3632 2547 3693 dicta
2594 3632 2751 3714 disp.
2786 3639 2923 3698 248.
2957 3640 3012 3718 ἓ.
3051 3643 3170 3715 Quo
3198 3642 3279 3702 ad
3301 3642 3387 3703 ul-

1857 3729 2080 3802 timum,
2116 3731 2179 3788 et
2204 3727 2260 3804 ξ.
2294 3725 2592 3806 Sequenti,
2628 3730 2691 3787 et
2723 3730 3003 3791 Sanchez
3034 3733 3200 3795 dicto
3243 3754 3380 3816 cap.

1856 3839 1900 3884 1.
1935 3822 2085 3882 dub.
2119 3825 2218 3880 47.
2255 3824 2315 3879 et
2341 3822 2441 3880 48.

1916 3913 2251 3986 ‚Quaeritur
2278 3915 2522 3988 octav0,
2557 3932 2633 3973 an
2667 3922 3028 3979 executores
3056 3924 3388 3986 teneantur

1857 4009 1940 4070 ad
1968 4006 2357 4067 reddendam
2385 4006 2733 4069 rationem?
2763 4012 3196 4090 Respondetur
3223 4018 3387 4080 affir-

1858 4100 2122 4173 mative3
2175 4103 2237 4160 et
2266 4098 2400 4158 haec
2429 4103 2522 4160 est
2550 4118 2737 4162 causa
2765 4103 2933 4164 misti
2962 4106 3101 4185 sori,
3155 4109 3214 4170 in
3266 4131 3390 4191 qua

1861 4195 2044 4255 datur
2072 4192 2247 4252 locus
2293 4192 2722 4270 praeventioni,
2772 4200 2842 4257 ut
2885 4216 3026 4259 cum
3074 4206 3390 4266 communi

1860 4288 2087 4348 docent
2130 4284 2362 4346 Melina
2408 4283 2637 4363 disput.
2673 4303 2797 4349 CCL.
2825 4294 2887 4351 et
2915 4293 3194 4356 Sanchez
3238 4298 3386 4362 dub.

1859 4398 2019 4442 xux.
2055 4379 2162 4458 qui
2192 4378 2387 4453 addit,
2423 4377 2485 4436 in
2515 4379 2703 4440 rebus
2733 4383 3006 4446 minimis
3036 4390 3207 4450 credi
3242 4412 3388 4454 exe·

1862 4472 2055 4534 cutori
2088 4489 2231 4531 cum
2252 4472 2633 4549 jurament0‚
2671 4472 2718 4532 si
2763 4481 3091 4541 commode
3123 4501 3247 4544 non
3277 4505 3390 4565 po·

1862 4568 2023 4628 terat
2049 4563 2532 4624 instrumentum
2558 4565 2715 4627 fieri.
2767 4569 2900 4628 Non
2933 4575 3177 4635 tenetur
3205 4579 3394 4640 etiam

1863 4657 2126 4720 reddere
2173 4655 2478 4716 rationem
2524 4656 2601 4716 de
2633 4658 2725 4731 iis,
2781 4678 2919 4739 quae
2979 4664 3306 4731 defunctus
3336 4673 3393 4733 ei

1862 4756 2100 4812 secreto
2131 4750 2498 4828 exequenda
2527 4750 2812 4830 injunxit,
2847 4756 2964 4817 nisi
2986 4778 3394 4836 praesumere-

1863 4850 1964 4906 tur
1991 4844 2182 4918 frauS,
2218 4842 2363 4920 quia
2391 4862 2492 4904 res
2520 4844 2966 4910 distribuendae
2996 4856 3396 4931 reperiuntur

1863 4955 2055 5017 penes
2084 4935 2289 5013 ipsum
2336 4940 2731 4998 executorem
2765 4961 2780 5002 ;
2816 4942 2866 5001 si
2897 4950 3108 5005 autem
3133 4952 3392 5011 testator

1865 5048 1988 5090 non
2016 5028 2397 5088 declarasset
2422 5033 2795 5092 testamento
2820 5033 2981 5095 hanc
3010 5041 3391 5104 commissio-

1864 5140 2009 5182 nem
2039 5120 2355 5181 executori
2384 5121 2594 5181 datam
2624 5142 2739 5184 nec
2769 5126 2945 5187 aliter
2964 5132 3222 5193 testibus
3252 5154 3391 5213 pro-

1864 5215 2000 5276 bari
2048 5213 2262 5292 possit,
2298 5231 2418 5273 non
2468 5215 2757 5276 credetur
2786 5224 3099 5282 executori
3132 5225 3387 5307 dicenti,

1866 5308 1982 5369 sibi
2020 5326 2057 5368 a
2085 5310 2380 5368 testatore
2423 5306 2609 5367 fuisse
2658 5312 3082 5393 commissum,
3138 5323 3206 5380 ut
3250 5339 3394 5384 cum

1863 5400 1998 5462 aliis
2018 5400 2188 5460 idem
2219 5398 2498 5460 Sanchez
2525 5400 2634 5463 ibi.

1945 5493 2254 5568 Quaeritur
2281 5510 2466 5570 nono,
2500 5511 2578 5554 an
2610 5499 2922 5562 executori
2954 5501 3257 5571 debeatur
3296 5533 3396 5575 sa-

3051 5602 3116 5663 ll

3535 3942 3652 4002 334

3438 4070 3502 4113 An
3522 4073 3737 4112 tencantur

3501 4123 3673 4187 reddere

3482 4182 3698 4220 rationem.

3540 5511 3657 5571 335
