4263 6376
1259 328 1730 389 DISPUTATIO
1775 328 1993 404 XXIV,
2044 329 2318 390 SECTIO
2364 330 2551 390 XVII.
3362 332 3475 392 163

1934 525 1994 584 g.
2030 508 2198 584 Lego
2229 508 2410 567 Petro
2441 510 2713 584 centum,
2745 506 2795 568 si
2826 525 3003 566 meus
3032 507 3233 567 haeres
3265 507 3477 568 volue-

1937 599 2038 673 rit,
2074 604 2141 660 ut
2171 603 2414 661 constat
2441 619 2516 660 ex
2543 600 2584 660 1.
2621 600 2874 660 Senatus
2903 617 3038 660 nv.
3078 602 3140 661 ff.
3176 599 3245 660 de
3274 600 3478 679 leqatis

1941 709 1981 752 1.
2033 693 2214 770 cujus
2262 696 2644 753 contrarium
2675 694 2881 753 nescio
2914 711 3037 772 quo
3069 694 3476 754 fundamento

1938 786 2267 862 supposuit
2295 785 2527 846 Molina
2554 786 2713 865 disp.
2750 802 2930 846 chu.
2966 787 3021 864 ἓ.
3057 786 3363 865 Leqatum,
3413 786 3478 845 in

1939 877 2083 937 fine.
2150 877 2215 939 Si
2244 881 2454 939 tamen
2495 880 2855 940 conferatur
2884 879 2946 937 in
2978 879 3363 939 voluntatem
3393 880 3484 958 ip-

1938 969 2068 1028 sius
2094 970 2404 1048 legatarii,
2440 972 2624 1048 valet,
2659 992 2718 1032 v.
2753 991 2814 1050 g.
2841 973 3023 1032 Petro
3043 972 3183 1050 lego
3206 976 3479 1049 centum,

1941 1061 1992 1121 si
2022 1062 2154 1140 ipse
2183 1063 2482 1139 voluerit,
2517 1067 2581 1124 et
2608 1063 2776 1123 idem
2806 1069 2920 1139 est,
2956 1065 3005 1125 si
3035 1064 3324 1126 instituas
3353 1065 3484 1126 1101-

1942 1153 2157 1213 redem
2189 1158 2440 1216 Petrum
2461 1203 2476 1232 ,
2519 1156 2573 1216 si
2600 1156 2869 1217 voluerit
2895 1157 3095 1217 haeres
3125 1176 3259 1218 esse
3291 1177 3305 1217 τ
3341 1175 3481 1237 quae

1943 1246 2239 1322 conditio,
2271 1247 2418 1308 licet
2435 1248 2733 1328 implicite
2763 1267 3011 1328 semper
3036 1249 3198 1327 insit,
3229 1251 3482 1330 quando

1941 1341 2153 1407 tamen
2184 1339 2549 1416 explicatur,
2570 1340 2719 1403 facit
2739 1342 2907 1419 quod
2930 1342 3204 1420 legatum
3237 1344 3317 1404 sit
3344 1362 3485 1404 con·

728 850 1143 935 SEGTlo
1233 853 1433 935 xvn.

478 1167 565 1222 De
592 1159 1066 1236 CommissariO,
1103 1167 1160 1223 et
1189 1159 1319 1243 ejus
1345 1157 1678 1245 facultate.

94 1431 191 1489 339
385 1424 869 1486 commissarius
898 1425 1105 1485 differt
1148 1424 1229 1485 ab
1273 1427 1643 1501 executore,
1698 1423 1847 1504 quia
1941 1430 2268 1508 ditionale,
2316 1449 2511 1510 quare
2557 1432 2609 1493 si
2656 1439 2798 1494 ante
2846 1433 3061 1494 datum
3108 1452 3482 1496 consensum

69 1555 239 1609 ‚paam
312 1522 602 1578 executor
651 1517 843 1579 habet
869 1535 1109 1578 meram
1139 1517 1572 1578 executionem
1602 1535 1840 1593 eorum,
1941 1523 2280 1600 moriatur,
2336 1542 2462 1585 non
2509 1527 2874 1587 transmittit
2921 1527 3200 1604 legatum
3228 1529 3307 1588 ad
3339 1546 3483 1589 suos

69 1611 230 1651 anama

69 1663 251 1705 :amiur
312 1628 445 1689 quae
472 1615 741 1672 testator
778 1609 1109 1688 disposuit;
1161 1611 1589 1670 commissario
1635 1613 1845 1670 autem

77 1694 264 1777 «πατρῷ’
312 1703 490 1764 datur
515 1702 784 1763 facultas
813 1703 1184 1782 disponendi
1213 1704 1380 1763 circa
1400 1722 1496 1778 ea,
1518 1703 1595 1762 de
1622 1703 1847 1782 quibus

70 1770 265 1864 'W‘
310 1799 565 1857 testator
595 1815 723 1855 non
754 1797 933 1874 plene
963 1796 1289 1875 disposuit.
1341 1799 1487 1856 Haec
1517 1801 1725 1858 autem
1755 1797 1849 1856 fa-

310 1889 544 1963 cultaS,
609 1908 722 1948 seu
754 1889 1149 1966 commissiO,
1209 1889 1525 1969 loquendo
1582 1889 1659 1949 de
1704 1890 1847 1968 jure

309 1982 666 2054 communi,
727 1981 1064 2061 aliquando
1094 1982 1298 2058 valet,
1356 1981 1692 2061 aliquando
1724 2000 1849 2042 uon

307 2075 491 2136 valet.
538 2077 662 2135 Pro
696 2093 819 2155 quo
849 2075 1173 2135 sciendum
1206 2080 1335 2151 est,
1372 2076 1721 2136 voluntates
1751 2092 1850 2135 ca·

310 2168 608 2246 ptatorias
658 2167 804 2247 jure
861 2168 1027 2228 civili
1084 2168 1429 2245 prohibitas
1486 2186 1620 2228 esse
1662 2169 1852 2228 :sunt

309 2266 513 2322 autem
571 2259 674 2320 hae
724 2260 787 2319 in
831 2260 1063 2338 duplici
1109 2261 1480 2322 differentia.
1550 2259 1850 2333 Quaedam

1942 1616 2256 1692 haeredes,
2310 1636 2448 1696 quae
2480 1617 2791 1680 habentur
2819 1619 2859 1679 1.
2894 1618 2971 1680 Si
2994 1619 3079 1679 ita
3110 1619 3385 1700 leyatum,
3418 1622 3476 1701 ἓ,

1941 1708 2063 1784 Illi,
2094 1708 2150 1768 si
2179 1709 2347 1786 volet,
2382 1710 2421 1770 1.
2457 1711 2741 1788 Senatus,
2775 1713 2830 1789 ἓ.
2864 1710 3170 1791 Leyatum,
3207 1716 3267 1774 ff.
3303 1713 3371 1774 de
3401 1714 3482 1774 le-

1941 1800 2094 1881 gyatz's
2139 1818 2183 1862 1.
2236 1806 2299 1863 et
2337 1803 2378 1863 l.
2413 1802 2489 1862 Si
2514 1803 2598 1862 ita
2625 1822 2977 1884 expressum,
3011 1807 3074 1866 ff.
3108 1805 3178 1866 de
3205 1806 3481 1868 conditio-

1940 1893 2106 1953 nibus
2135 1904 2190 1954 et
2216 1893 2594 1959 demonstrat.

2024 1989 2113 2047 Ex
2145 1985 2262 2047 hac
2302 1989 2524 2066 regula
2552 1990 2831 2066 generali
2874 1991 3085 2070 plures
3115 1994 3276 2053 fiunt
3302 2012 3482 2054 exce·
3631 2000 3750 2060 340

1946 2079 2190 2158 ptiones
2222 2125 2236 2156 ,
2294 2081 2520 2159 quihus
2555 2086 2687 2143 tota
2718 2081 2853 2144 11ωο
2881 2083 3170 2146 doctrina
3199 2104 3486 2165 compre·
3536 2125 3679 2168 mures
3712 2135 3833 2166 em·

1949 2173 2263 2233 henditur.
3533 2191 3557 2221 a
3582 2177 3834 2242 prohibui9-

2026 2266 2236 2327 Prima
2266 2271 2385 2343 est,
2430 2267 2576 2328 licet
2605 2286 2730 2328 non
2759 2268 2969 2330 valeat
2992 2269 3269 2347 legatum
3300 2272 3492 2332 colla-
3565 2245 3618 2275 ¹¹⁰
3634 2237 3810 2286 exceptu.

308 2357 447 2414 sunt
465 2353 745 2431 propriae
774 2353 1157 2431 captatoriae,
1194 2358 1259 2414 ut
1288 2371 1431 2413 cum
1462 2352 1613 2414 dicit
1635 2372 1648 2412 ε
1673 2353 1852 2413 Insti-

308 2455 402 2505 tua
429 2446 681 2506 Petrum
709 2445 993 2506 lzoeredem
1017 2493 1031 2522 ,
1083 2447 1177 2506 vel
1202 2446 1327 2525 leyo
1357 2446 1412 2505 ei
1434 2445 1612 2516 mille,
1648 2446 1706 2506 si
1730 2447 1853 2527 ipse

308 2558 394 2598 me
414 2586 430 2616 ,
490 2538 587 2599 vel
608 2538 870 2599 Paulum
916 2539 1250 2612 instituerit,
1312 2548 1413 2599 aut
1440 2539 1495 2599 si
1519 2539 1666 2599 milti
1684 2585 1698 2614 ,
1762 2537 1858 2599 vel

310 2633 496 2693 Paulo
524 2631 693 2692 mille
722 2631 1002 2713 leqaverit
1048 2653 1060 2693 :
1110 2650 1234 2711 quo
1265 2636 1448 2710 pacto
1480 2633 1670 2711 aliqui
1699 2631 1853 2693 alios

311 2726 704 2801 alliciebant,
746 2731 814 2786 ut
841 2724 954 2785 sibi
986 2724 1084 2785 vel
1123 2725 1260 2785 aliis
1298 2725 1507 2803 aliqua
1534 2725 1853 2803 relinque-

312 2823 482 2894 rent,
536 2823 600 2880 et
629 2823 849 2896 postea
878 2817 1150 2897 priorem
1181 2818 1650 2896 dispositionem
1679 2836 1855 2879 revo-

310 2912 572 2973 cabant:
607 2911 884 2989 ideoque
913 2910 1272 2989 hujusmodi
1303 2910 1854 2985 institutioneS,vel

311 3005 515 3083 legata
541 3005 726 3064 irrita
752 3004 917 3064 faeta
943 3007 1126 3080 sunt,
1161 3008 1230 3064 ut
1256 3007 1504 3064 constat
1529 3022 1604 3063 ex
1633 3004 1675 3064 l.
1710 3019 1755 3064 1.
1790 3002 1853 3062 in

311 3098 430 3158 fine
452 3146 467 3174 ‚
520 3100 585 3159 ff.
622 3096 697 3157 de
725 3097 816 3173 εἰς,
851 3116 983 3177 quoe
998 3116 1119 3177 pro
1148 3117 1261 3156 non
1288 3096 1523 3176 scriptis
1549 3095 1851 3172 habentur,

312 3191 352 3254 l.
384 3192 493 3253 Ille
519 3201 739 3267 autem,
774 3206 940 3252 Lxxr.
977 3192 1039 3250 ff.
1075 3188 1144 3251 de
1170 3188 1493 3251 haeredibus
1521 3186 1852 3250 instituenti.

313 3292 372 3346 et
399 3286 556 3347 aliie.
592 3288 736 3346 Non
764 3289 976 3346 tamen
1004 3284 1461 3362 improbantur,
1488 3284 1539 3343 si
1568 3283 1682 3343 sub
1714 3302 1856 3344 con·

311 3381 541 3441 ditione
572 3380 657 3439 de
689 3378 1002 3456 praeterito
1044 3377 1241 3438 fiant:
1303 3383 1372 3439 ut
1416 3378 1470 3437 si
1512 3377 1710 3438 Titius
1757 3395 1857 3437 me

307 3472 436 3551 jam
465 3471 792 3532 haeredem
831 3470 1117 3547 instituit,
1152 3470 1252 3529 vel
1280 3469 1432 3529 mihi
1463 3473 1572 3531 aut
1602 3469 1743 3531 Seio
1772 3469 1861 3529 le-

313 3566 520 3643 gavit,
580 3564 845 3626 instituo
884 3582 1027 3624 eum
1056 3563 1157 3623 vel
1204 3563 1343 3641 lego
1389 3562 1443 3622 ei
1493 3567 1746 3623 centum
1793 3565 1863 3623 ut

313 3664 554 3720 constat
600 3677 682 3719 ex
729 3656 897 3718 dicta
940 3656 980 3717 1.
1017 3655 1128 3716 Ille
1153 3664 1365 3717 autem.
1427 3658 1641 3732 Neque
1672 3655 1860 3716 etiam

315 3751 773 3831 improbantur,
792 3750 1042 3829 quando
1073 3748 1197 3810 duo
1225 3767 1361 3809 sese
1389 3752 1606 3809 mutuo
1639 3748 1861 3808 eodem

315 3845 500 3904 etiam
547 3844 970 3904 instrumento
1017 3860 1090 3901 ex
1121 3844 1348 3902 affeetu
1380 3840 1662 3900 haeredes
1693 3840 1863 3901 insti-

316 3941 528 4012 tuunt,
580 3936 688 3995 vel
716 3936 837 3996 sibi
863 3935 1104 4013 legant,
1156 3939 1305 3994 tunc
1336 3933 1502 3992 enim
1531 3952 1656 3994 non
1684 3933 1864 3994 adest

316 4030 609 4106 conditiO,
647 4032 720 4088 ut
746 4032 992 4088 constat
1021 4044 1096 4086 ex
1124 4028 1164 4086 l.
1196 4024 1248 4086 C
1249 4025 1596 4106 amatorias,
1622 4043 1756 4086 ux.
1794 4027 1858 4087 ff.

316 4120 383 4182 de
408 4120 625 4183 hoered.
663 4120 844 4180 instit.
875 4123 971 4181 An
1000 4137 1150 4179 vero
1173 4119 1396 4194 valeat,
1433 4118 1684 4197 quando
1716 4119 1863 4179 libe·

319 4233 416 4275 ras
442 4218 707 4277 Petrum
735 4233 774 4274 a
803 4213 1034 4288 debite,
1070 4213 1121 4272 si
1150 4217 1209 4273 te
1242 4212 1556 4272 baeredem
1588 4212 1865 4273 institue-

318 4308 431 4385 rit,
489 4309 773 4368 affirmat
819 4308 1163 4366 Covarruv.
1208 4306 1375 4384 apud
1406 4308 1691 4385 vasquez
1722 4323 1861 4383 cap.

319 4415 398 4459 nt.
430 4398 500 4459 de
523 4398 904 4474 testamentis,
936 4399 991 4478 ἓ.
1028 4416 1096 4459 11.
1132 4398 1281 4460 dub.
1318 4416 1361 4459 1.
1399 4416 1568 4458 num.
1605 4401 1704 4459 50.
1740 4397 1866 4459 Sed

318 4492 822 4571 immerito,quia
851 4491 1111 4571 perinde
1143 4496 1239 4553 est
1272 4492 1541 4552 liberare
1568 4510 1606 4551 a
1627 4491 1861 4567 debite,

318 4604 390 4646 ac
417 4586 632 4665 legare
665 4586 965 4664 legatum.

394 4680 549 4741 Aliae
580 4683 737 4740 sunt
763 4678 1123 4757 captatoriae
1153 4677 1544 4756 impropriae,
1600 4695 1741 4756 quae
1770 4679 1866 4735 ta-

322 4790 460 4832 men
491 4772 914 4851 prohibentur
936 4818 951 4846 ‚
999 4774 1069 4832 111
1116 4769 1366 4850 quando
1398 4769 1666 4829 haeredis
1695 4767 1868 4828 insti-

323 4864 495 4941 tutio,
512 4865 613 4925 1101
648 4864 924 4942 legatum
952 4863 1013 4922 in
1036 4864 1289 4924 alterius
1308 4862 1686 4923 voluntatem
1718 4879 1868 4920 0011-

324 4956 537 5034 fertur,
579 4977 649 5018 v.
684 4976 745 5036 g.
780 4957 1032 5017 instituo
1063 4956 1402 5030 haeredem,
1428 4973 1618 5034 quem
1646 4956 1869 5015 Petrus

324 5050 626 5125 voluerit,
680 5049 779 5109 vel
808 5049 1085 5128 legatum
1112 5049 1399 5127 relinquo
1448 5047 1548 5107 cui
1594 5047 1724 5125 ipse
1756 5063 1868 5106 vo-

327 5141 545 5218 luerit,
580 5148 654 5203 ut
685 5146 931 5202 constat
959 5159 1034 5200 ex
1061 5142 1183 5219 leg.
1219 5140 1338 5201 Illa
1367 5139 1689 5215 institutio,
1733 5138 1863 5198 etl.

332 5231 728 5315 CaptatoriaS,
762 5236 823 5294 ff.
858 5233 927 5293 de
953 5232 1168 5294 koered.
1202 5230 1535 5293 instituenti.
1569 5231 1611 5292 1.
1649 5229 1872 5311 Capta-

330 5328 525 5402 tor-ias,
558 5329 713 5389 Cod.
748 5325 819 5387 de
846 5334 1180 5386 testamento
1208 5324 1381 5386 milit.
1416 5323 1547 5384 etl.
1588 5321 1872 5403 Captato-

329 5419 467 5495 νίας,
495 5421 561 5481 ff.
595 5419 665 5480 de
693 5419 933 5500 quatis,
968 5436 1011 5479 1.
1046 5417 1225 5480 Unde
1255 5435 1458 5496 neque
1490 5416 1678 5476 etiam
1709 5416 1873 5476 valet

333 5512 600 5591 legatum
631 5514 927 5575 collatum
953 5512 1019 5572 in
1047 5511 1316 5573 haeredis
1343 5510 1729 5571 voluntatem
1755 5555 1770 5585 ,
1804 5528 1863 5569 v.

1948 2363 2080 2420 tum
2111 2359 2172 2417 in
2202 2359 2589 2420 voluntatem
2622 2360 2932 2434 haeredis;
2973 2363 3145 2424 valet
3180 2369 3390 2425 tamen
3436 2365 3489 2426 si

1951 2453 2123 2512 dicas
2143 2498 2158 2527 ,
2210 2454 2378 2529 Lego
2413 2455 2593 2513 Petro
2625 2458 2878 2514 centum
2927 2454 3042 2514 nisi
3074 2455 3275 2517 haeres
3303 2477 3493 2538 repu-

1951 2543 2277 2622 gnaverit,
2338 2545 2435 2604 vel
2469 2546 2587 2605 nisi
2615 2545 2812 2607 Titius
2844 2547 3153 2620 noluerit;
3216 2567 3339 2609 non
3397 2554 3492 2612 est

1952 2637 2120 2697 enim
2151 2636 2406 2714 propria
2435 2638 2707 2699 conditio
2733 2685 2747 2714 ,
2785 2639 2896 2700 sed
2929 2639 3164 2719 absque
3193 2642 3315 2702 alio
3346 2661 3489 2703 con-

1951 2747 2137 2789 sensu
2168 2730 2446 2807 legatum
2475 2731 2676 2806 valet,
2711 2731 2911 2809 posita
2940 2736 3150 2793 tamen
3182 2735 3491 2796 contradi-

1953 2822 2157 2883 ctione
2187 2822 2372 2896 illius,
2408 2828 2759 2900 revocatur,
2796 2829 2864 2884 ut
2909 2842 3052 2884 cum
3114 2828 3496 2889 Covarruvia

1954 2915 2137 2975 docet
2166 2917 2448 2992 Vasquez
2478 2933 2616 2993 cap.
2644 2933 2782 2978 vm.
2809 2915 2878 2976 de
2898 2920 3270 2995 testamentis,
3302 2922 3358 3000 ἓ.
3393 2938 3487 2982 111.

1955 3009 2016 3068 (1.
2056 3025 2077 3067 1
2109 3026 2280 3068 1111111.
2315 3012 2415 3067 42.

2037 3100 2328 3162 Secundo
2359 3099 2693 3178 excipitur,
2730 3100 2778 3161 si
2810 3119 2932 3162 non
2963 3104 3348 3180 formaliter,
3383 3107 3494 3168 sed

1956 3194 2325 3270 virtualiter,
2363 3198 2425 3255 et
2454 3193 2754 3256 indirecte
2777 3197 3136 3259 conferatur
3156 3199 3216 3259 in
3240 3201 3495 3262 alterius

1956 3287 2366 3361 voluntatem,
2401 3286 2574 3347 verb.
2609 3291 2770 3365 grat.
2806 3288 2855 3348 si
2888 3290 3083 3367 dicas,
3117 3294 3287 3369 Lego
3309 3295 3494 3355 Petro

1958 3385 2211 3440 centum
2242 3380 2340 3439 vel
2375 3379 2627 3440 instituo
2651 3399 2795 3440 011111
2819 3381 3158 3460 haeredem,
3193 3386 3243 3444 si
3265 3386 3497 3446 Paulus

1960 3473 2079 3533 1100
2109 3490 2325 3533 mense
2356 3472 2729 3549 Capitolium
2757 3476 3113 3538 ascenderit
3144 3497 3157 3537 t
3194 3497 3317 3556 quo
3349 3498 3498 3540 casu

1960 3568 2417 3644 consequenter
2441 3568 2654 3625 manet
2681 3565 2743 3625 in
2765 3572 3072 3645 potestate
3095 3570 3292 3647 Pauli,
3328 3571 3498 3650 quod

1958 3661 2179 3720 Petrus
2234 3658 2511 3735 legatum
2537 3704 2551 3733 ,
2609 3659 2708 3717 vel
2767 3659 3196 3722 haereditatem
3242 3664 3494 3742 habeat,

1962 3755 2175 3810 tamen
2205 3750 2435 3825 valeat,
2478 3769 2551 3809 ex
2581 3750 2623 3811 l.
2658 3751 3141 3834 Nonnumquam,
3180 3757 3241 3815 ff.
3276 3755 3345 3815 de
3371 3777 3501 3816 con·

1961 3841 2309 3919 ditionibus,
2344 3852 2400 3902 et
2425 3842 2802 3906 demonstrat.
2839 3845 3174 3924 aliquando
3205 3849 3370 3907 enim
3400 3868 3501 3908 ex-

1962 3953 2176 4014 pressa
2205 3940 2464 4011 nocent,
2514 3954 2637 3995 non
2669 3955 2964 4019 expressa
3007 3956 3131 3998 non
3161 3946 3423 4020 nocent,
3453 3942 3496 4002 l.

1964 4025 2291 4106 Expressa,
2327 4030 2389 4088 ff.
2427 4026 2496 4087 de
2522 4027 2739 4107 requlis
2752 4029 2938 4108 juris.

2045 4120 2255 4180 Tertio
2289 4119 2624 4196 excipitur,
2657 4121 2710 4179 si
2737 4122 3016 4199 legatum
3044 4126 3498 4204 committatur,

1967 4232 2088 4274 non
2119 4212 2423 4273 voluntati
2454 4212 2668 4272 liberae
2693 4259 2708 4289 ,
2762 4215 2867 4273 sed
2902 4216 3160 4278 arbitrio
3186 4265 3201 4293 ,
3236 4219 3356 4281 1100
3385 4225 3499 4297 051,

1958 4305 2197 4385 judicio
2227 4304 2526 4380 hoerediS,
2571 4305 2665 4364 vel
2696 4306 2973 4368 alterius.
3022 4309 3062 4369 1.
3099 4310 3176 4369 Sz·
3197 4311 3300 4372 sie.
3338 4314 3400 4373 ff.
3437 4311 3507 4374 de

1967 4397 2173 4476 leqatis
2203 4413 2244 4456 1.
2279 4396 2321 4455 1.
2356 4394 2848 4475 Fideicommissa,
2884 4401 2940 4478 ἓ.
2978 4400 3084 4461 Sic
3102 4401 3505 4481 fideicommis-

1964 4509 2111 4565 sum,
2146 4489 2436 4549 versicul.
2475 4489 2858 4571 Quamquam,
2895 4495 2957 4553 ff.
2992 4493 3062 4554 de
3082 4494 3287 4575 leqatis
3314 4514 3408 4560 111.
3444 4502 3508 4560 et

1968 4582 2053 4643 ita
2081 4581 2312 4642 docent
2339 4581 2631 4643 doctores
2660 4586 3094 4664 communiter,
3131 4595 3194 4651 et
3222 4592 3506 4670 vasquez

1967 4674 2134 4735 dicto
2166 4693 2305 4754 cap.
2339 4692 2477 4736 vm.
2510 4677 2565 4754 ἓ.
2602 4677 2795 4752 tertia,
2832 4697 3093 4742 numero
3123 4685 3223 4743 41.
3272 4688 3333 4744 01
3356 4686 3501 4746 Mol.

1966 4767 2104 4826 loco
2138 4785 2330 4843 supra
2361 4767 2584 4843 citato,
2631 4769 2739 4847 qui
2781 4770 2949 4830 idem
2993 4774 3214 4834 merito
3261 4775 3414 4836 dicit
3442 4777 3508 4837 in

1968 4859 2242 4919 haeredis
2272 4859 2659 4921 institutione
2685 4881 2700 4933 ;
2751 4881 2873 4941 quo
2906 4881 3051 4924 casu
3073 4911 3088 4940 ,
3123 4867 3174 4925 si
3204 4866 3304 4926 ille
3331 4868 3509 4947 cujus

1966 4952 2229 5012 arbitrio
2287 4952 2573 5012 relictum
2618 4959 2756 5030 est,
2821 4971 2943 5015 non
2991 4958 3327 5019 arbitretur
3363 4965 3509 5022 ante

1966 5048 2236 5104 mortem
2256 5090 2271 5120 ,
2332 5045 2432 5104 vel
2486 5045 2727 5105 arbitrii
2785 5050 3076 5109 contrarii
3131 5052 3513 5115 sufficienter

1968 5136 2276 5196 rationem
2309 5155 2432 5196 non
2464 5138 2828 5215 reddiderit,
2862 5139 3221 5218 debebitur,
3271 5145 3322 5203 si
3354 5146 3514 5207 arbi-

1968 5230 2087 5290 trio
2118 5228 2268 5289 boni
2298 5228 2413 5289 viri
2444 5229 2672 5308 dignus
2702 5231 2908 5308 legato
2942 5233 3310 5297 aestimetur.

2051 5324 2284 5393 Quarto
2316 5322 2646 5400 excipitur,
2683 5322 2734 5382 si
2765 5323 2946 5383 alicui
2981 5326 3202 5387 electio
3226 5332 3513 5394 commit-

1972 5420 2141 5475 tatur
2169 5415 2458 5490 haeredis,
2491 5414 2590 5473 vel
2613 5415 2900 5494 legatarii
2924 5436 2998 5476 ex
3025 5420 3212 5481 certis
3235 5425 3516 5502 personis

1970 5507 2292 5583 facienda,
2344 5525 2471 5567 non
2518 5508 2719 5569 solum
2744 5509 3003 5572 arbitrio
3030 5558 3045 5589 ,
3093 5519 3203 5576 aut
3240 5514 3506 5595 judicie,

3664 5345 3775 5407 341
