4263 6376
1228 266 1697 330 DISPUTATIO
1742 264 1957 338 XXIV,
2006 264 2279 326 SECTIO
2326 265 2454 325 vll.

304 461 408 520 lum
433 457 682 526 dicatur,
728 455 863 515 illos
902 452 1135 513 liberos
1177 448 1281 530 qui
1324 448 1514 525 vulgo
1546 443 1792 525 quaesiti

303 555 441 624 sunt,
493 549 569 610 ad
605 546 818 608 matris
871 543 1301 605 haereditatem
1340 560 1416 601 cx
1458 539 1578 599 hoc
1611 555 1793 598 sena-

303 644 645 707 tusconsulto
685 637 930 700 admitti
987 659 1000 698 :
1061 635 1170 697 sed
1207 641 1418 696 tamen
1462 631 1546 692 ibi
1590 631 1792 691 solum

302 738 479 816 agitur
504 736 577 794 de
606 731 996 795 successione
1030 729 1109 790 ab
1141 729 1453 802 intestatO,
1489 743 1615 785 non
1643 741 1791 782 vero

305 828 674 890 excluduntur
703 824 803 885 alii
843 823 1035 902 spurii
1077 840 1114 880 a
1155 818 1549 881 successione
1592 835 1666 876 ex
1704 820 1795 876 te·-

303 924 592 996 stamento,
625 919 701 978 de
733 935 857 996 qua
885 915 972 976 ibi
994 933 1118 975 non
1138 912 1463 992 agebatur.
1498 914 1701 982 Quare
1730 907 1793 967 in

304 1015 404 1074 hoc
427 1012 704 1073 standum
733 1009 852 1070 erit
895 1008 1139 1087 legibus
1166 1003 1674 1083 municipalibus,
1736 1003 1798 1060 et

304 1103 697 1168 consuetudini
757 1099 1062 1181 cujusque
1099 1098 1461 1178 provinciae,
1522 1113 1661 1175 quae
1704 1096 1799 1154 est

304 1199 504 1277 optima
529 1197 736 1275 legum
766 1195 1097 1272 interpreS,
1140 1198 1203 1252 et
1230 1191 1377 1271 quia
1406 1190 1579 1266 leges
1605 1186 1796 1248 varioe

302 1290 501 1352 suntin
530 1288 792 1350 diversis
815 1288 990 1362 lociS,
1025 1290 1260 1347 nonest
1287 1283 1477 1344 curin
1510 1282 1626 1343 hoc
1642 1280 1800 1340 mul-

303 1390 414 1445 tum
439 1384 857 1442 immoremur.
893 1381 972 1442 Et
1000 1377 1456 1439 advertendum
1487 1375 1676 1437 etiam
1707 1375 1803 1432 est

304 1476 370 1536 ad
409 1474 487 1551 id,
540 1475 602 1534 in
641 1491 766 1552 quo
803 1473 910 1550 jus
952 1488 1282 1532 commune
1319 1470 1670 1530 correctum
1709 1468 1803 1525 est

301 1587 397 1648 per
414 1566 636 1627 bullam
666 1565 761 1627 Pii
788 1567 866 1626 V.
901 1583 1090 1642 supra
1118 1563 1390 1624 civitam.
1428 1561 1681 1622 Certum
1710 1560 1804 1617 est

303 1661 483 1735 etiam,
514 1659 590 1718 de
611 1658 758 1736 jure
789 1656 1105 1719 communi
1134 1674 1172 1716 a
1198 1651 1701 1731 consanguineis,
1742 1652 1806 1710 ct

301 1752 749 1814 ascendentibus
777 1749 1099 1821 materniS,
1132 1747 1412 1826 spurium
1441 1762 1623 1825 posse
1653 1759 1803 1822 quo·

300 1845 378 1905 vis
401 1844 577 1904 modo
606 1844 917 1922 accipere,
966 1843 1118 1903 dum
1148 1860 1271 1902 non
1300 1840 1382 1901 sit
1411 1838 1471 1898 in
1505 1835 1804 1916 praejudi-

302 1939 443 1997 cium
468 1937 887 2015 legitimorum
933 1953 950 2000 ε
1009 1953 1191 2015 posse
1220 1933 1411 1994 etiam
1441 1937 1710 1992 matrem
1742 1933 1805 1990 et

304 2030 432 2090 alios
458 2030 541 2089 eis
568 2029 911 2090 succedere
942 2027 1162 2088 eodem
1186 2024 1396 2101 mode,
1432 2029 1494 2085 et
1521 2024 1584 2083 in
1606 2023 1681 2083 iis
1710 2038 1804 2083 so-

300 2123 410 2182 lum
436 2122 678 2183 casibus
708 2122 772 2181 in
816 2120 1042 2200 quibus
1071 2119 1191 2198 ipsi
1231 2122 1494 2198 possunt
1522 2115 1805 2194 accipere

302 2215 368 2275 ab
394 2216 493 2276 eis,
550 2215 836 2293 Denique
877 2213 1160 2288 adverte,
1221 2209 1473 2291 quando
1517 2213 1717 2270 mater
1746 2207 1806 2266 vi

302 2326 588 2385 oppressa,
650 2308 752 2366 vel
796 2324 941 2367 cum
997 2303 1349 2384 ignorantia
1405 2305 1740 2363 excusante
1770 2318 1808 2359 a

303 2405 530 2477 peccato
557 2400 741 2478 gravi
768 2398 1078 2477 concepit,
1116 2404 1319 2476 'posse
1361 2395 1419 2454 ei
1470 2394 1597 2456 filio
1628 2393 1801 2469 dare,

302 2494 426 2571 quia
450 2492 831 2571 incapacitas
862 2491 966 2552 illa
1008 2489 1297 2568 apposita
1325 2491 1420 2548 est
1460 2488 1523 2547 in
1552 2503 1806 2565 poenam

303 2585 536 2663 peccati,
574 2591 641 2645 ut
670 2583 947 2644 advertit
974 2581 1119 2644 Mol.
1157 2581 1315 2661 disp.
1343 2581 1628 2641 CLXVII.
1664 2583 1807 2639 ante

302 2696 352 2739 v.
381 2678 568 2741 concl.
629 2677 865 2740 Ultimo
894 2676 1031 2737 loco
1064 2674 1259 2753 quaeri
1288 2678 1513 2753 potest,
1560 2691 1640 2732 an
1670 2690 1811 2750 spu-

301 2772 410 2831 rius
432 2775 689 2849 accepta
717 2789 756 2830 a
784 2767 1149 2847 parentibus
1176 2771 1393 2828 contra
1421 2765 1592 2843 leges
1618 2763 1813 2842 possit

301 2863 442 2925 bona
469 2863 589 2924 fide
621 2860 1079 2941 praescribere?
1122 2862 1209 2920 De
1239 2859 1359 2920 hoc
1389 2857 1620 2922 Sanch.
1655 2856 1806 2917 dub.

301 2973 463 3017 xtvu.
521 2956 629 3035 qui
661 2974 808 3016 cum
841 2953 977 3014 aliis
1002 2952 1171 3024 dicit,
1225 2970 1350 3012 non
1381 2968 1562 3030 posse
1592 2949 1812 3010 decem

302 3048 386 3110 vel
432 3046 650 3127 viginti
710 3048 889 3108 annis
945 3049 1202 3124 propter
1255 3043 1571 3106 deiectum
1624 3042 1808 3117 tituli,

303 3158 459 3219 posse
486 3146 698 3203 tamen
732 3139 989 3220 triginta
1020 3140 1116 3201 vel
1163 3137 1581 3219 quadraginta
1607 3134 1808 3211 annis,

302 3253 409 3296 non
435 3235 722 3297 obstante
752 3252 827 3297 eo
857 3234 1126 3295 defectu.
1164 3233 1400 3305 Restat,
1434 3235 1504 3292 ut
1532 3229 1814 3290 dicamus

303 3326 368 3386 de
394 3328 721 3405 alimentis,
766 3345 906 3408 quae
935 3326 1078 3387 filiis
1104 3324 1333 3403 spuriis
1363 3322 1498 3385 dari
1527 3326 1810 3402 possunt,

303 3424 356 3481 et
375 3419 618 3482 debent.

743 3855 1151 3941 SEcho
1235 3855 1377 3939 Vll.

303 4164 409 4239 An,
439 4172 491 4224 et
516 4159 807 4243 quomodo
828 4158 1073 4240 possint,
1105 4166 1160 4218 et
1178 4154 1420 4217 debeant
1436 4153 1581 4234 filiis
1605 4153 1822 4235 spuriis

535 4268 821 4330 alimenta
847 4286 884 4326 a
907 4263 1247 4347 parentibus
1273 4262 1549 4343 relinqui.

373 4538 456 4596 De
474 4535 620 4615 jure
651 4532 972 4595 communi
992 4532 1174 4613 juxta
1203 4531 1375 4610 leges
1403 4529 1616 4591 civiles
1645 4532 1823 4608 pater

308 4646 408 4688 nec
445 4628 757 4703 debebat,
809 4643 925 4686 nec
969 4629 1215 4703 poterat
1258 4621 1487 4702 spuriis
1528 4621 1825 4683 alimenta

309 4720 474 4797 dare,
520 4727 590 4782 ut
633 4719 951 4797 colligitur
991 4736 1068 4779 ex
1105 4718 1146 4781 l.
1178 4735 1253 4776 ex
1281 4715 1606 4795 complexu.
1655 4716 1720 4776 C.
1755 4713 1826 4775 de

308 4814 512 4875 incestis
537 4811 785 4894 nuptiis,
818 4810 963 4871 licet
990 4810 1095 4870 alii
1124 4810 1294 4888 leges
1323 4808 1461 4868 illas
1480 4806 1693 4868 civiles
1722 4826 1824 4867 ex-

307 4906 519 4985 plicent
541 4907 622 4967 de
655 4903 971 4965 alimentis
999 4921 1124 4964 non
1154 4902 1237 4962 ad
1267 4900 1704 4962 necessitatem
1732 4900 1824 4960 vi-

307 5005 378 5059 tae
403 5007 462 5062 et
488 5003 736 5060 naturae
760 5042 777 5073 ,
823 4995 935 5056 sed
965 4995 1047 5056 ad
1077 4994 1430 5056 decentiam
1460 4997 1658 5054 status
1678 5039 1693 5067 ,
1744 5011 1823 5052 ne

307 5092 415 5152 sint
456 5090 791 5153 contrariae
829 5089 961 5170 juri
1004 5089 1309 5164 naturali,
1363 5104 1485 5166 quo
1534 5090 1824 5165 parentes

306 5189 579 5245 tenentur
607 5183 776 5244 filios
802 5200 950 5243 suos
979 5181 1146 5242 alere
1171 5228 1185 5259 ,
1228 5185 1300 5243 ut
1324 5183 1574 5243 constat
1618 5198 1692 5239 ex
1719 5178 1823 5238 lsi-

309 5275 447 5337 doro
485 5278 595 5338 lib.
634 5293 696 5337 v.
741 5274 1020 5357 ethymol.
1062 5293 1117 5336 c.
1152 5291 1239 5336 lv.
1288 5275 1484 5334 relato
1527 5272 1592 5332 in
1634 5289 1690 5332 c.
1717 5270 1824 5350 jus

307 5372 579 5446 naturale,
615 5369 761 5429 dist.
799 5385 870 5429 11.
923 5367 1031 5428 ubi
1070 5373 1282 5429 tamen
1328 5370 1617 5428 notanter
1644 5364 1821 5439 dixit,

309 5462 376 5521 de
396 5462 531 5541 jure
562 5460 838 5523 naturali
866 5478 1021 5541 ‚esse
1073 5459 1578 5539 conjunctionem
1606 5456 1818 5533 maris,

3345 269 3421 332 93

1891 446 1955 504 et
1982 441 2257 519 feminae,
2288 462 2611 524 puerorum
2643 442 3058 521 educationem,
3091 451 3213 511 etc.
3247 468 3416 525 nam,

1892 540 1962 597 ut
1989 536 2228 597 notavit
2258 539 2450 616 Vasq.
2484 555 2539 598 c.
2572 557 2632 597 v.
2667 535 2980 599 detectam.
3013 539 3070 618 ς.
3098 541 3233 603 vll.
3266 542 3416 603 dub.

1895 644 2030 690 vm.
2061 647 2234 689 num.
2271 633 2408 691 126.
2461 648 2585 690 non
2634 631 2723 690 ita
2773 632 3090 710 obligatur
3135 641 3314 712 pater
3341 635 3423 695 ad

1894 722 2190 782 alendum
2220 722 2413 782 filium
2444 729 2585 802 post
2612 724 2978 802 pueritiam,
3023 743 3165 785 cum
3196 732 3424 788 caetera

1894 815 2191 875 animalia
2219 822 2552 895 postquam
2597 817 2709 876 filii
2748 817 2867 877 sibi
2905 819 3235 896 providere
3273 838 3422 898 pos-

1895 913 2060 982 sunt,
2093 926 2313 968 eorum
2342 927 2558 969 curam
2589 909 2923 988 abjiciant:
2957 917 3176 990 postea
3195 932 3343 974 vero
3373 913 3424 975 si

1894 1001 2005 1062 filii
2035 1005 2280 1079 egeant,
2315 1001 2627 1062 tenebitur
2653 1007 2831 1082 pater
2859 1022 2929 1063 ex
2961 1004 3264 1066 charitate
3285 1007 3426 1068 filiis

1896 1094 2228 1173 providere
2252 1140 2267 1170 ‚
2320 1094 2484 1155 sicut
2512 1101 2575 1156 et
2601 1095 2738 1155 aliis
2757 1142 2772 1171 ,
2803 1101 2867 1156 et
2892 1097 3146 1157 arctiori
3177 1098 3424 1162 vinculo

1897 1191 2154 1265 propter
2170 1185 2478 1264 majorem
2500 1187 3025 1265 conjunctionem.
3063 1190 3187 1250 Sed
3206 1208 3429 1254 revera

1898 1279 2197 1358 obligatio
2230 1280 2366 1340 haec
2395 1297 2517 1340 non
2549 1279 3141 1343 videturlimitanda
3169 1285 3249 1344 ad
3278 1289 3431 1347 tem-

1899 1391 2015 1451 pus
2045 1372 2326 1450 pueritiae
2353 1419 2368 1449 ,
2418 1372 2529 1433 sed
2578 1374 2825 1434 extendi
2873 1374 2952 1435 ad
2981 1380 3178 1436 totam
3212 1379 3423 1457 vitam,

1902 1465 2205 1544 quamdiu
2247 1465 2411 1526 filius
2460 1485 2583 1527 non
2631 1471 2836 1546 potest
2883 1468 2997 1529 sibi
3044 1471 3424 1547 providere:

1899 1557 2025 1617 imo
2057 1557 2188 1636 ipse
2218 1560 2408 1637 Vasq.
2446 1577 2616 1619 num.
2648 1561 2779 1621 128.
2816 1578 2955 1620 eam
2983 1560 3429 1640 obligationem

1904 1650 2188 1728 agnoscit
2216 1657 2504 1729 respectu
2534 1651 2645 1712 filii
2672 1656 2882 1712 mente
2914 1653 3108 1731 capti,
3143 1659 3206 1716 et
3231 1656 3432 1738 impo-

1902 1743 2111 1805 tentis·
2160 1743 2337 1816 Quod
2368 1748 2577 1805 autem
2614 1745 2778 1804 filius
2812 1747 3085 1824 potuerit
3112 1749 3283 1826 prius
3313 1751 3429 1811 sibi

1904 1836 2258 1915 providere,
2312 1855 2534 1915 parum
2584 1837 2826 1914 obstat,
2882 1856 3025 1898 cum
3063 1841 3197 1918 jam
3246 1841 3310 1901 in
3357 1862 3430 1904 eo

1904 1934 2069 1991 statu
2101 1947 2222 1990 non
2254 1930 2489 2007 possit,
2541 1930 2704 1991 sicut
2747 1935 2810 1991 et
2849 1931 3014 1991 filius
3062 1932 3252 1995 debet
3289 1935 3431 2014 jure

1906 2027 2147 2083 naturae
2177 2023 2342 2083 alere
2365 2027 2654 2101 parentes
2683 2023 3058 2101 indigentes,
3093 2031 3154 2087 et
3183 2046 3305 2089 non
3327 2048 3433 2108 po-

1905 2119 2107 2177 tentes
2147 2115 2264 2176 sibi
2294 2116 2656 2194 providere,
2699 2116 2845 2177 licet
2880 2118 3052 2195 prius
3093 2122 3427 2197 potuerint.

1907 2209 2035 2267 Nec
2063 2207 2126 2267 in
2159 2207 2278 2268 hoc
2307 2209 2761 2269 attendendum
2809 2214 2905 2271 est
2945 2211 3026 2270 ad
3055 2211 3118 2271 id
3149 2216 3431 2293 praecise,

1907 2299 2076 2378 quod
2111 2304 2338 2361 coetera
2385 2301 2679 2361 animalia
2721 2301 2993 2379 faciunt,
3047 2305 3195 2383 quia
3241 2308 3439 2370 multa

1909 2396 2055 2454 sunt
2080 2392 2159 2454 de
2181 2392 2324 2472 jure
2354 2399 2593 2455 naturoe
2622 2394 2684 2453 in
2713 2393 2990 2471 homine,
3023 2416 3163 2476 quae
3192 2400 3272 2459 ab
3302 2401 3438 2461 aliis

1909 2485 2284 2546 animalibus
2315 2504 2440 2546 non
2472 2486 2915 2564 observantur,
2950 2495 3019 2550 ut
3048 2491 3279 2553 fatetur
3305 2494 3438 2573 ipse

1909 2578 2195 2656 vasquez
2226 2578 2375 2638 dub.
2407 2595 2513 2639 xv.
2549 2597 2721 2642 num.
2758 2583 2894 2640 154.
2930 2600 2989 2642 v,
3015 2601 3081 2660 g.
3106 2584 3305 2646 vitare
3334 2605 3438 2648 va-

1909 2687 2060 2747 gum
2089 2671 2512 2746 concubitum,
2548 2676 2610 2731 et
2636 2671 2760 2731 alia
2785 2672 3032 2735 similia.
3069 2679 3200 2737 Hoc
3231 2684 3439 2742 tamen

1911 2763 2386 2825 concedendum
2407 2769 2521 2839 est,
2556 2764 2724 2843 quod
2747 2767 3035 2829 concedit
3055 2769 3222 2831 idem
3243 2775 3435 2855 Vasq.

1912 2874 2083 2916 num.
2119 2859 2218 2918 36.
2254 2856 2303 2916 si
2335 2862 2514 2935 pater
2540 2856 2735 2917 filium
2769 2864 2957 2936 prout
2985 2861 3278 2944 debebat,
3316 2887 3441 2930 non

1911 2949 2059 3024 alat,
2093 2954 2313 3028 postea
2341 2954 2663 3011 transacta
2694 2953 3104 3031 necessitate,
3158 2975 3286 3020 non
3327 2961 3438 3022 de·

1912 3040 2061 3101 bere
2104 3041 2195 3101 illi
2233 3041 2561 3103 restituere
2600 3060 2713 3120 pro
2743 3043 3057 3107 alimentis
3099 3067 3223 3110 non
3253 3053 3436 3131 datis,

1913 3134 2092 3213 cujus
2134 3133 2442 3197 rationem
2498 3152 2610 3196 nos
2666 3136 3054 3201 reddidimus
3110 3142 3341 3223 disput.
3395 3164 3437 3210 1.

1914 3232 2063 3288 sect.
2097 3231 2159 3289 2.
3002 3242 3007 3245 ’

1996 3319 2312 3400 Quidquid
2354 3325 2565 3383 autem
2605 3323 2686 3384 sit
2726 3324 2803 3384 de
2840 3324 3087 3405 legibus
3129 3330 3437 3412 civilibuS,

1909 3414 2050 3493 jure
2081 3419 2292 3475 tamen
2322 3414 2623 3476 canonico
2653 3421 2957 3479 statutum
2989 3425 3116 3497 est,
3150 3432 3442 3501 parentes

1915 3524 2098 3586 posse
2139 3510 2203 3567 et
2249 3506 2479 3568 debere
2527 3526 2959 3591 quoscumque
3010 3513 3171 3576 filios
3199 3521 3442 3597 spurios

1918 3601 2107 3675 alere,
2141 3604 2211 3661 ut
2237 3604 2485 3661 constat
2513 3619 2585 3661 ex
2614 3620 2668 3662 c.
2696 3600 2844 3664 Cum
2864 3603 3118 3685 liaberet,
3153 3609 3224 3670 de
3250 3631 3313 3673 eo
3342 3617 3448 3695 qui

1916 3693 2088 3753 duxit
2115 3692 2177 3752 in
2201 3692 2661 3770 matrimonium,
2716 3714 2854 3775 quae
2886 3697 3140 3778 decisio,
3175 3705 3274 3764 vel
3302 3712 3441 3767 tan·

1919 3802 2108 3863 quam
2137 3786 2442 3846 correctio
2457 3784 2616 3863 juris
2646 3787 2866 3865 civilis,
2900 3791 2999 3851 vel
3018 3797 3320 3873 tanquam
3347 3799 3448 3860 lex

1920 3877 2288 3938 universalis
2332 3883 2589 3957 recepta
2633 3885 2728 3940 est
2787 3882 2851 3941 in
2902 3887 3210 3961 praetoriis
3257 3891 3446 3953 etiam

1919 3969 2116 4045 laicis,
2154 3973 2222 4030 ut
2248 3970 2524 4032 fatentur
2541 3971 2705 4049 juris
2733 3972 3045 4053 doctores,
3081 3997 3239 4057 quos
3269 3984 3450 4048 affert

1919 4062 2152 4123 Molina
2183 4061 2343 4140 disp.
2378 4079 2628 4129 evam.
2667 4065 2723 4143 ἓ.
2760 4068 2817 4129 1.
2862 4085 3002 4146 quae
3032 4070 3314 4137 doctrina
3341 4096 3450 4140 ve-

1921 4173 2060 4216 rum
2091 4173 2342 4235 quoque
2370 4155 2561 4217 habet
2600 4157 2664 4218 in
2692 4157 2835 4219 filiis
2862 4160 3231 4228 clericorum
3260 4171 3448 4233 etiam

1921 4252 2065 4329 post
2089 4248 2327 4309 bullam
2357 4249 2450 4309 Pii
2473 4251 2545 4313 V.
2579 4255 2650 4312 ut
2675 4269 2819 4313 cum
2839 4255 3117 4319 Navarro
3144 4259 3445 4344 despoliis,

1918 4343 1976 4423 ἓ.
2012 4342 2121 4403 ult.
2157 4361 2219 4403 n.
2251 4345 2311 4403 9.
2347 4346 2568 4405 notant
2592 4344 2824 4405 Melina
2850 4346 2972 4425 ibi,
3024 4355 3088 4412 et
3129 4354 3235 4415 alii
3283 4376 3450 4420 com-

1921 4435 2214 4497 muniter.

2002 4530 2134 4588 Hoc
2154 4527 2497 4606 supposito,
2530 4529 2853 4593 dubitatur
2871 4536 3094 4616 primo,
3126 4559 3206 4601 an
3238 4547 3449 4624 spurio

1923 4621 2112 4683 etiam
2142 4637 2267 4680 non
2295 4620 2600 4699 indigenti
2621 4668 2637 4698 ,
2687 4624 2797 4685 sed
2838 4627 3090 4692 aliunde
3119 4639 3356 4712 potenti
3383 4658 3450 4700 se

1922 4714 2113 4789 alere,
2148 4712 2346 4792 possit
2374 4718 2551 4791 pater
2579 4715 2875 4779 alimenta
2893 4723 3217 4798 praebere?
3242 4731 3452 4811 Aliqui

1924 4808 2277 4882 affirmant,
2312 4825 2468 4885 quos
2496 4809 2688 4870 tacito
2718 4812 2970 4873 nomine
3001 4819 3181 4881 affert
3204 4824 3451 4888 Lessius

1922 4900 2073 4960 dub.
2099 4915 2186 4960 v1.
2223 4917 2394 4961 uum.
2419 4903 2497 4962 69
2551 4904 2898 4980 praesertim
2926 4907 2978 4967 si
3007 4926 3221 4973 eorum
3253 4935 3451 4995 quan-

1921 4992 2067 5054 titas
2096 4992 2236 5071 lege
2262 4993 2344 5054 sit
2365 4993 2643 5072 definita,
2676 5016 2738 5057 v.
2772 5017 2835 5077 g.
2869 4999 2930 5058 in
2962 5002 3292 5085 Hispania,
3342 5012 3451 5072 ubi

1923 5085 2329 5148 existentibus
2355 5087 2651 5166 legitimis
2669 5134 2685 5165 ,
2733 5108 2857 5151 non
2887 5099 3093 5170 potest
3118 5105 3297 5176 pater
3324 5105 3450 5167 filio

1924 5178 2136 5257 spurio
2167 5178 2318 5240 dare
2348 5180 2428 5239 ad
2457 5179 2773 5257 alimenta,
2809 5184 2926 5244 nisi
2946 5187 3233 5265 quintum
3260 5195 3451 5259 bono·

1923 5290 2085 5348 rum,
2121 5273 2230 5333 ubi
2259 5273 2321 5332 id
2353 5292 2534 5351 posse
2562 5274 2739 5352 fieri,
2773 5282 2985 5341 tenent
3010 5282 3201 5363 aliqui
3228 5333 3244 5362 ,
3296 5309 3453 5369 quos

1922 5365 2109 5427 affert
2137 5366 2366 5428 Sanch.
2415 5366 2566 5427 dub.
2600 5383 2767 5431 xxxi.
2802 5389 2972 5434 num.
3008 5377 3064 5436 1.
3100 5379 3330 5443 Omnes
3357 5389 3454 5445 ta-

1923 5476 2070 5519 men
2099 5460 2374 5521 fatentur
2393 5461 2826 5539 communiter,
2862 5483 2987 5527 non
3006 5487 3189 5548 posse
3209 5482 3451 5553 patrem

3588 3353 3697 3412 {2¹

3489 3479 3608 3532 Quid,
3629 3478 3665 3521 si
3683 3489 3786 3533 spu-

3504 3534 3599 3597 rius·
3607 3531 3770 3595 aliunde

3490 3593 3619 3641 possit
3634 3597 3784 3629 vivore.
