4263 6376
810 311 817 316 ·
906 291 1025 350 528

674 2935 750 2994 92

589 3059 798 3114 Quomodo
815 3059 855 3100 in

614 3127 664 3157 eo
677 3112 842 3176 peccari

578 3174 708 3225 possit
732 3172 873 3210 contra

614 3221 832 3276 iustitiam.

911 482 1106 545 quaeS.
1138 465 1198 523 2.
1231 456 1572 530 Bonacina,
1607 453 1889 528 Alcozer,
1924 450 2181 525 Garcia,
2217 454 2278 510 et
2306 449 2432 525 alii,

912 576 1067 637 quos
1096 556 1278 615 affert
1316 551 1513 611 Diana
1536 553 1712 616 tom.
1747 563 1791 608 1.
1840 548 2020 606 tract.
2058 542 2128 603 de
2154 550 2434 603 contr-act.

910 650 1094 712 resol.
1127 650 1193 708 8¹
1212 692 1226 706 .
1273 645 1336 704 in
1381 660 1504 720 quo
1533 639 1714 699 multi
1743 637 2144 698 contribuunt
2173 636 2251 695 ad
2280 655 2436 712 rem,

910 743 1009 804 vel
1038 760 1137 801 res
1167 738 1408 816 aliquas
1438 731 1736 793 emendas
1756 775 1773 802 ‚
1818 733 1886 790 ut
1913 733 2078 789 sorte
2110 728 2439 806 experian-

911 841 1014 898 tur
1043 833 1120 893 ad
1152 847 1339 910 quem
1368 826 1469 886 vel
1497 824 1576 884 ad
1608 842 1763 902 quas
1793 841 1868 882 ex
1898 820 2442 882 contribuentibus

912 931 1192 1007 spectare
1225 922 1518 982 debeant.
1571 916 1789 978 Solent
1833 919 2045 975 autem
2093 913 2230 972 fieri
2278 912 2444 991 ejus-

911 1020 1083 1080 modi
1137 1011 1630 1077 contributiones
1686 1011 1747 1067 et
1802 1010 2000 1067 sortes
2068 1005 2442 1066 auctoritate

911 1111 1192 1192 publica,
1240 1100 1798 1167 intervenientibus
1826 1098 2123 1158 ministris
2153 1096 2439 1176 publiciS,

913 1205 1019 1286 qui
1047 1203 1325 1264 valorem
1356 1214 1606 1270 rerum,
1659 1192 1825 1253 circa
1872 1209 2026 1270 quas
2070 1196 2271 1251 sortes
2300 1189 2445 1249 mit-

913 1298 1118 1360 tendae
1148 1297 1323 1366 sunt,
1357 1290 1610 1360 taxent,
1644 1283 2175 1358 contributioneS,
2229 1287 2291 1342 et
2333 1299 2444 1340 no-

912 1392 1081 1452 mina
1102 1379 1629 1449 contribuentium
1652 1376 1976 1454 recipiant,
2009 1375 2281 1453 pretium
2301 1391 2445 1434 ven·

914 1483 1132 1545 ditoris
1177 1477 1456 1548 solvant,
1518 1476 1579 1531 et
1622 1488 1756 1530 rem
1804 1472 2001 1529 totam
2057 1470 2448 1545 exequantur

913 1575 1211 1646 fideliter,
1263 1569 1409 1628 dato
1463 1563 1700 1623 eisdem
1728 1560 2026 1620 ministris
2055 1559 2321 1639 publicis
2341 1558 2447 1638 ju-

916 1675 1009 1731 sto
1036 1663 1271 1728 laboris
1301 1656 1635 1738 stipendio,
1671 1659 1732 1715 et
1758 1653 2075 1713 interdum
2107 1671 2185 1712 ex
2212 1651 2444 1712 contri-

914 1756 1278 1823 butionibus
1307 1769 1453 1830 pars
1485 1749 1568 1808 ali
1659 1765 1697 1806 a
1726 1745 1939 1823 operi,
2001 1745 2101 1804 vel
2149 1744 2287 1805 loco
2342 1744 2443 1821 pio

915 1852 1298 1930 designatur.
1354 1767 1704 1990 Aliquasffio
1736 1837 1924 1898 etiam
1947 1882 1962 1912 ,
2026 1841 2091 1896 ut
2137 1854 2237 1896 res
2265 1836 2447 1896 citius

915 1943 1303 2025 expediatur,
1337 1932 1597 2015 praemiu
1688 1930 2083 1991 constituitur
2111 1928 2168 1988 ei
2189 1928 2295 2007 qui
2316 1946 2444 1989 ma-

908 2042 1081 2121 jores
1111 2029 1602 2095 contributiones
1624 2023 1794 2102 prior
1813 2021 2144 2092 obtulerit;
2179 2039 2302 2099 quo
2335 2040 2448 2080 au-

914 2139 1045 2195 tem
1072 2126 1376 2205 majorem
1426 2135 1736 2181 summam
1768 2115 1907 2194 quis
1936 2114 2312 2188 contribuit,
2373 2131 2445 2172 eo

916 2226 1127 2306 plures
1179 2214 1495 2280 schedula}
1542 2210 1803 2270 sortium
1874 2206 2008 2286 ejus
2056 2205 2306 2267 nomine
2354 2205 2449 2264 in-

920 2319 1165 2395 scriptae
1209 2311 1271 2370 in
1314 2324 1537 2368 urnam
1565 2303 1931 2372 mittuntur3
1980 2299 2241 2378 singulae
2281 2299 2448 2358 enim

916 2406 1232 2474 schedulae
1278 2396 1768 2476 correspondent
1809 2398 2077 2472 quatuor
2107 2391 2442 2470 argenteiS,

917 2525 978 2566 v.
1003 2522 1065 2581 g.
1091 2498 1189 2560 vel
1214 2493 1420 2556 aureis
1440 2486 1827 2561 contributiS,
1863 2485 2087 2564 quibus
2109 2483 2445 2563 aliquando

919 2588 1409 2670 correspondent
1462 2580 1775 2643 schedula}
1826 2597 1902 2638 ex
1943 2577 2065 2637 alia
2112 2595 2236 2636 una
2282 2581 2447 2636 sorte

920 2689 1214 2750 extracta}
1241 2678 1631 2742 continentes
1660 2690 1770 2733 vas
1800 2688 2061 2730 aureum
2089 2670 2188 2729 vel
2220 2688 2445 2747 argen-

918 2790 1093 2846 teum
1115 2823 1131 2854 ,
1182 2774 1279 2835 vel
1309 2769 1460 2850 quid
1490 2765 1661 2827 aliud
1684 2810 1700 2840 ‚
1758 2761 2094 2842 aliquando
2131 2761 2448 2822 schedula}

921 2877 1079 2938 albae
1110 2867 1264 2931 nihil
1293 2859 1607 2925 commodi
1640 2858 1990 2918 afferentes
2280 2870 2293 2880 ·

1004 2966 1180 3028 Circa
1225 2959 1395 3019 hunc
1450 2954 1841 3013 contractum
1897 2951 2117 3008 notant
2169 2947 2451 3025 praedicti

925 3061 1250 3128 doctoreS‚
1302 3045 1615 3110 cavendas
1660 3040 1966 3120 imprimis
2021 3058 2155 3100 esse
2200 3039 2451 3100 fraudes

925 3168 1162 3225 omneS,
1197 3143 1422 3225 quibus
1451 3142 1648 3199 sortes
1673 3155 1748 3195 ex
1776 3132 2083 3195 industria
2110 3133 2449 3211 disponan-

925 3252 1027 3310 tur
1053 3243 1153 3305 vel
1183 3235 1608 3306 extrahantur,
1641 3229 1726 3291 ita
1757 3234 1825 3289 ut
1850 3227 1996 3287 huic
2026 3226 2232 3304 potius
2263 3244 2452 3304 quam

924 3339 1060 3400 aliis
1089 3354 1165 3395 ex
1194 3324 1729 3392 contribuentibus
1747 3339 1882 3380 sors
1902 3318 2179 3380 secunda
2199 3336 2453 3396 respon-

924 3432 1089 3492 deat.
1123 3423 1368 3487 Debent
1396 3416 1581 3479 etiam
1611 3434 1711 3475 res
1738 3414 1888 3493 ipsae
1907 3412 2078 3492 justo
2100 3411 2299 3489 pretio
2330 3411 2452 3471 emi

925 3530 989 3586 et
1016 3518 1237 3593 taxari,
1269 3530 1410 3575 cum
1441 3511 1521 3570 sit
1548 3507 1754 3588 quoad
1786 3506 1905 3566 hoc
1936 3509 2294 3565 contractus
2324 3523 2454 3563 em-

924 3613 1153 3697 ptionis
1207 3613 1270 3669 et
1295 3600 1672 3666 venditionis
1719 3600 1885 3659 bona
1925 3597 2047 3657 fide
2090 3616 2125 3657 a
2157 3597 2455 3658 ministris

924 3702 1347 3787 exequenduS.
1411 3693 1804 3773 Stipendium
1850 3689 2151 3753 ministris
2197 3690 2457 3751 solvitur

924 3796 1261 3880 aliquando
1293 3810 1369 3852 ex
1398 3788 1596 3867 pretio
1626 3803 1838 3846 rerum
1858 3788 2234 3863 emptarum,
2267 3787 2455 3862 atque

925 3896 1067 3957 ideo
1098 3885 1383 3968 expensis
1411 3880 1809 3941 venditorum
1844 3898 1856 3938 :
1891 3876 2277 3955 frequentius
2307 3893 2455 3935 vero

924 3984 1212 4067 expensis
1240 3973 1791 4048 contribuentium,
1826 3974 1889 4031 et
1916 3989 1989 4029 ex
2019 3970 2286 4047 pecunia
2314 3988 2458 4029 con-

923 4082 1156 4144 tributa
1182 4123 1198 4152 ,
1252 4078 1315 4134 et
1339 4077 1490 4134 tunc
1521 4066 1708 4127 debet
1753 4082 1887 4125 esse
1944 4062 2326 4141 stipendium
2349 4062 2454 4143 ju-

925 4179 1091 4235 stum
1120 4168 1321 4230 solum
1368 4180 1480 4242 pro
1510 4159 1751 4221 ratione
1780 4155 2011 4216 laboris
2031 4201 2046 4231 ,
2099 4160 2163 4215 et
2190 4173 2458 4234 occupa-

927 4264 1112 4329 tionis
1145 4282 1159 4322 :
1194 4275 1308 4320 nec
1338 4254 1572 4315 debent
1599 4249 1863 4312 ministri
1892 4248 2316 4326 multiplicari,
2349 4253 2459 4309 aut

925 4364 1174 4436 tempus
1216 4349 1464 4428 longius
1511 4341 1793 4406 consumi
1850 4359 2038 4422 quam
2070 4360 2322 4402 necesse
2353 4342 2453 4417 sit,

926 4471 1005 4512 ne
1021 4443 1332 4526 stipendia
1352 4446 1415 4501 et
1435 4454 1722 4517 expensae
1750 4435 1870 4495 illae
1892 4452 2033 4495 cum
2058 4434 2289 4494 damno
2316 4452 2458 4494 con-

925 4538 1333 4607 tribuentium
1368 4534 1749 4595 accrescant.
1797 4528 2038 4588 Debent
2071 4528 2260 4588 etiam
2288 4527 2457 4605 leges

928 4632 1257 4717 ejusmodi,
1288 4633 1351 4690 et
1378 4643 1569 4689 onera
1598 4626 1781 4683 antea
1803 4620 2128 4699 publicari,
2165 4625 2232 4682 ut
2258 4620 2458 4682 sciant

926 4727 1431 4795 contribuenteS,
1484 4737 1563 4778 an
1594 4715 1710 4776 sibi
1740 4713 2031 4793 expediat
2059 4713 2456 4775 contribuere

927 4841 1072 4886 cum
1100 4838 1172 4881 eo
1205 4833 1423 4885 onere,
1459 4817 1520 4872 et
1548 4807 1959 4870 consentiant.
2013 4807 2188 4868 Sicut
2233 4811 2296 4867 et
2324 4825 2458 4865 ma-

926 4913 1209 4978 nifestari
1229 4908 1417 4970 debet
1437 4904 1517 4966 ob
1538 4901 1827 4963 eamdem
1852 4900 2182 4973 rationem,
2218 4920 2295 4960 an
2318 4917 2458 4978 por-

927 5012 1012 5073 tio
1040 5007 1253 5085 aliqua
1280 4994 1668 5061 extrahenda
1695 4994 1775 5054 sit
1802 5013 1914 5072 pro
1944 4992 2105 5069 loc0,
2142 4994 2240 5052 vel
2270 5010 2459 5071 opere

925 5103 1052 5183 pic.
1113 5100 1262 5173 Quae
1305 5088 1643 5163 extractio,
1691 5086 2223 5148 consentientibus
2252 5087 2325 5146 iis
2355 5085 2463 5165 qui

927 5190 1360 5260 contribuunt,
1413 5179 1745 5263 justificari
1799 5183 2004 5257 potest
2058 5198 2131 5238 ex
2176 5197 2248 5240 eo
2294 5178 2463 5258 quod

928 5288 1219 5367 princeps
1263 5280 1363 5342 vel
1412 5275 1816 5354 magistratus
1859 5275 2061 5351 potest
2087 5290 2212 5332 non
2245 5290 2461 5332 conce-

930 5381 1081 5442 dere
1109 5375 1472 5441 facultatem
1514 5365 1932 5441 necessariam
1974 5365 2054 5425 ad
2097 5370 2297 5426 sortes
2325 5365 2461 5425 illas

929 5472 1242 5553 publicas,
1296 5465 1414 5525 nisi
1442 5459 1897 5523 interveniente
1928 5458 2326 5535 eleemosyna
2357 5457 2462 5517 illa

2067 276 2170 334 Dm
2212 275 2568 335 JUs'rl'rtA
2612 275 2713 334 ΕΤ
2754 277 2952 336 JURE

2542 451 2604 510 in
2635 452 2912 513 favorem
2941 453 3062 513 loci
3080 453 3189 533 pii,
3222 453 3388 515 sicut
3417 460 3645 533 posset,
3670 459 3879 518 nonnisi
3900 463 3975 522 sub

2541 562 2616 604 ea
2646 545 3022 622 conditione,
3055 547 3401 607 concedere
3421 548 3766 609 facultatem
3782 551 3978 631 aliquam

2541 637 2794 697 ludendi
2839 639 2986 699 ludo
3016 639 3350 716 prohibito,
3427 641 3812 719 Promulgare
3850 647 3979 707 etiam

2543 733 2789 807 oportet
2816 731 2895 790 ob
2924 731 3214 792 eamdem
3243 733 3586 808 rationem,
3638 753 3710 793 an
3739 740 3980 813 praeminm

2543 820 2821 882 dandum
2879 824 2970 897 ei,
3029 825 3133 904 qui
3190 826 3363 904 prior
3419 826 3718 904 majorem
3752 849 3981 892 summam

2542 914 2986 993 contribuerit,
3046 918 3510 980 extrahendum
3564 920 3643 981 sit
3694 940 3758 979 ex
3791 927 3984 1002 pecunia

2544 1007 2933 1081 contributa;
2985 1010 3325 1089 aliquando
3370 1012 3540 1071 enim
3569 1015 3861 1091 praemium
3883 1018 3984 1077 illud

2545 1099 2730 1159 datur
2760 1103 3044 1181 expensis
3071 1103 3496 1181 venditorum,
3532 1104 3594 1164 in
3624 1124 3856 1184 quorum
3877 1110 3984 1169 utili·

2544 1196 2738 1252 tatem
2786 1195 2954 1256 cedit
2997 1197 3179 1258 citius
3226 1216 3326 1257 res
3368 1216 3521 1258 suas
3561 1199 3810 1259 vendere
3847 1204 3983 1280 pretio

2545 1289 2972 1364 competenti:
3036 1309 3160 1368 qua
3215 1289 3407 1350 etiam
3467 1291 3550 1351 de
3593 1310 3770 1351 causa
3807 1287 3984 1372 aequnm

2547 1384 2711 1440 esset
2754 1385 2823 1441 ut
2866 1380 3056 1441 iidem
3097 1383 3458 1444 venditores
3510 1385 3806 1445 solverent
3835 1390 3986 1448 saltem

2547 1491 2622 1531 ex
2654 1478 2831 1550 parte
2860 1474 3244 1554 stipendium
3271 1476 3731 1553 ministrorum,
3761 1487 3987 1557 quatenus

2548 1566 2769 1625 saltem
2818 1566 2860 1626 ii
2892 1575 3283 1645 occupantur
3327 1569 3390 1627 in
3420 1569 3710 1630 taxandis
3736 1573 3987 1649 pretiisre·

2547 1676 2686 1717 rum
2718 1677 2857 1736 quae
2886 1660 3275 1735 venduntur3
3327 1680 3471 1741 quae
3511 1663 3672 1722 actio
3699 1664 3841 1724 cedit
3862 1666 3986 1724 etiam

2545 1750 2609 1810 in
2641 1752 2971 1814 utilitatem
3003 1754 3424 1816 venditorum.

3010 2192 3432 2275 sEcho
3518 2192 3664 2279 vn.

2859 2494 2949 2555 De
2979 2503 3279 2556 contractu
3310 2497 3772 2557 assecurationis.

2629 2764 2742 2825 Hic
2772 2764 2960 2825 etiam
2993 2766 3348 2825 contractus
3365 2763 3588 2824 similis
3618 2770 3710 2826 est
3733 2763 3875 2837 ludo,
3899 2763 3994 2842 quia

2550 2857 2991 2919 contrahentes
3019 2858 3286 2918 fortunae
3329 2857 3522 2919 etiam
3563 2877 3633 2918 se
3663 2857 3992 2918 committunt.

2549 2953 2659 3012 Est
2684 2954 2893 3010 autem
2926 2950 3303 3010 assecuratio
3328 2954 3711 3026 contractuS‚
3742 2969 3847 3029 quo
3868 2951 3994 3009 susci·

2552 3045 2718 3123 pitur
2746 3042 3091 3121 periculum
3125 3043 3215 3102 rei
3243 3042 3514 3121 alicujus
3544 3061 3662 3122 pro
3688 3043 3893 3120 pretia,
3933 3040 3992 3098 vel
4049 3023 4074 3072 ²·

2551 3139 2850 3199 interesse
2880 3139 3161 3213 acceptO.
3214 3135 3515 3208 Quamvis
3557 3137 3723 3197 enim
3753 3136 3910 3215 possit
3926 3134 3998 3194 ali·

2553 3231 2691 3312 quis
2719 3229 2916 3308 gratis
2945 3247 3329 3305 assecurare,
3366 3233 3431 3289 et
3457 3229 3772 3307 suscipere
3796 3229 3849 3288 in
3870 3245 3996 3304 sepe·

2552 3323 2816 3385 riculum
2848 3322 2939 3383 rei
2964 3320 3227 3400 alicujus
3256 3341 3369 3400 pro
3402 3323 3632 3400 preti0,
3667 3323 3758 3382 vel
3787 3323 3997 3381 interesse

2555 3420 2833 3493 acceptO.
2888 3414 3185 3486 Quamvis
3216 3414 3384 3474 enim
3414 3415 3619 3494 possit
3645 3416 3848 3494 aliquis
3869 3413 3997 3491 gratis

2553 3526 2915 3571 assecurare
2941 3554 2957 3583 ,
3019 3513 3080 3570 et
3128 3508 3444 3587 suscipere
3495 3508 3556 3567 in
3606 3528 3672 3568 se
3718 3507 3996 3586 periculum,

2556 3620 2695 3683 quae
2727 3601 2846 3661 erit
2886 3600 3061 3680 quasi
3091 3601 3367 3679 gratuita
3395 3600 3690 3675 donatio;
3741 3597 3999 3661 communi·

2554 3702 2652 3758 ter
2677 3700 2889 3756 tamen
2919 3694 2989 3753 fit.
3018 3712 3130 3772 pro
3161 3693 3360 3772 pretio
3385 3740 3402 3770 ‚
3458 3699 3523 3755 et
3552 3695 3694 3755 ideo
3726 3699 3996 3754 numeratu

2557 3791 2720 3850 inter
2749 3791 3107 3848 contractus
3152 3804 3493 3864 onerOSOS,
3557 3794 3618 3848 et
3663 3786 3932 3847 reducitur
3951 3780 3999 3838 ad

2555 3879 3004 3954 venditionem,
3037 3884 3344 3956 quatenus
3374 3898 3489 3957 pro
3522 3881 3721 3958 pretio
3742 3882 3884 3959 justo
3906 3894 4001 3933 ven·

2557 3975 2636 4034 do
2694 3971 3141 4049 obligationem
3195 3990 3407 4031 meam
3460 3974 3546 4032 ad
3601 3972 3907 4052 periculum
3945 3966 4000 4025 rei

2557 4067 2776 4127 alienae
2832 4063 3264 4137 subeundum;
3322 4083 3518 4142 quare
3576 4067 3695 4126 erit
3736 4068 4002 4125 contractus

2556 4160 2737 4219 bonae
2761 4156 2929 4232 fidei,
2956 4161 3019 4216 et
3037 4157 3165 4217 solo
3189 4175 3499 4217 consensu
3521 4159 3873 4237 perficietur,
3898 4155 4001 4212 sicul

2558 4250 2791 4333 emptio
2823 4255 2885 4309 et
2903 4248 3202 4325 venditio,
3237 4251 3566 4312 utnotavit
3588 4251 3728 4312 Mol.
3758 4250 3891 4326 disp.
3908 4248 4000 4305 507.

2558 4348 2697 4423 post
2721 4341 3120 4422 principium.

2635 4439 2724 4497 De
2754 4435 3079 4496 honestate
3109 4435 3294 4515 hujus
3322 4440 3684 4497 contractus
3712 4435 3860 4496 solus
3882 4428 4006 4491 dahi-

2559 4529 2713 4592 tavit
2741 4528 3063 4590 Conradus
3105 4528 3175 4589 de
3203 4539 3490 4590 contract.
3527 4549 3629 4608 qu.
3666 4545 3815 4589 uxr.
3843 4525 3922 4604 qui
3943 4540 4005 4579 ἐῢν

2557 4624 2688 4683 lum
2718 4625 2866 4683 tunc
2894 4621 3078 4681 licere
3111 4622 3304 4697 dixit,
3366 4623 3620 4700 quando
3653 4623 3751 4682 ille
3780 4620 3916 4680 idem
3937 4612 4004 4692 qui

2557 4716 2712 4776 alias
2743 4732 2997 4792 operam
3028 4732 3207 4774 suam
3227 4715 3502 4775 debebat
3522 4716 3808 4775 adhibere
3834 4711 3899 4770 ad
3912 4726 4008 4767 con-

2559 4808 2977 4869 servationem
3023 4808 3113 4867 rei
3151 4807 3454 4886 alicujus,
3515 4827 3727 4868 rursus
3771 4824 3865 4884 pro
3901 4802 4008 4860 inte-

2559 4919 2727 4962 resse
2756 4900 3083 4960 moderato
3117 4901 3464 4978 periculum
3511 4902 3669 4961 illius
3705 4900 3762 4958 in
3789 4916 3845 4956 se
3869 4891 4006 4955 susci·

2559 4995 2683 5074 pit,
2743 4997 2812 5053 ut
2852 4993 2904 5053 si
2953 4998 3145 5054 nauta
3188 4994 3539 5072 periculum
3586 4995 3641 5052 in
3682 5011 3746 5052 se
3786 4984 4006 5062 suscipiat

2558 5085 2862 5147 mercium
2888 5132 2904 5161 ,
2959 5105 3114 5164 quas
3161 5087 3222 5145 in
3255 5086 3397 5146 navi
3427 5090 3654 5165 portat.
3715 5087 3868 5145 Tunc
3892 5078 4006 5137 enim

2559 5178 2942 5241 assecuratio
2963 5178 3256 5256 deservit,
3292 5184 3360 5238 ut
3383 5178 3607 5258 majori
3625 5174 3913 5255 diligentia
3934 5184 4004 5227 sur

2560 5271 2806 5332 muneri
2837 5271 3196 5333 satisfaciat.
3258 5274 3453 5333 Secus
3483 5290 3627 5332 vero
3649 5318 3666 5348 ‚
3700 5266 3916 5348 quando
3937 5259 4003 5338 qui

2562 5364 2910 5443 periculum
2941 5364 3236 5442 suscipit,
3289 5364 3528 5424 nullam
3573 5358 4002 5422 asininum-uses·

2562 5475 2822 5535 operam
2851 5461 2961 5516 aut
2990 5457 3381 5534 diligentiam
3426 5457 3509 5516 ad
3547 5457 3633 5517 rei
3672 5451 4002 5516 conservatio-
