4263 6376
481 706 597 766 {88

381 830 500 881 Quid.
521 830 557 873 si
597 842 676 872 na-

380 890 519 927 scatur
541 885 678 938 proles

419 937 648 994 illegitima.

470 3142 582 3202 189

400 3301 539 3374 pmloe'
555 3321 627 3363 iu·

376 3373 644 3428 legitimam.

726 255 805 313 48
1885 257 1986 315 DE
2028 256 2382 317 JUSTl'rlA
2426 256 2527 315 ET
2570 257 2769 318 JURE-

726 434 790 491 et
815 428 897 489 ad
927 448 1072 490 eum
1101 430 1561 492 excludendum
1607 431 2080 493 matrimonium
2109 449 2259 492 con-

728 523 1048 584 voluntate
1077 523 1391 583 contraria
1419 523 1759 600 donatoris,
1795 525 1941 604 quia
1967 525 2166 585 noluit
2194 543 2268 584 ea

729 614 807 675 de
837 633 1027 676 causa
1046 614 1452 676 donationem
1468 618 1660 677 semel
1679 617 1908 678 iactam
1938 635 2259 678 revocare.

810 708 1141 769 Dubitatur
1170 713 1391 787 quarto
1416 755 1431 784 ,
1464 727 1543 768 an
1575 709 1737 769 filius
1767 710 2125 788 illegitimus
2157 728 2268 769 na-

729 805 828 862 tus
857 806 998 879 post
1025 800 1425 862 donationem
1455 801 1686 862 factam
1716 803 1795 862 ab
1828 821 1923 878 eo,
1952 803 2057 881 qui
2094 803 2265 880 prole

728 894 1003 969 carebat,
1042 893 1310 954 sufficiat
1339 894 1419 953 ad
1450 893 1829 954 decisionem
1871 896 2053 955 dietae
2082 895 2260 973 legiS,

727 987 805 1048 Si
827 1006 1084 1066 unquam
1107 1034 1122 1063 ,
1175 990 1240 1047 et
1267 987 1346 1046 ad
1375 988 1796 1048 revocandam
1833 988 2259 1048 donationem.

727 1081 1060 1141 Affirmant
1085 1079 1321 1157 aliqui,
1375 1097 1531 1158 quos
1561 1080 1744 1140 affert
1769 1080 2002 1141 Molina
2029 1079 2138 1139 ubi
2167 1099 2264 1140 su-

726 1192 841 1251 pra
866 1175 921 1253 §.
956 1171 1209 1232 Dubium
1229 1180 1524 1252 proeterea
1552 1180 1654 1233 est.
1704 1173 1844 1251 Ipse
1874 1178 2085 1233 tamen
2114 1191 2260 1232 cum

723 1266 862 1326 aliis
892 1269 1102 1343 negat,
1137 1265 1238 1325 cui
1267 1265 1665 1326 consentiunt
1692 1265 2006 1341 Rebellus,
2034 1270 2096 1326 et
2109 1268 2263 1326 Tur-

724 1359 936 1419 rianus
964 1358 1117 1419 locis
1145 1376 1337 1437 supra
1365 1357 1566 1419 citatis
1591 1405 1606 1433 ,
1654 1362 1718 1419 et
1743 1359 1840 1419 lex
1871 1358 2148 1436 Hispana
2177 1358 2263 1417 sa-

723 1456 848 1527 vet,
884 1469 1023 1530 quae
1055 1455 1149 1511 est
1192 1451 1289 1510 lex
1318 1451 1476 1511 VIII.
1509 1451 1605 1513 tit.
1645 1468 1734 1512 nv.
1770 1450 1997 1530 partita
2024 1454 2083 1511 5.
2121 1468 2260 1529 quse

725 1544 937 1622 exigit,
973 1542 1141 1622 quod
1180 1543 1292 1603 filii
1321 1561 1394 1602 ex
1424 1543 1703 1621 legitima
1732 1562 1924 1604 uxore
1953 1544 2078 1604 sint
2105 1543 2256 1604 nati.

724 1636 988 1697 Ratione
1017 1654 1166 1696 vero
1196 1635 1503 1714 probant,
1539 1636 1686 1714 quia
1715 1654 1855 1715 quae
1884 1637 1948 1695 in
1989 1636 2259 1696 filiorum

721 1729 1002 1788 favorem
1033 1746 1328 1788 concessa
1356 1734 1522 1803 sunt,
1558 1747 1682 1789 non
1703 1733 1848 1789 sunt
1868 1729 2261 1791 extendenda

721 1821 1226 1899 adaillegitimoS,
1263 1820 1378 1880 nisi
1412 1840 1629 1881 eorum
1649 1822 1759 1882 fiat
1775 1840 2067 1900 expressa
2088 1840 2260 1880 mea-

720 1914 828 1975 tio.
865 1915 932 1973 In
975 1913 1203 1973 nostris
1251 1913 1573 1993 principiis
1618 1915 1777 1975 ratio
1826 1933 1960 1975 esse
2002 1919 2254 1993 potest:

721 2007 868 2086 quia
912 2006 1179 2068 donator
1221 2024 1343 2066 non
1395 2006 1644 2067 videtur
1697 2007 2035 2067 intendisse
2081 2007 2256 2066 illum

719 2118 934 2161 casum
965 2100 1296 2159 excludere
1329 2119 1343 2169 ς
1377 2103 1512 2159 tum
1543 2100 1691 2179 quia
1722 2099 2255 2161 extraordinarius

720 2198 835 2269 est,
870 2199 932 2254 et
959 2193 1092 2252 sine
1121 2198 1378 2270 peccato
1428 2194 1790 2270 contingere
1820 2212 1945 2253 non
1983 2196 2248 2270 poterat,

720 2303 914 2364 quare
944 2283 1271 2344 habendus
1301 2288 1394 2345 est
1423 2302 1534 2363 pro
1566 2303 1715 2345 casu
1746 2286 1999 2346 omnino
2038 2286 2252 2346 fortui-

715 2383 803 2455 to,
838 2382 906 2439 ut
930 2378 981 2436 si
1010 2396 1083 2437 ex
1111 2377 1436 2455 naufragio
1468 2423 1482 2453 ,
1528 2379 1625 2437 vel
1653 2378 1964 2438 bonorum
1995 2383 2253 2456 sponta-

717 2490 836 2532 nea
872 2470 1317 2548 dilapidatione
1362 2471 1439 2531 ad
1490 2475 1925 2550 paupertatem
1968 2471 2253 2530 devenis-

715 2567 812 2625 set
855 2582 869 2628 :
914 2566 1059 2624 tunc
1113 2563 1301 2624 etiam
1351 2563 1669 2642 potissime
1719 2562 1863 2642 quia
1912 2563 2252 2624 necessitas

713 2676 827 2737 pro
873 2656 1016 2717 filiis
1061 2656 1288 2734 spuriis
1345 2675 1465 2717 non
1525 2657 1681 2717 tanti
1728 2656 2021 2716 {estimari
2068 2656 2246 2732 solet,

715 2767 858 2810 cum
899 2749 974 2808 iis
1028 2752 1323 2827 parentes
1369 2750 1790 2809 communiter
1839 2766 1961 2808 non
2009 2749 2254 2808 soleant

715 2842 1067 2920 providere,
1104 2841 1217 2901 nisi
1249 2842 1326 2902 de
1355 2842 1665 2903 alimentis
1695 2841 2060 2902 necessariis
2071 2843 2252 2921 juxta

715 2953 933 2995 eorum
962 2934 1385 2995 conditionem
1410 2981 1424 3010 ,
1477 2939 1663 3013 atque
1706 2934 1846 2995 ideo
1892 2953 2015 2994 non
2057 2935 2251 3013 impe-

716 3026 893 3089 diant
920 3027 1286 3087 donationes
1315 3027 1579 3086 aliorum
1607 3028 1938 3088 bonorum.

795 3119 1140 3181 Difficultas
1167 3124 1282 3197 est,
1318 3138 1396 3180 an
1426 3120 1474 3179 si
1514 3120 1795 3199 praedicti
1828 3120 2136 3199 illegitimi
2168 3121 2249 3180 le·

717 3213 1104 3292 gitimentur,
1140 3214 1237 3274 vel
1269 3231 1305 3273 a
1360 3213 1663 3292 principe,
1719 3213 1818 3272 vel
1875 3230 1987 3291 per
2036 3213 2248 3273 subse-

721 3324 922 3386 quens
948 3305 1419 3367 matrimonium
1459 3324 1602 3365 cum
1632 3323 1848 3365 eorum
1896 3310 2119 3381 matre,
2163 3307 2248 3366 lo·

715 3417 861 3460 cum
889 3398 1121 3459 habeat
1148 3398 1470 3478 dispositio
1494 3398 1677 3458 dictae
1705 3396 1862 3475 legis
1891 3397 1967 3457 Si
1983 3397 2243 3477 inquam.

713 3493 960 3570 Negant
988 3491 1180 3570 aliqui
1209 3491 1267 3550 in
1300 3494 1568 3570 utroque
1599 3496 1847 3567 eventu,
1875 3509 2032 3569 quos
2058 3491 2250 3553 refert

709 3584 942 3646 Molina
970 3583 1079 3644 ubi
1106 3600 1316 3661 supra,
1339 3588 1402 3643 et
1430 3583 1738 3644 consentit
1755 3583 2241 3644 Turrianusn.8.

709 3676 932 3738 saltem
961 3676 1040 3736 de
1070 3676 1214 3754 jure
1244 3676 1543 3753 Hispano,
1603 3694 1727 3754 quo
1778 3675 2024 3736 videtur
2053 3676 2241 3753 exigi,

707 3770 907 3830 filium
937 3769 1110 3829 nasci
1139 3787 1214 3828 ex
1236 3768 1516 3846 legitima
1571 3785 1785 3844 uxore,
1838 3786 1977 3847 quae
2035 3773 2247 3828 tamen

707 3862 902 3923 verba
928 3862 1160 3923 Molina
1190 3861 1502 3938 intelligit,
1555 3879 1680 3921 non
1736 3861 1800 3921 in
1857 3879 2042 3920 sensu
2073 3879 2247 3920 com-

708 3955 934 4033 posite,
969 3955 1080 4015 sed
1109 3955 1330 4016 saltem
1360 3954 1423 4013 in
1453 3972 1638 4013 sensu
1670 3953 1891 4029 diviso,
1927 3954 2094 4032 quod
2124 3952 2245 4013 sci—

702 4048 851 4109 licet
882 4049 1007 4108 nati
1043 4048 1170 4110 sint
1197 4066 1271 4107 ex
1301 4066 1396 4123 ea,
1431 4064 1570 4124 quae
1598 4051 1749 4106 tunc
1778 4047 1875 4106 vel
1907 4051 2124 4124 postea
2166 4046 2247 4108 sit

702 4140 988 4220 legitima
1020 4141 1312 4201 donantis
1356 4157 1532 4215 uxor,
1587 4143 1649 4200 et
1688 4139 1829 4199 ideo
1860 4143 2036 4217 putat
2064 4140 2241 4198 suffi-

702 4252 845 4294 cere
879 4234 1050 4294 nasci
1079 4237 1222 4312 post
1274 4231 1677 4293 donationem
1707 4231 1927 4307 filium,
1963 4232 2068 4311 qui
2100 4250 2240 4310 pos-

700 4329 805 4387 tea
841 4344 955 4405 per
982 4326 1370 4404 subsequens
1424 4324 1896 4386 matrimonium
1934 4325 2242 4400 legitime-

700 4423 837 4490 tur;
871 4418 981 4478 sed
1014 4425 1182 4479 certe
1212 4419 1407 4479 verba
1435 4419 1598 4477 illius
1626 4417 1782 4494 legis
1816 4416 2066 4477 difficile
2096 4435 2239 4494 pos-

699 4515 846 4572 sunt
875 4510 1159 4588 intelligi,
1194 4511 1340 4590 quia
1369 4514 1738 4589 sequeretur
1776 4508 2020 4569 etiamsi
2075 4509 2239 4569 filius

700 4608 885 4664 natus
916 4622 991 4662 ex
1027 4603 1360 4678 adulterio,
1408 4602 1506 4660 vel
1536 4603 1799 4678 incestu,
1861 4607 2048 4680 atque
2094 4600 2236 4660 ideo

699 4715 825 4758 non
855 4701 1066 4775 posset
1092 4695 1427 4773 legitimari
1456 4714 1570 4773 per
1610 4695 1996 4773 subsequens
2026 4694 2236 4754 matri-

697 4789 979 4849 monium
1009 4806 1149 4849 cum
1184 4787 1319 4865 ejus
1349 4795 1570 4860 matre,
1625 4805 1806 4865 posse
1857 4791 2069 4846 tamen
2098 4785 2235 4864 ejus

697 4882 925 4943 intuitu
954 4873 1237 4940 revocari
1277 4879 1680 4940 donationem
1737 4885 1923 4940 antea
1975 4878 2228 4952 factam,

695 4976 986 5054 quiajam
1018 4978 1185 5034 esset
1209 4991 1430 5032 verum
1488 4977 1702 5032 natum
1735 4991 1870 5032 esse
1917 4972 2112 5031 filium
2158 4990 2233 5030 ex

694 5084 893 5128 uxore
939 5066 1264 5145 illegitima
1297 5067 1358 5125 in
1386 5083 1575 5125 sensu
1605 5065 1825 5141 dix-isc,
1873 5083 2100 5142 nempe
2158 5083 2229 5123 ex

693 5179 791 5237 ea,
825 5177 966 5240 quae
985 5163 1206 5239 postea
1234 5159 1402 5219 facta
1430 5163 1524 5219 est
1544 5176 1700 5217 uxor
1726 5158 2006 5235 legitima
2038 5157 2229 5217 dona-

2369 431 2496 492 cuit
2523 449 2737 492 casum
2769 431 2845 491 de
2885 429 3013 491 filio
3044 433 3190 490 nato
3223 434 3443 508 postea
3489 449 3562 489 ex
3617 428 3909 507 legitimo

2367 525 2789 601 matrimonio,
2824 543 2945 583 non
2979 541 3127 583 vero
3161 523 3476 601 explicuit,
3512 522 3777 581 anidem
3803 521 3913 580 di-

2368 617 2636 677 cendum
2667 617 2765 693 sit,
2802 616 3051 695 quando
3095 616 3257 675 filius
3315 616 3611 691 nascitur,
3650 614 3756 693 qui
3783 633 3909 693 per

2365 710 2752 789 subsequens
2780 708 3246 769 matrimonium
3280 708 3681 786 legitimatur.

2447 804 2563 863 Alii
2608 823 2756 882 ergo
2806 802 3183 878 concedunt,
3226 800 3505 861 revocari
3545 819 3730 880 posse
3779 799 3906 859 do-

2366 897 2681 956 nationem
2739 900 2883 956 nato
2940 895 3066 955 filio
3116 895 3472 973 illegitimo,
3522 912 3647 954 non
3697 893 3907 953 solum

2366 989 2416 1049 si
2474 1008 2585 1066 per
2629 990 3017 1067 subsequens
3072 986 3540 1047 matrimonium
3595 986 3909 1061 legitime·

2364 1085 2467 1141 tur
2529 1082 2639 1141 sed
2709 1081 2897 1141 etiam
2961 1080 3211 1159 quando
3273 1079 3658 1157 legitimatur
3731 1077 3904 1156 prin·

2365 1174 2518 1252 cipis
2546 1175 2870 1251 rescriptO.
2905 1175 2997 1233 Ita
3050 1172 3252 1234 Julius
3281 1172 3511 1242 clarus»,
3565 1176 3627 1233 et
3672 1170 3776 1230 alii
3805 1170 3905 1228 di-

2363 1270 2596 1341 centeS,
2658 1265 2819 1325 hanc
2874 1284 3006 1325 esse
3065 1282 3462 1324 communem
3518 1263 3899 1325 sententiam

2361 1358 2530 1437 apud
2558 1359 2851 1420 Molinam
2881 1358 2986 1418 ubi
3018 1376 3227 1436 supra,
3266 1362 3328 1417 et
3354 1356 3509 1416 mihi
3540 1357 3743 1434 magis
3769 1356 3901 1434 pla·

2362 1456 2462 1512 cet
2485 1457 2941 1530 consequenter
2992 1450 3306 1529 quuendo
3338 1449 3417 1510 ad
3463 1449 3770 1528 principia
3801 1468 3903 1508 su-

2362 1563 2475 1622 pra
2521 1544 2781 1624 prosita,
2818 1544 2963 1623 quia
3014 1561 3156 1604 cum
3212 1562 3335 1602 non
3392 1542 3598 1602 minus
3651 1542 3902 1601 soleant

2361 1642 2649 1716 parentes
2681 1637 2984 1716 ejusmodi
3016 1636 3292 1715 filiis-,qui
3300 1635 3432 1714 jam
3459 1654 3603 1694 vere
3630 1634 3898 1712 legitimi

2360 1734 2526 1806 sunt,
2575 1731 2704 1789 sive
2735 1748 2847 1808 per
2874 1729 3263 1807 subsequens
3291 1727 3783 1802 matrimonium,
3818 1729 3900 1787 si-

2359 1841 2433 1881 ve
2480 1822 2777 1899 principis
2831 1822 3156 1899 rescripto,
3191 1820 3523 1900 providere
3579 1825 3641 1880 et
3696 1827 3899 1882 atten-

2358 1914 2528 1990 dere,
2576 1919 2644 1974 ut
2673 1933 2778 1974 eos
2808 1913 2871 1973 in
2900 1913 3241 1974 multorum
3285 1912 3594 1972 bonorum
3649 1931 3897 1973 succes-

2357 2007 2530 2067 sione
2576 2007 2953 2085 relinquant,
3004 2024 3194 2085 quam
3224 2005 3275 2064 si
3306 2006 3384 2065 ab
3421 2006 3596 2065 initio
3625 2006 3897 2084 legitimi

2355 2100 2638 2175 tuissent,
2675 2118 2797 2159 non
2828 2099 3033 2159 minus
3076 2097 3587 2176 praesumendum
3642 2105 3737 2158 est
3782 2118 3895 2157 no·

2352 2194 2540 2254 luisse
2574 2192 2911 2252 donatione
2967 2210 3081 2252 sua
3135 2191 3302 2250 hunc
3330 2210 3546 2252 casum
3605 2209 3887 2270 compre-

2354 2286 2654 2362 hendere,
2688 2285 3063 2364 quamillum
3090 2284 3304 2344 alium.

2433 2377 2613 2439 Unde
2652 2377 2857 2437 obiter
2911 2376 3290 2436 crediderim
3322 2381 3543 2436 contra
3589 2375 3883 2435 eumdem

2351 2470 2584 2531 Julium
2604 2470 2875 2543 Clarum,
2898 2469 3064 2528 idem
3096 2470 3432 2529 dicendum
3461 2488 3617 2544 esse,
3653 2469 3701 2528 si
3725 2470 3882 2547 ejus—

2352 2563 2524 2623 modi
2552 2563 2717 2622 filius
2770 2566 2915 2622 ante
2962 2562 3368 2623 donationem
3439 2568 3623 2622 natus
3690 2566 3874 2636 esset,

2352 2661 2570 2735 postea
2597 2659 2807 2716 tamen
2849 2655 3149 2716 alterutro
3182 2675 3253 2715 ex
3304 2656 3422 2715 illis
3452 2655 3658 2715 modis
3687 2655 3882 2733 legiti-

2351 2754 2658 2809 maretur:
2693 2747 2951 2826 perinde
2982 2749 3149 2807 enim
3182 2748 3432 2808 videtur
3459 2767 3615 2823 esse,
3644 2767 3718 2807 ac
3748 2749 3795 2807 si
3813 2747 3883 2807 fi-

2349 2841 2467 2901 lius
2521 2840 2835 2919 legitimus
2884 2840 3086 2901 denuo
3146 2841 3434 2901 donatori
3494 2847 3878 2916 nasceretur,

2349 2952 2489 2993 cum
2521 2934 2596 2993 de
2649 2952 2810 2993 novo
2854 2933 3150 2994 adveniat
3178 2934 3475 3013 obligatio
3506 2933 3879 3011 providendi
3918 2934 3923 2937 ’

2352 3026 2497 3086 huic
2526 3026 2675 3100 filio,
2708 3029 2776 3085 ut
2816 3026 3120 3103 legitimo,
3181 3044 3320 3105 qum
3378 3026 3680 3105 obligatio
3738 3031 3883 3086 ante

2348 3119 2867 3197 legitimationem
2900 3138 3022 3179 non
3055 3123 3210 3196 erat,
3246 3123 3307 3179 et
3336 3119 3591 3199 quidem
3644 3119 3766 3180 hoc
3799 3120 3885 3180 ita

2351 3213 2686 3272 dicendum
2716 3231 2872 3286 esse,
2908 3213 3160 3291 quando
3219 3232 3341 3273 non
3399 3212 3786 3289 legitimatur
3812 3213 3886 3272 fi-

2349 3305 2468 3365 lius
2511 3305 2572 3363 in
2631 3305 2939 3381 fraudem,
2976 3311 3038 3365 et
3067 3309 3133 3365 ut
3161 3305 3240 3366 sit
3269 3306 3512 3365 occasio
3542 3304 3884 3365 revocandi

2350 3398 2753 3458 donationem
2798 3397 3278 3474 praecedentem,
3332 3397 3581 3476 probari
3612 3403 3821 3476 potest
3847 3416 3886 3458 a

2348 3490 2535 3550 simili
2566 3490 2754 3565 exiis,
2790 3509 2929 3569 quae
2958 3491 3083 3551 late
3107 3491 3391 3567 congerit
3418 3491 3691 3551 Thomas
3726 3493 3885 3552 San-

2348 3583 2499 3643 chez
2527 3583 2635 3644 lib.
2670 3584 2800 3644 VII.
2834 3582 2903 3643 dc
2928 3584 3187 3643 matrim.
3224 3584 3382 3664 disp.
3421 3601 3518 3645 cv.
3546 3604 3606 3645 n.
3633 3589 3673 3645 8
3702 3589 3766 3644 et
3791 3603 3885 3644 se·

2346 3675 2683 3754 quentihus
2711 3675 2791 3736 ad
2811 3675 3205 3753 probandum
3238 3695 3381 3736 cum
3398 3677 3717 3736 communi
3747 3694 3884 3736 sen-

2347 3769 2562 3845 tentia,
2598 3769 2648 3829 si
2670 3772 2853 3829 Petro
2883 3771 2917 3830 J
2926 3787 3159 3829 oannes
3186 3769 3559 3830 substitutus
3590 3769 3674 3830 sit
3702 3788 3741 3829 a
3770 3774 3886 3830 tes-

2345 3866 2546 3922 tatore
2577 3862 2639 3920 in
2668 3861 3175 3938 fideicommisso,
3209 3862 3260 3922 si
3299 3864 3521 3923 Petrus
3556 3863 3697 3922 sine
3738 3862 3883 3922 filiis

2315 3954 2639 4031 ·Iegitimis
2671 3953 3029 4030 decesserit,
3096 3958 3158 4015 et
3226 3959 3446 4017 Petrus
3486 3955 3546 4014 in
3619 3955 3880 4016 articulo

2342 4047 2560 4107 mortis
2589 4046 2779 4107 ducat
2801 4047 2861 4104 in
2887 4066 3143 4106 uxorem
3175 4048 3616 4124 concubinam,
3650 4066 3725 4107 ex
3758 4067 3882 4126 qua

2340 4139 2502 4200 filios
2533 4144 2913 4218 susceperat,
2966 4161 3001 4199 a
3056 4140 3197 4201 filiis
3228 4141 3345 4200 illis
3395 4141 3638 4201 excludi
3687 4143 3879 4202 Joan·

2344 4250 2486 4292 nem
2519 4232 2942 4308 substitutum,
3002 4233 3226 4294 saltem
3256 4233 3305 4292 si
3339 4253 3461 4293 non
3506 4235 3568 4293 in
3612 4233 3878 4295 Joannis

2339 4324 2626 4383 fraudem
2656 4325 3127 4385 matrimonium
3158 4326 3268 4387 fiat
3298 4327 3376 4384 ad
3408 4328 3463 4386 ei
3495 4328 3873 4388 nocendum.

2341 4417 2636 4478 Similiter
2657 4435 2829 4494 ergo,
2852 4418 2900 4475 si
2932 4418 3197 4478 donator
3224 4438 3345 4478 non
3367 4418 3431 4478 in
3459 4419 3744 4479 fraudem
3768 4420 3879 4479 do-

2340 4508 2606 4568 nationis
2638 4510 2743 4568 filii
2789 4510 3306 4586 legitimationem
3364 4517 3679 4590 procuret,
3714 4514 3765 4572 si
3813 4514 3876 4572 in

2335 4601 2571 4660 bonum
2601 4602 2838 4674 filii,vel
2868 4603 3055 4662 aliam
3089 4604 3167 4663 ob
3199 4622 3606 4679 causam,non
3639 4611 3879 4678 est,cur

2337 4712 2459 4754 non
2492 4695 2685 4772 possit
2715 4695 2802 4755 uti
2824 4693 2963 4771 jure
2993 4715 3128 4770 suo,
3164 4701 3226 4756 et
3254 4697 3332 4756 ob
3364 4697 3705 4757 adventum
3752 4717 3869 4759 no·-

2336 4804 2483 4845 vum
2512 4787 2618 4845 filii
2650 4787 2935 4865 legitimi,
2970 4807 3157 4867 quem
3197 4793 3479 4866 tempore
3512 4790 3873 4850 donationis

2336 4897 2460 4939 non
2492 4879 2783 4954 habebat,
2820 4880 3157 4940 donatione
3192 4901 3512 4943 revocare.

2414 4970 2735 5031 Difficilius
2765 4978 2949 5046 esset,
2984 4973 3036 5032 si
3065 4992 3138 5033 eo
3169 4973 3371 5033 solum
3403 4975 3614 5035 animo
3658 4975 3860 5035 filium

2331 5064 2725 5142 legitimaret‚
2760 5071 2830 5125 ut
2850 5066 3134 5127 donatori
3164 5065 3629 5145 praejudicaret,
3666 5073 3730 5129 et
3757 5087 3864 5128 oc-

2330 5157 2646 5217 casionem
2703 5158 2965 5219 haberet
3032 5159 3368 5219 revocandi
3433 5159 3862 5223 donationem.

4056 2286 4170 2343 {90

3943 2410 4070 2458 Quid.
4094 2413 4131 2450 ‘i
4150 2417 4235 2451 ten-

3942 2470 4050 2512 Pooe
4066 2466 4235 2504 donan-

3943 2518 4012 2557 nis
4036 2518 4129 2570 jam
4147 2525 4233 2565 εῑε.

3984 2577 4028 2612 εἰ
4052 2580 4191 2621 {zosim

3956 2624 4221 2678 legiam-111,

4017 4909 4128 4967 191

3922 5032 4053 5082 Quid,
4085 5035 4122 5074 si
4156 5036 4225 5074 hc<

4010 5087 4082 5127 liat
4111 5101 4163 5127 cx

3939 5139 4151 5182 {namma
4171 5141 4215 5181 aa
4244 5115 4246 5174 l

3932 5196 4213 5236 revocandam

692 5254 864 5313 toris·
928 5254 1332 5331 Consequens
1368 5257 1582 5312 autem
1614 5257 1707 5312 est
1759 5256 1979 5310 contra
2024 5249 2228 5327 ipsum
2330 5252 2488 5309 Nam
2543 5251 2890 5311 communis
2944 5252 3253 5312 sententia
3293 5251 3645 5328 doctorum,
3708 5273 3869 5332 quos
3939 5245 4223 5290 ‘mmm

688 5344 1009 5406 Molinam.
1046 5344 1194 5425 quia
1222 5344 1323 5403 ille
1354 5361 1674 5422 nunquam
1692 5348 1857 5403 esset
1884 5343 2048 5403 filius
2076 5341 2226 5418 legi·
2326 5342 2411 5400 ibi
2454 5342 2576 5402 late
2607 5342 2845 5418 cogerit
2875 5343 3155 5405 Sanchez
3186 5363 3247 5404 n.
3281 5348 3339 5404 9.
3392 5345 3563 5420 dicit,
3599 5364 3723 5405 non
3769 5366 3873 5407 ex-

687 5437 900 5498 timus,
935 5440 1061 5498 Lex
1093 5455 1243 5514 ergo
1276 5437 1380 5496 illa
1436 5437 1713 5514 Hispana
1767 5436 1970 5495 solum
2026 5435 2222 5512 expli·
2326 5434 2491 5493 cludi
2518 5435 2945 5511 substitutum,
2981 5437 3233 5515 quando
3271 5437 3337 5496 in
3374 5439 3508 5516 ejus
3551 5438 3860 5517 fraudem,
