4263 6376
578 3350 690 3409 107

476 3473 657 3517 Solvitur
675 3473 773 3518 sun-

502 3527 735 3571 donicatum

492 3582 756 3625 eontrarium.

832 360 951 422 372
1991 348 2093 409 DE
2135 347 2488 411 JUSTITIA
2533 348 2633 409 ΕΤ
2676 347 2876 411 JURE

832 535 968 595 tota
996 530 1059 592 in
1080 527 1338 607 singulis
1388 525 1693 606 partibuS,
1727 542 1853 586 non
1898 528 2105 604 potest
2128 524 2378 603 integra

834 624 1102 687 transire
1132 640 1275 684 cum
1321 638 1448 681 una
1503 618 1635 680 sola
1686 621 1865 697 parte
1922 618 2097 678 fundi
2127 617 2210 678 ad
2239 617 2374 695 ejus

833 721 1202 797 emptorem,
1253 714 1362 775 sed
1414 711 1617 773 solum
1660 710 1841 791 juxta
1895 714 2141 789 partem
2194 708 2369 770 fundi

835 828 1025 892 quam
1053 807 1351 888 possidet.

861 938 873 948 ·
914 900 1203 963 Secundo
1234 899 1355 959 hoc
1394 897 1600 978 ipsum
1627 894 1884 976 probari
1931 898 2139 973 potest
2166 913 2238 955 ex
2270 914 2376 955 su-

832 993 1151 1076 pradictiS,
1186 991 1332 1070 quia
1359 993 1662 1070 pereunt-e
1692 1006 1817 1049 una
1846 993 2023 1067 parte
2051 987 2250 1063 fundi,
2281 986 2374 1047 vel

832 1087 1078 1149 reddita
1103 1086 1167 1145 in
1197 1087 1572 1164 perpetuum
1600 1081 1957 1156 infecunda,
2009 1098 2134 1141 non
2164 1083 2378 1140 manet

831 1179 1130 1258 obligatio
1160 1177 1242 1237 ad
1269 1180 1469 1238 totam
1513 1174 1878 1254 pensionem
1908 1173 1971 1232 in
2015 1173 2152 1233 aliis
2190 1173 2377 1251 parti-

831 1273 969 1349 buS,
1004 1271 1114 1332 sed
1169 1270 1371 1331 solum
1398 1268 1572 1348 juxta
1602 1266 2071 1346 proportionem
2092 1266 2214 1325 sibi
2239 1283 2377 1326 cor-

830 1363 1342 1444 respondentem.
1402 1362 1555 1421 Cum
1598 1377 1749 1437 ergo
1793 1362 2001 1437 partes
2058 1357 2199 1433 illae,
2234 1375 2374 1437 quae

828 1457 998 1535 apud
1049 1456 1241 1515 alium
1269 1470 1691 1531 possessorem
1739 1454 1905 1525 sunt,
1953 1450 2064 1511 tibi
2108 1450 2373 1511 redditae

829 1549 954 1609 sint
980 1547 1043 1608 in
1069 1549 1445 1627 perpetuum
1472 1543 1735 1620 sterileS,
1788 1549 1850 1603 ct
1878 1561 2024 1603 vere
2050 1542 2369 1621 perierint,

830 1660 954 1702 non
977 1640 1171 1701 debes
1182 1656 1294 1717 pro
1313 1642 1490 1716 parte
1520 1653 1660 1716 quae
1686 1635 1855 1714 apud
1874 1639 1935 1696 te
1957 1639 2193 1710 manet,
2223 1634 2373 1695 obli-

827 1732 966 1813 gari
992 1731 1201 1793 adhuc
1227 1730 1308 1791 ad
1336 1733 1535 1792 totam
1564 1727 1932 1806 pensionem
1961 1726 2328 1787 solvendam
2354 1747 2369 1788 ε

830 1826 949 1887 hoc
977 1825 1145 1886 enim
1177 1826 1341 1884 esset
1367 1840 1557 1882 unam
1624 1825 1868 1898 partem
1914 1819 2091 1879 fundi
2123 1819 2366 1897 obliga-

826 1923 958 1981 tam
987 1937 1123 1980 esse
1179 1934 1291 1996 pro
1349 1918 1527 1994 parte
1575 1912 1891 1992 pensionis
1921 1912 2057 1972 aliis
2085 1913 2372 1989 partibus

827 2008 1381 2090 correspondente,
1437 2005 1602 2084 quod
1660 2009 1873 2067 tamen
1920 2004 2192 2066 vidimus
2238 2023 2371 2066 esse

828 2107 1050 2164 contra
1074 2106 1364 2163 naturam
1393 2117 1616 2159 census
1646 2096 1852 2158 realis,

906 2194 1138 2271 Tertio,
1188 2191 1440 2273 probari
1485 2194 1711 2271 potest,
1764 2190 1907 2269 quia
1957 2191 2019 2251 in
2049 2208 2124 2251 eo
2169 2191 2372 2252 solum

826 2292 993 2350 statu
1014 2290 1222 2366 potest
1242 2302 1648 2364 perseverare
1666 2282 1965 2362 obligatio
1996 2302 2223 2345 census
2240 2303 2374 2345 rea-

826 2381 925 2457 lis,
956 2380 1022 2440 in
1050 2397 1175 2459 quo
1204 2378 1285 2440 ab
1315 2376 1490 2438 initio
1520 2375 1825 2455 potuisset
1851 2376 1930 2435 de
1960 2394 2121 2437 novo
2142 2377 2374 2439 consti-

824 2472 915 2534 tui
949 2490 964 2537 :
996 2471 1108 2532 sed
1128 2471 1179 2531 si
1212 2469 1477 2530 haberes
1506 2468 1708 2529 solum
1738 2471 1985 2547 partem
2010 2469 2211 2545 fundi,
2247 2489 2372 2531 non

822 2565 1133 2644 potuisses
1162 2562 1275 2624 tibi
1322 2562 1643 2640 imponete
1674 2579 1932 2621 censum
1973 2562 2231 2638 realem,
2264 2581 2373 2624 cu-

816 2657 921 2738 jus
949 2656 1167 2736 pensio
1213 2659 1468 2733 superet
1496 2655 1777 2715 valorem
1805 2655 2122 2715 fructuum
2156 2673 2169 2717 ε
2206 2674 2357 2734 ergo

823 2769 940 2812 nec
968 2753 1187 2830 postea
1233 2746 1464 2827 poterit
1506 2764 1911 2825 perseverare
1957 2747 2099 2808 talis
2146 2766 2369 2809 census

820 2842 885 2903 in
929 2859 1285 2922 possessore
1331 2839 1522 2900 solius
1566 2839 1707 2900 talis
1753 2839 1947 2917 partis
1982 2838 2159 2919 :jam
2201 2840 2369 2901 enim

821 2935 1073 2996 videtur
1098 2932 1211 2995 tibi
1255 2930 1540 2992 redditus
1586 2949 1809 2991 census
1850 2932 2219 3011 personalis,
2270 2934 2367 2994 vel

820 3029 1074 3104 mixtus,
1107 3044 1252 3087 cum
1283 3042 1407 3084 non
1437 3042 1511 3084 ex
1560 3023 1690 3084 solo
1719 3023 1913 3084 fundo
1961 3025 2173 3085 censui
2220 3025 2370 3086 sub-

814 3120 1008 3202 ject0,
1060 3119 1170 3179 sed
1216 3118 1406 3178 etiam
1437 3135 1510 3176 ex
1559 3115 1697 3176 aliis
1749 3117 1874 3178 tuis
1902 3116 2083 3178 honis
2135 3117 2367 3179 debeas

822 3215 1063 3275 solvere
1095 3212 1461 3292 pensionem
1488 3209 1882 3289 promissam.

901 3306 998 3368 Ad
1026 3305 1500 3366 fundamentum
1538 3321 1685 3364 vero
1743 3304 2075 3365 contrariae
2106 3309 2363 3366 senten-

821 3399 944 3476 tiae,
979 3398 1147 3478 quod
1178 3397 1417 3458 scilicet
1439 3395 1714 3458 conditio
1744 3397 2074 3458 creditoris
2092 3397 2365 3460 deterior

818 3494 999 3554 fieret
1026 3511 1102 3553 ex
1129 3489 1646 3568 multiplicatione
1676 3488 2024 3566 haeredum,
2078 3490 2179 3551 vel
2206 3490 2363 3551 divi-

819 3585 995 3647 sione
1022 3584 1201 3645 fundi
1228 3583 1392 3645 inter
1419 3583 1629 3661 plures
1657 3599 2069 3660 possessoreS,
2103 3601 2365 3662 respon-

819 3677 956 3739 deri
999 3681 1228 3758 potest,
1259 3676 1379 3736 hoc
1424 3693 1769 3754 gravamen
1799 3693 1911 3752 per
1939 3675 2231 3736 accidens
2261 3695 2363 3736 se-

817 3771 954 3851 qui;
990 3788 1194 3849 neque
1224 3787 1360 3829 esse
1388 3767 1704 3847 peculiare
1727 3766 1787 3826 in
1821 3785 2035 3843 censu,
2056 3767 2168 3827 sed
2194 3786 2361 3828 com·

814 3882 1004 3924 mune
1034 3862 1173 3924 aliis
1202 3861 1429 3923 debitis
1450 3880 1463 3923 :
1482 3878 1630 3919 nam
1659 3859 1712 3918 si
1730 3858 2061 3921 defunctus
2091 3859 2363 3923 debebat

814 3957 930 4018 tibi
950 3959 1124 4019 1000.
1160 3974 1221 4017 v.
1245 3974 1308 4033 g.
1343 3973 1419 4014 ex
1447 3957 1690 4031 mutuo,
1736 3957 1799 4013 et
1842 3953 2160 4032 relinquat
2213 3973 2362 4032 qua-

812 4053 956 4110 tuor
1008 4048 1294 4110 haeredes
1343 4066 1420 4106 ex
1468 4064 1673 4125 aeeqUO,
1734 4063 1857 4105 non
1888 4046 2123 4124 poteris
2147 4045 2282 4124 jam
2321 4066 2358 4106 a

809 4142 1071 4222 singulis
1099 4144 1302 4202 totum
1332 4139 1615 4201 debitum
1645 4137 1916 4217 exigere,
1937 4138 2098 4199 sicut
2126 4140 2358 4217 potuis-

811 4255 912 4297 ses
940 4254 976 4295 a
1024 4235 1340 4310 defunct0‚
1401 4231 1512 4292 sed
1568 4230 1761 4292 debes
1815 4248 2034 4291 omnes
2088 4238 2359 4310 quatuor

810 4327 1172 4403 convenire,
1206 4330 1275 4387 ut
1304 4345 1341 4385 a
1368 4324 1629 4404 singulis
1659 4327 1953 4403 quartam
1981 4324 2185 4385 solum
2215 4343 2357 4403 par-

808 4426 938 4483 tem
966 4418 1161 4481 debiti
1208 4419 1444 4497 exigas.
1499 4420 1629 4478 Hoc
1658 4436 1807 4496 ergo
1841 4417 2009 4477 idem
2037 4436 2182 4478 oum
2213 4437 2359 4496 pro-

808 4513 1097 4592 portione
1125 4512 1187 4572 in
1219 4530 1413 4573 censu
1442 4510 1771 4589 contingit,
1811 4509 2011 4570 diviso
2040 4509 2235 4571 fundo
2266 4510 2356 4570 in-

805 4612 902 4669 ter
913 4606 1146 4687 plures,
1167 4604 1453 4665 haeredes
1467 4603 1564 4664 vel
1581 4621 1964 4682 possesoreS.
1999 4604 2077 4664 Et
2096 4603 2354 4682 quidem

803 4699 985 4780 pejus
1013 4702 1178 4760 esset
1204 4697 1521 4773 creditori,
1558 4696 1608 4756 si
1638 4700 1806 4756 totus
1835 4695 2065 4756 fundus
2097 4696 2356 4757 transis-

803 4797 899 4854 set
964 4792 1045 4853 ad
1101 4807 1523 4870 possessorem
1543 4833 1559 4864 ,
1602 4808 1642 4849 a
1688 4806 1811 4868 quo
1874 4788 2144 4848 difficilis
2191 4792 2355 4849 esset

802 4887 1043 4949 exactio
1092 4883 1411 4965 pensionis
1457 4888 1715 4960 propter
1776 4880 2211 4941 auctoritatem
2255 4883 2351 4941 rel

801 4981 990 5041 aliam
1019 4995 1276 5040 causam
1303 4997 1318 5052 ;
1354 4979 1416 5036 et
1444 4980 1653 5036 tamen
1681 4972 1828 5034 huic
1852 4974 2039 5035 etiam
2069 4972 2348 5051 periculo

2472 528 2777 603 perpetuo
2804 524 2936 600 fiat,
2971 523 3167 604 possit
3193 524 3467 586 creditor
3485 524 3736 604 exigere
3762 527 3987 606 pensio·
4060 557 4095 607 ρ,
4160 565 4174 604 ᾗ

2474 635 2608 693 nes,
2640 617 2918 696 quandiu
2948 616 3168 677 saltem
3199 635 3422 678 census
3464 618 3735 696 pretium
3782 618 3842 678 ei
3879 638 3985 679 non
4022 611 4095 706 “ss

2470 709 2864 772 restituitur?
2904 709 3155 771 Medina
3182 709 3241 768 in
3269 710 3515 771 Summa
3551 729 3606 771 c.
3639 727 3772 772 xlv.
3816 713 3871 791 g.
3900 715 3986 773 ΞΘ.

2473 801 2644 877 dicit,
2678 820 2902 862 census
2932 801 3382 880 obligationem
3412 803 3584 863 nulla
3611 822 3684 863 ex
3703 809 3992 883 pertepe-

2473 892 2595 954 rire
2629 913 2643 954 ε
2686 893 2835 973 quia
2861 893 3008 955 licet
3036 893 3322 955 Pontifex
3363 895 3528 956 hanc
3575 896 3991 974 exceptionem

2474 1004 2600 1047 non
2631 987 3031 1066 explicuerit,
3075 987 3352 1047 clausula
3380 992 3593 1049 tamen
3623 988 3762 1049 haec
3789 988 3993 1050 intelli·

2473 1079 2680 1157 genda
2710 1079 2959 1141 videtur
3006 1079 3210 1140 solum
3256 1080 3335 1140 de
3364 1098 3513 1141 casu
3535 1126 3550 1155 ,
3612 1099 3737 1159 quo
3771 1081 3992 1159 absque

2474 1171 2658 1250 culpa
2705 1172 3006 1233 debitoris
3040 1190 3142 1232 res
3172 1173 3354 1250 perit.
3401 1173 3636 1234 Molina
3664 1173 3840 1251 disp.
3867 1176 3992 1233 39⁴2.

2475 1282 2646 1324 num.
2680 1267 2740 1324 3.
2794 1269 2857 1326 et
2882 1263 3132 1325 Lessius
3160 1265 3266 1324 ubi
3295 1283 3435 1343 sup.
3489 1284 3662 1326 num.
3691 1270 3803 1326 91.
3837 1265 3993 1341 dicit,

2475 1357 2674 1418 teneri
2729 1358 3079 1418 debitorem
3149 1358 3231 1417 ad
3284 1358 3678 1419 reddendum
3736 1359 3995 1438 pretium

2474 1467 2718 1526 census,
2752 1450 2851 1509 vel
2880 1450 3053 1511 illum
3083 1450 3144 1510 in
3177 1469 3244 1510 rc
3272 1451 3396 1511 alia
3424 1452 3729 1512 immobili
3781 1450 3997 1512 consti-

2473 1542 2799 1604 tuendum.
2852 1545 3116 1604 Navarr.
3167 1548 3229 1603 et
3277 1545 3568 1605 Emman.
3618 1543 3819 1605 Rodr.
3855 1562 3996 1624 quos

2473 1635 2756 1714 sequitur
2786 1635 3021 1697 Rebell.
3056 1636 3119 1700 d.
3162 1636 3270 1697 lib.
3305 1638 3381 1698 X.
3416 1656 3523 1716 qu.
3558 1653 3644 1699 vl.
3686 1655 3874 1698 num.
3909 1641 3992 1698 Π.

2472 1727 2663 1804 dicit,
2697 1746 2953 1789 censum
2980 1730 3218 1807 perire;
3253 1729 3627 1791 creditorem
3652 1736 3872 1792 tamen
3905 1730 3997 1790 ha·

2471 1820 2620 1881 berc
2664 1826 2882 1882 contra
2918 1840 3102 1882 snum
3143 1822 3513 1899 debitorem,
3554 1823 3716 1885 sicut
3743 1823 3998 1883 haberet

2471 1918 2690 1975 contra
2718 1913 2908 1973 alium
2947 1914 3202 1975 tertium
3232 1915 3342 1995 qui
3369 1934 3625 1976 causam
3653 1916 3880 1976 damni
3907 1917 4001 1976 de·

2471 2007 2683 2082 disset,
2720 2007 3029 2068 actionem
3059 2007 3185 2067 doli
3215 2008 3426 2087 quoad
3452 2009 3724 2087 pretium
3754 2028 3994 2085 census,

2472 2103 2799 2178 totumque
2839 2098 3140 2160 interesse
3186 2100 3342 2160 lucri
3373 2101 3674 2163 cessantis
3698 2147 3715 2178 ,
3762 2103 3869 2162 vel
3901 2102 4001 2161 da·

2469 2192 2603 2252 mni
2643 2192 3041 2271 emergentis,
3088 2193 3369 2273 Denique
3401 2193 3577 2255 Salas
3608 2194 3670 2255 d.
3721 2194 3883 2256 dub.
3916 2212 3991 2256 xi.

2471 2285 2534 2344 in
2565 2287 2671 2344 fin.
2708 2289 2769 2345 et
2810 2284 2959 2346 dub.
2993 2302 3211 2347 xxxm.
3246 2304 3420 2347 num.
3452 2290 3511 2348 8.
3546 2286 3732 2348 docet
3760 2287 4000 2349 debito-

2471 2395 2605 2437 rem
2631 2376 2829 2438 teneri
2874 2378 2954 2437 ad
2996 2378 3376 2439 servandum
3413 2379 3775 2440 indemnem
3802 2381 3999 2441 exedi·

2472 2474 2672 2531 torem
2693 2515 2709 2546 ,
2757 2488 2830 2531 ac
2865 2470 3130 2550 proinde
3161 2471 3394 2533 debere
3422 2472 3521 2532 vel
3551 2491 3813 2534 censum
3839 2475 3912 2534 in
3939 2494 3998 2535 re
4023 2546 4028 2553 ,

2473 2562 2593 2623 alia
2624 2581 2802 2642 teque
2822 2565 3157 2626 commoda
3184 2565 3516 2642 collocare,
3548 2566 3647 2625 vel
3668 2567 4000 2644 pensiones

2469 2655 2731 2727 solvere,
2766 2657 2967 2717 donec
2996 2657 3266 2718 creditor
3294 2657 3526 2719 babeat
3559 2658 3622 2717 in
3651 2678 3778 2739 quo
3808 2661 4002 2738 possit

2467 2748 2822 2809 restitutum
2869 2747 2989 2808 sibi
3028 2750 3297 2827 pretium
3349 2751 3414 2812 in
3450 2751 3571 2812 alio
3599 2768 3794 2813 censu
3820 2771 3997 2833 aeqne

2468 2841 2633 2902 bono
2663 2840 3063 2902 constituere.

2548 2935 2679 3012 Ego
2721 2934 3232 3013 distinguendum
3271 2941 3455 3016 put03
3497 2955 3649 2997 nam
3690 2938 3746 2999 si
3773 2957 3994 3001 census

2469 3030 2602 3087 erat
2628 3025 3074 3103 irredimibiliS,
3109 3028 3299 3089 credo
3330 3029 3676 3093 debitorem
3695 3034 3900 3093 teneri
3919 3033 3993 3094 ad

2465 3124 2667 3181 totum
2710 3118 2828 3180 hoc
2868 3119 3036 3200 quod
3068 3120 3245 3181 Salas
3276 3121 3460 3193 dicit;
3508 3123 3653 3205 quia
3679 3124 3875 3187 debet
3903 3146 3994 3187 re-

2466 3212 2697 3273 sarcire
2729 3212 3031 3273 damnum
3060 3217 3262 3275 totum
3314 3217 3484 3295 quod
3531 3236 3604 3277 ex
3649 3237 3768 3279 sua
3813 3221 3993 3300 culpa

2464 3305 2759 3367 creditori
2815 3306 3253 3386 consequitur;
3315 3327 3511 3386 quare
3564 3310 3755 3371 debet
3807 3314 3990 3373 etiam

2461 3398 2793 3478 pensiones
2820 3399 3083 3460 solvere.
3136 3398 3202 3461 Si
3231 3419 3379 3462 vero
3417 3406 3644 3463 'census
3671 3408 3811 3464 erat
3835 3405 3989 3466 redi·

2461 3490 2722 3566 mibilis,
2768 3491 3109 3553 satisfaciat
3149 3492 3398 3555 debitor
3435 3495 3825 3557 restituendo
3857 3515 3990 3576 pre-

2461 3584 2616 3645 tium
2638 3600 2901 3647 census:
2936 3583 3235 3664 quiajure
3251 3604 3364 3647 suo
3388 3586 3603 3664 utitur,
3632 3607 3778 3649 cum
3807 3590 3985 3651 etiam

2462 3680 2714 3737 extante
2743 3675 2938 3737 fundo
2966 3677 3203 3739 censito
3227 3723 3243 3754 ,
3288 3679 3598 3756 potuisset
3624 3682 3830 3759 pretio
3860 3683 3987 3743 red-

2460 3769 2589 3830 dito
2611 3787 2870 3829 censum
2891 3768 3277 3848 extinguere.
3314 3771 3603 3843 Quandiu
3627 3778 3836 3835 tamen
3858 3794 3984 3854 pre·

2456 3860 2617 3923 tium
2646 3880 2768 3921 non
2800 3860 3028 3937 reddit,
3060 3862 3380 3923 tenebitur
3407 3863 3490 3923 ad
3519 3866 3854 3942 pensiones
3880 3868 3986 3927 sol·

2458 3954 2730 4027 vendas;
2777 3953 2924 4033 quia
2954 3953 3230 4032 alioquin
3258 3973 3375 4016 sua
3404 3955 3593 4034 culpa
3623 3975 3816 4018 causa
3845 3960 3984 4019 fuis-

2457 4053 2552 4108 set
2593 4066 2670 4107 ne
2711 4047 3041 4126 pensiones
3070 4046 3334 4108 haberet
3378 4052 3507 4109 toto
3546 4049 3652 4109 illo
3683 4054 3973 4129 tempore,

2457 4145 2642 4218 prout
2675 4139 2903 4199 habere.
2925 4138 3244 4200 debuisset
3272 4141 3554 4219 quandiu
3577 4144 3844 4221 pretium
3864 4164 3977 4205 non

2452 4232 2695 4310 recipit.
2729 4234 2884 4294 Cum
2911 4237 3124 4293 tamen
3153 4236 3287 4293 tota
3316 4232 3622 4312 obligatio
3659 4254 3786 4297 non
3825 4238 3979 4297 oria-

2457 4328 2557 4386 tur
2577 4323 2713 4403 jam
2743 4343 2819 4384 ex
2848 4342 3038 4384 censu
3071 4324 3225 4385 reali
3254 4325 3555 4402 durante,
3592 4346 3740 4388 nam
3768 4348 3977 4391 census

2454 4417 2639 4478 realis
2658 4462 2673 4493 ,
2708 4421 3011 4496 pereunte
3039 4417 3233 4478 fundo
3273 4417 3404 4479 sive
3434 4420 3832 4499 culpabiliter
3856 4424 3975 4483 sive

2454 4509 2915 4587 inculpabiliter
2942 4509 3166 4587 periit,
3200 4510 3310 4570 sed
3340 4511 3578 4573 oriatur
3608 4531 3684 4573 ex
3713 4515 3895 4592 culpa
3919 4520 3974 4575 et

2453 4601 2702 4678 delicto,
2736 4602 2924 4663 debet
2950 4620 3302 4681 supponere
3326 4602 3625 4666 delictum
3653 4610 3720 4667 et
3735 4607 3971 4686 culpam

2453 4714 2579 4756 non
2607 4695 2810 4756 levem
2840 4714 2915 4755 ex
2943 4698 3118 4773 parte
3151 4694 3485 4773 debitoriS,
3537 4698 3669 4759 sine
3703 4718 3830 4779 qua
3852 4706 3972 4760 tam

2449 4787 2659 4864 gravis
2688 4786 2984 4866 obligatio
3017 4787 3384 4849 restituendi
3410 4789 3560 4849 oriri
3591 4809 3716 4851 non
3747 4796 3969 4869 pote—sn

2452 4878 2618 4957 quod
2661 4879 2908 4939 videtur
2946 4898 3301 4958 supponere
3347 4881 3594 4944 Rebell.
3645 4885 3752 4944 ubi
3791 4903 3970 4962 supra

2451 4976 2514 5032 et
2539 4972 2849 5051 approbat
2879 4974 3068 5033 etiam
3099 4973 3275 5034 Salas
3299 4973 3419 5036 loc.
3454 4975 3560 5036 cit.

798 5093 865 5134 se
894 5072 1148 5152 exponit
1179 5075 1425 5149 emptor
1451 5086 1697 5143 censuS‚
1731 5085 1874 5127 cum
1906 5065 2196 5127 venditor
2206 5065 2349 5146 jure
2530 5066 2863 5126 Dubitatur
2891 5071 3114 5144 quarto
3136 5112 3151 5141 ,
3196 5066 3249 5125 si
3294 5084 3396 5126 res
3425 5069 3639 5129 censui
3668 5069 3963 5148 subjecta,
4047 5091 4095 5138 q-

796 5186 909 5229 suo
938 5163 1138 5245 possit
1162 5163 1427 5224 fundum
1456 5161 1555 5223 cui
1587 5159 1784 5221 voluit
1804 5159 2079 5220 vendere
2101 5159 2344 5219 etiamsi
2448 5177 2510 5238 v,
2543 5176 2605 5236 g.
2668 5157 2889 5220 domus
2933 5157 3206 5236 corruit,
3263 5164 3372 5220 aut
3415 5160 3602 5221 vinea
3653 5162 3966 5223 combusta
4005 5153 4094 5234 ,Τ

797 5280 911 5340 per
959 5258 1252 5320 accidens
1279 5256 1581 5317 damnum
1610 5252 1764 5314 illud
1793 5251 2088 5314 creditori
2119 5271 2350 5332 sequa-
2448 5250 2702 5312 omnino
2733 5255 2847 5327 est,
2883 5256 2946 5313 et
2961 5254 3178 5330 postea
3205 5250 3270 5311 in
3292 5252 3516 5313 eadem
3538 5273 3688 5314 area
3715 5253 3810 5314 vel
3839 5256 3964 5314 solo
4002 5253 4046 5288 ‘³
4075 5259 4094 5336 ’ζ
4161 5259 4168 5280 ¹

804 5361 925 5416 mr,
2445 5344 2671 5405 domus
2709 5343 2833 5405 alia
2876 5344 3220 5405 aedificetur
3246 5390 3262 5420 ,
3318 5345 3420 5406 vel
3464 5345 3649 5407 vinca
3691 5347 3768 5406 de
3809 5365 3963 5407 noro

533 5472 646 5533 ¹03
877 5442 1162 5507 Dubitari
1190 5444 1396 5523 potest
1416 5441 1623 5517 terti0,
1658 5459 1736 5500 an
1758 5439 1810 5501 si
1830 5458 1931 5501 res
1950 5438 2170 5501 censui
2201 5438 2345 5500 sub·
2444 5437 2782 5516 plantetur,
2821 5455 2900 5497 an
2929 5436 3065 5497 haec
3095 5436 3286 5498 etiam
3312 5439 3634 5518 supposita
3663 5438 3958 5514 intelliga-

793 5542 958 5603 lecta
986 5537 1173 5618 culpa
1201 5534 1503 5599 debitoris
1533 5537 1790 5615 pereat,
1823 5534 1922 5596 vel
1951 5532 2341 5595 infructuosa
2445 5534 2545 5592 tur
2575 5529 2810 5607 censui,
2843 5529 3004 5592 sicut
3032 5528 3239 5610 prior?
3269 5532 3460 5610 Resp.
3494 5550 3633 5611 neg.
3664 5549 3799 5593 cuni
3830 5531 3964 5591 Mo·
