4263 6376
1093 350 1565 412 DISPUTATIO
1611 350 1855 425 XXXV,
1906 351 2180 412 SECTlo
2227 352 2327 413 vl.

246 531 375 587 Hzec
401 522 665 585 secunda
696 522 1005 584 sententia
1035 522 1361 584 verissima
1389 524 1544 583 mihi
1573 523 1665 584 vi·-

181 622 353 695 detur,
384 621 443 679 et
462 616 636 696 juxta
665 634 920 676 sensum
950 616 1254 693 omnium,
1290 617 1395 696 qui
1425 635 1498 677 eo
1528 617 1662 695 ipso

179 711 321 793 quod
346 711 538 771 edicta
555 714 1011 789 proponuntur,
1046 713 1109 769 et
1135 710 1206 771 fit
1228 728 1567 770 concursus
1596 714 1666 772 ut

177 808 406 883 eligatur
430 804 671 882 dignior
693 850 710 880 ,
762 803 1143 881 persuadent
1183 803 1298 863 sibi
1331 821 1450 864 non
1482 821 1661 882 posse

174 900 314 958 hunc
347 897 468 957 sine
496 895 722 974 injuria
757 895 960 957 omitti
994 915 1006 956 ;
1060 902 1153 957 est
1182 896 1349 956 enim
1396 895 1460 956 in
1489 914 1661 957 com-

172 989 317 1049 muni
345 988 743 1048 aestimatione
766 993 1018 1066 pactum
1050 987 1415 1066 implicitum
1448 988 1510 1048 in
1534 988 1659 1048 edi-

171 1088 285 1158 cte,
327 1081 389 1142 fit
420 1081 466 1141 si
496 1099 562 1141 se
591 1081 925 1141 concursui
956 1084 1019 1141 et
1045 1081 1316 1142 examini
1349 1080 1657 1160 subjicere

169 1176 374 1247 volunt,
406 1173 670 1252 eligatur
697 1173 947 1251 dignior
978 1192 992 1233 ε
1037 1173 1161 1233 imo
1191 1174 1441 1234 videtur
1468 1175 1656 1235 etiam

170 1267 490 1345 explicitum
511 1313 527 1342 ‚
577 1268 889 1344 quatenus
918 1266 1305 1344 promittitur
1334 1266 1501 1346 quod
1531 1265 1657 1327 cui·

166 1360 293 1419 libet
315 1358 405 1438 jus
431 1377 611 1419 suum
641 1357 1013 1420 servabitur.
1064 1360 1451 1438 Supponitur
1479 1378 1650 1439 crg0,

168 1452 308 1531 quod
334 1450 551 1529 singuli
570 1452 678 1530 jus
708 1450 963 1530 aliquod
993 1451 1230 1514 habent
1261 1498 1277 1529 ,
1329 1471 1403 1512 ex
1432 1453 1494 1512 vi
1525 1453 1656 1513 edi-

165 1546 231 1606 cti
258 1549 312 1604 et
347 1543 769 1623 promissionis
802 1563 816 1604 ε
867 1544 1142 1624 alioquin
1190 1545 1243 1605 si
1290 1546 1529 1605 nullum
1552 1545 1654 1625 jus

164 1639 399 1713 habent,
454 1637 772 1716 quomodo
819 1637 953 1698 sine
988 1637 1208 1698 fraude
1236 1639 1516 1717 promitti
1544 1658 1656 1717 po-

163 1737 261 1792 test
274 1730 635 1805 servandum
681 1731 941 1810 singulis
984 1731 1082 1811 jus
1154 1732 1380 1792 suum?
1430 1732 1656 1793 Dicunt

164 1823 343 1903 aliqui,
376 1842 448 1883 ex
463 1824 523 1883 vi
539 1823 731 1884 edicti
759 1823 894 1883 dari
927 1824 1016 1884 eis
1035 1825 1176 1903 jue,
1211 1844 1332 1886 non
1368 1829 1436 1886 ut
1465 1824 1652 1904 eliga-

163 1923 246 1977 tur
268 1915 518 1995 dignior,
552 1915 664 1976 sed
697 1934 773 1975 ne
804 1916 961 1976 alius
989 1921 1164 1978 extra
1194 1935 1410 1978 eorum
1440 1936 1655 1978 nume-

163 2028 275 2068 rum
302 2010 579 2088 eligatur,
615 2013 677 2070 et
694 2008 814 2071 hoc
825 2009 930 2087 jus
950 2010 1227 2087 promitti
1249 2011 1649 2072 servandum.

163 2103 263 2162 Sed
290 2106 528 2179 contra,
593 2103 744 2181 quia
787 2121 863 2162 ex
916 2121 983 2163 se
1039 2108 1102 2164 et
1155 2105 1396 2164 secluso
1442 2109 1649 2184 pacto,

160 2195 564 2274 competitores
631 2213 758 2255 non
814 2195 1018 2273 magis
1071 2195 1305 2257 habent
1358 2196 1461 2275 jus
1493 2243 1509 2273 ,
1578 2216 1655 2257 ne

158 2288 289 2347 alius
330 2288 592 2367 eligatur
647 2305 837 2367 quam
907 2292 975 2348 ut
1039 2288 1306 2367 eligatur
1356 2289 1605 2369 dignior
1636 2310 1650 2351 2

159 2380 197 2438 si
224 2398 357 2458 ergo
400 2381 458 2440 in
489 2380 655 2440 illius
684 2380 892 2440 verbis
918 2380 1317 2459 generalibus
1346 2382 1657 2460 promitti-

157 2479 240 2532 tur
279 2473 438 2551 quod
483 2491 610 2533 non
655 2473 919 2552 eligetur
963 2474 1188 2553 aliquis
1235 2478 1409 2535 extra
1438 2493 1654 2536 eorum

157 2583 451 2625 nnmerum
471 2613 486 2643 ,
520 2585 558 2626 a
589 2567 827 2629 fortiori
857 2567 1241 2645 promittitur
1270 2567 1437 2646 quod
1468 2568 1656 2647 elige-

156 2661 238 2718 tur
261 2659 494 2736 dignior
526 2680 539 2720 :
572 2661 778 2738 magis
810 2661 978 2720 enim
1007 2665 1101 2721 est
1128 2660 1410 2721 debitum
1443 2680 1515 2720 ex
1547 2680 1655 2722 na-

154 2757 273 2811 tura
318 2752 398 2811 rei
430 2752 602 2832 quod
633 2753 901 2831 eligatur
926 2753 1177 2832 dignior
1199 2799 1214 2829 ,
1265 2772 1453 2832 quam
1485 2754 1655 2832 quod

154 2842 390 2921 eligatur
417 2863 488 2904 ex
518 2845 634 2906 tali
664 2864 924 2906 numero
956 2864 1391 2924 personarum.

220 2936 477 3016 Denique
509 2938 634 2999 hoc
654 2942 908 3017 pactum
936 2938 1291 2999 imbibitum
1315 2939 1561 3000 videtur
1591 2940 1652 3000 in

153 3028 265 3106 ipso
292 3030 471 3091 modo
502 3032 894 3093 convocandi
927 3032 1007 3091 ad
1037 3050 1411 3093 concursum
1446 3054 1458 3094 :
1507 3052 1653 3093 nam

152 3123 364 3201 quoties
391 3123 620 3204 aliquis
651 3124 837 3185 etiam
867 3125 1151 3205 privatus
1180 3130 1485 3187 convocat
1513 3128 1656 3206 plu-

152 3235 234 3275 res
260 3217 331 3277 ad
359 3220 678 3280 certamen
735 3219 865 3279 sive
913 3220 1266 3297 poeticum,
1327 3221 1456 3281 sive
1500 3222 1656 3282 ludi-

150 3325 334 3388 crum,
367 3313 443 3372 ad
482 3313 718 3373 luctam
743 3362 758 3387 ‚
791 3313 873 3374 ad
904 3318 1338 3387 torneamenta
1361 3361 1376 3391 ,
1410 3315 1491 3376 ad
1521 3335 1657 3376 cur-

150 3422 288 3479 sum,
319 3405 395 3464 ad
418 3405 688 3484 jactum,
723 3406 802 3466 ad
834 3407 1084 3484 saltum,
1120 3408 1217 3467 vel
1245 3408 1394 3487 quid
1422 3409 1648 3487 simile,

148 3499 452 3575 propositis
491 3500 769 3577 praemiis
793 3546 808 3576 ,
856 3518 929 3560 eo
958 3500 1093 3579 ipso
1124 3505 1513 3563 contractum
1543 3503 1658 3564 init

148 3589 213 3647 (le
241 3591 611 3666 proferenda
633 3592 800 3671 juste
831 3593 1142 3655 sententia
1167 3614 1181 3668 3
1224 3595 1294 3655 fit
1346 3595 1515 3654 enim
1546 3596 1655 3655 tri-

147 3681 316 3743 bunal
336 3684 583 3763 judicii,
619 3691 688 3746 ut
715 3685 779 3762 ii,
815 3686 923 3765 qui
932 3685 1169 3765 judicio
1200 3705 1265 3746 se
1295 3687 1489 3749 velint
1516 3688 1661 3749 sub-

148 3775 296 3852 dere,
327 3778 527 3838 sciant
554 3796 623 3838 se
655 3777 932 3857 legitime
954 3777 1350 3858 judicandos.
1392 3782 1556 3859 Ergo
1588 3800 1660 3841 eo

147 3867 262 3945 ipso
291 3870 454 3949 quod
484 3875 915 3932 convocantur
945 3872 1022 3931 ad
1037 3872 1368 3951 judicium,
1404 3874 1662 3952 promit-

148 3961 280 4022 titur
319 3962 515 4043 judex
576 3983 650 4023 ex
707 3965 1091 4025 conscientia
1113 3964 1543 4044 judicaturae,
1604 3971 1666 4028 et

148 4073 254 4115 non
283 4074 391 4133 pre
423 4057 601 4119 libito
632 4058 1007 4119 sententiam
1042 4058 1397 4135 prolaturus
1421 4106 1436 4136 ,
1492 4061 1661 4138 quod

148 4154 228 4206 est
253 4149 467 4209 vitium
497 4149 930 4227 turpissimum
974 4150 1035 4210 in
1066 4150 1348 4230 quolibet
1368 4152 1606 4230 judicio
1643 4173 1657 4213 :

148 4242 579 4317 promittuntur
606 4261 756 4321 ergo
786 4242 996 4319 tacite,
1030 4243 1156 4304 imo
1186 4244 1315 4303 fere
1347 4263 1660 4323 expresse,

148 4332 297 4411 leges
324 4336 474 4397 recti
501 4335 751 4415 judicii,
786 4336 847 4396 in
879 4355 1003 4415 quo
1022 4337 1410 4416 singulorum
1441 4339 1667 4401 merita

150 4427 538 4502 ponderanda
570 4434 718 4491 sunt
740 4475 755 4505 ,
809 4433 874 4491 ut
919 4430 1230 4491 sententia
1261 4435 1431 4493 recte
1462 4432 1665 4511 profe·

146 4523 323 4581 ratur.

3183 357 3299 415 599

2449 839 2505 916 ς.
2543 842 2598 900 1.

1818 1102 1907 1163 De
1936 1101 2283 1184 obligatione
2310 1105 2459 1165 male
2486 1080 2662 1166 electe:
2678 1105 2759 1166 ad
2784 1107 3219 1170 restituendum.

1757 1451 1985 1528 cundo,
2060 1452 2139 1512 de
2210 1453 2586 1532 obligatione
2663 1456 3027 1518 restituendi
3102 1476 3291 1538 quam
3340 1494 3536 1548 Indignus
3553 1496 3639 1538 010,

1755 1545 1947 1605 habet
1986 1545 2251 1624 ipsemet
2293 1545 2566 1609 indebite
2598 1549 2853 1610 electus·
2902 1551 2980 1611 Ει
3008 1551 3284 1629 quidem,
3359 1548 3613 1644 “mgeffiffffl

1755 1637 1803 1696 si
1833 1637 2286 1717 estindignuS,
2348 1644 2589 1700 certum
2635 1645 2729 1703 est
2772 1643 2977 1720 ipsum
3027 1662 3290 1721 peccare
3377 1657 3608 1698 restituem-

1753 1730 2021 1808 petendo
2051 1730 2113 1790 id
2143 1731 2225 1791 ad
2255 1731 2421 1810 quod
2451 1733 2766 1793 sufficiens
2797 1752 2917 1794 non
2951 1739 3045 1796 est
3066 1782 3082 1811 ‚
3117 1743 3179 1797 et
3203 1742 3290 1798 te-

1752 1822 1888 1882 neri
1932 1823 2258 1884 restituere
2291 1825 2585 1885 Ecclesiae
2612 1825 2712 1885 vel
2744 1827 3178 1889 communitati
3207 1830 3288 1890 ob

1752 1914 1984 1975 damna
2014 1916 2222 1976 omnia
2249 1935 2388 1996 quae
2418 1936 2493 1977 ex
2522 1918 2618 1978 sui
2636 1918 2942 1980 electione
2964 1940 3149 1999 passa
3171 1925 3286 1998 est,

1752 2010 1814 2067 et
1840 2008 2203 2068 renuntiare
2260 2009 2564 2072 beneficio
2621 2012 2721 2071 cui
2761 2012 3122 2073 satisfacere
3163 2033 3287 2075 non

1750 2102 1956 2177 potest
1979 2145 1994 2175 ,
2055 2101 2313 2179 insuper
2361 2101 2421 2162 in
2466 2103 2538 2162 iis
2568 2104 2814 2164 casibus
2845 2104 2906 2165 in
2940 2105 3171 2184 quibus
3196 2107 3288 2165 di-

1751 2211 1912 2270 gnus
1942 2192 2217 2255 habebat
2237 2193 2340 2273 jus
2364 2195 2694 2273 exjustitia
2724 2198 3174 2259 commutativa
3207 2198 3286 2259 ad

1750 2283 2126 2344 beneficium
2152 2286 2306 2345 illud
2339 2286 2749 2347 obtinendum
2771 2335 2786 2365 ,
2823 2294 2884 2349 et
2914 2307 3058 2348 eum
3093 2290 3290 2368 impe-

1753 2376 1949 2453 divit,
2004 2382 2254 2438 tenetur
2280 2380 2338 2438 ei
2365 2380 2695 2440 restituere
2722 2398 2836 2460 pro
2867 2381 3100 2443 damno
3132 2381 3291 2461 inju-

1752 2472 1844 2529 ste
1877 2468 2079 2546 illato,
2113 2489 2259 2530 cum
2288 2471 2524 2550 absque
2557 2473 2681 2532 ullo
2705 2472 2848 2551 jure
2880 2492 2944 2533 se
2977 2474 3064 2533 illi
3095 2492 3291 2553 oppo-

1754 2561 1968 2638 suerit,
2003 2567 2066 2623 et
2093 2563 2468 2624 beneficium
2498 2564 2749 2643 petierit
2793 2566 2962 2644 quod
3001 2567 3121 2627 sibi
3142 2568 3289 2647 jure

1754 2655 2020 2715 conferri
2053 2674 2176 2715 non
2221 2660 2488 2734 poterat,
2523 2660 2709 2736 atque
2740 2657 2880 2719 ideo
2912 2666 3288 2737 cooperatus

1751 2747 1832 2808 sit
1860 2748 1939 2807 ad
1958 2747 2040 2824 id,
2062 2748 2230 2827 quod
2250 2749 2550 2810 electores
2581 2768 2703 2810 non
2724 2755 3017 2830 poterant
3039 2751 3172 2813 sine
3200 2752 3289 2813 in-

1751 2838 1989 2918 iustitia
2014 2845 2334 2918 praestare.

1834 2932 2179 2995 Difficultas
2227 2940 2322 2995 est
2349 2935 2426 2995 de
2465 2934 2656 3014 digno
2705 2937 2812 3016 qui
2842 2955 2985 2997 cum
3015 2937 3288 3016 digniori
3435 2963 3514 3022 33

1755 3026 2089 3087 concurrit.
2136 3030 2222 3087 De
2255 3045 2376 3107 quo
2412 3029 2613 3108 primo
2644 3029 2982 3109 quaeritur,
3034 3049 3114 3091 an
3146 3050 3287 3109 pec-
3364 3087 3444 3131 D„
3554 3099 3608 3128 m

1756 3123 1856 3180 cet
1882 3120 2202 3199 graviter?
2233 3123 2545 3202 Secundo,
2581 3142 2656 3183 an
2683 3127 2971 3185 teneatur
3000 3126 3080 3185 ad
3110 3126 3288 3190 resti·
3351 3100 3616 3206 μ’ἑίιὲῗῖςω-

1753 3213 2106 3275 tutionem?
2157 3220 2220 3277 et
2273 3216 2440 3277 circa
2491 3218 2764 3297 primum
2813 3238 2890 3278 nc
2929 3223 3290 3297 repetamus
3338 3203 3637 3291 ‘ssffdff'gffi‘

1755 3308 2041 3385 superius
2061 3308 2250 3385 dicta,
2284 3312 2717 3389 supponimuS,
2751 3312 2918 3391 quod
2940 3313 3003 3371 in
3033 3313 3106 3373 iis
3136 3312 3289 3373 casi-
3339 3302 3638 3399 ᾟξᾚζζωζζ

1755 3400 1872 3459 bus
1904 3400 1963 3458 in
1997 3400 2223 3478 quibus
2279 3402 2513 3463 elector
2566 3422 2691 3465 non
2748 3408 2970 3483 peccat
2998 3405 3289 3484 eligendo

1756 3492 1963 3552 minus
1996 3493 2255 3571 dignum
2287 3496 2516 3556 omisso
2550 3496 2862 3575 digniori,
2915 3515 3043 3558 non
3074 3516 3294 3576 pecca·

1760 3585 1852 3645 bit
1881 3585 2068 3645 etiam
2097 3586 2306 3646 minus
2335 3587 2563 3666 dignus
2593 3594 2812 3666 petens
2855 3594 2923 3650 ut
2962 3590 3147 3651 detur
3175 3590 3294 3651 sibi

1760 3677 2158 3755 beneficium,
2190 3679 2533 3741 dummodo
2557 3681 2618 3740 id
2646 3680 2778 3740 sine
2808 3682 2869 3741 vi
2891 3687 2951 3742 et
2972 3682 3297 3743 fraudibus

1763 3770 1949 3832 faciat
1981 3789 1995 3835 :
2038 3772 2184 3851 quia
2214 3777 2361 3834 tunc
2390 3775 2545 3853 petit
2574 3774 2634 3834 id
2665 3774 2833 3853 quod
2867 3775 3097 3835 elector
3130 3775 3296 3835 licite

1762 3868 1968 3943 potest
1998 3865 2224 3926 facere.
2287 3867 2548 3939 Quando
2593 3871 2807 3927 autem
2860 3885 2973 3944 per
3011 3868 3136 3926 vim
3185 3872 3298 3929 aut

1763 3956 2049 4016 fraudem
2108 3958 2443 4036 impediret
2483 3959 2872 4037 digniorem,
2934 3963 3173 4020 certum
3204 3963 3299 4020 est

1765 4050 1933 4129 quod
1961 4055 2183 4129 peccat
2231 4056 2448 4112 contra
2469 4050 2778 4130 justitiam
2806 4098 2820 4128 ,
2876 4056 2938 4112 et
2966 4056 3214 4112 tenetur
3241 4051 3296 4111 ei

1765 4143 2091 4204 restituere
2133 4144 2312 4223 juxta
2343 4145 2760 4224 quantitatem
2808 4144 2937 4224 spei
2991 4164 3181 4224 quam
3213 4145 3303 4204 di-

1764 4237 1947 4316 gnior
1998 4237 2275 4299 habebat
2323 4238 2401 4298 (lc
2441 4238 2778 4299 obtinendo
2824 4238 3152 4299 beneficio.
3212 4241 3300 4299 De

1766 4330 1885 4390 hoc
1914 4334 2123 4391 tamen
2155 4331 2423 4391 diximus
2453 4351 2591 4412 sup.
2628 4331 2787 4410 disp.
2832 4348 3014 4407 xvm,
3049 4336 3199 4392 sect.
3235 4336 3297 4392 5.

1765 4424 2010 4501 agendo
2067 4424 2147 4485 de
2203 4442 2274 4485 eo
2326 4424 2431 4503 qui
2484 4424 2712 4504 injuste
2743 4424 3007 4503 impedit
3033 4425 3228 4485 alium
3261 4445 3301 4484 a

1837 1358 1945 1418 Ilis
2001 1358 2169 1419 circa
2224 1359 2525 1437 eligentes
2581 1363 2784 1438 dietis,
2845 1364 3146 1442 quaesitur
3197 1383 3289 1425 se-

1700 4578 1710 4585 ,
1767 4518 2207 4579 consecutione
2262 4517 2528 4599 alicujus
2583 4518 2756 4579 boni.
2821 4519 3091 4591 Quaestio
3151 4537 3301 4596 ergo

1769 4629 2045 4690 praesens
2075 4615 2172 4671 est
2201 4610 2259 4670 in
2291 4611 2408 4670 illis
2429 4611 2699 4687 casibuS,
2735 4610 2798 4670 in
2821 4611 3047 4690 quibus
3073 4612 3306 4671 elector

1768 4723 1891 4764 non
1925 4707 2171 4782 poterat
2198 4703 2364 4764 licite
2392 4704 2680 4764 omittere
2710 4703 3083 4782 digniorem.

1847 4797 2021 4859 Multi
2050 4797 2288 4872 dicunt,
2320 4796 2584 4875 dignum
2614 4814 2737 4856 non
2778 4814 3042 4875 peccare
3061 4796 3305 4858 etiamsi

1770 4889 1829 4949 id
1864 4892 2072 4968 petat,
2125 4889 2378 4968 quando
2410 4908 2522 4967 per
2549 4907 2922 4949 concursum
2953 4888 3142 4950 debet
3169 4889 3305 4949 lieri

1770 4982 2028 5054 electio;
2071 4983 2154 5042 ita
2194 4981 2387 5060 Cajet.
2422 4984 2678 5044 Covarr.
2732 4982 2915 5042 Azor.
2971 4985 3033 5041 et
3059 4981 3308 5043 Lessius

1772 5095 1944 5137 num.
1979 5078 2077 5136 70.
2127 5092 2284 5154 quos
2314 5076 2496 5136 affert
2521 5077 2735 5135 Castro
2770 5074 2955 5134 Palao
2988 5074 3049 5134 d.
3082 5079 3301 5153 punct.

1770 5185 1855 5230 x1.
1906 5170 1961 5247 ἓ.
1996 5171 2055 5228 5.
2110 5187 2282 5228 num.
2321 5170 2374 5228 1.
2428 5169 2663 5247 Vasqu.
2698 5166 2759 5226 d.
2793 5168 2849 5246 ξ.
2887 5183 2980 5228 111.
3015 5167 3167 5228 dub.
3208 5170 3301 5229 18.

1773 5261 1920 5341 quia
1949 5279 2072 5321 non
2100 5261 2373 5340 pertinet
2399 5260 2479 5320 ad
2509 5260 2713 5339 ipsum
2735 5259 2977 5336 electi0,
3012 5279 3127 5321 nec
3140 5260 3308 5340 judi-

1772 5357 1938 5416 cium
1960 5355 2037 5415 de
2058 5354 2318 5429 meritiS,
2352 5354 2462 5414 sed
2493 5354 2573 5413 ad
2590 5354 2911 5429 electores,
2948 5353 3078 5432 ipse
3100 5358 3309 5414 autem

1764 5449 1907 5528 jure
1937 5465 2048 5508 suo
2079 5447 2303 5523 utitur,
2337 5450 2407 5508 ιιι
2432 5451 2704 5526 exponat
2729 5466 2794 5508 se
2817 5445 3054 5529 judicio
3084 5446 3314 5511 electo-

1776 5560 1936 5602 rum.
