4263 6376
1202 286 1671 348 DISPUTATlo
1714 286 1958 362 XXVH,
2008 287 2282 349 SECTIO
2326 287 2455 349 vll.

247 461 482 538 haeredi,
515 482 589 523 ac
619 464 667 524 si
697 465 949 525 omnino
979 464 1343 544 periissent,
1376 468 1439 525 et
1467 463 1754 544 periisset
1784 538 1791 545 ,

247 556 418 615 etiam
446 572 670 616 census
698 557 904 636 quoad
931 557 1067 618 illas
1088 562 1295 636 partes
1329 577 1342 617 ε
1378 576 1571 637 quare
1595 575 1752 617 sem-

246 666 348 726 per
370 653 579 708 manet
603 668 819 710 verum
839 697 854 726 ,
910 652 1079 730 quod
1109 650 1337 727 singuli
1366 650 1638 710 debeant
1666 649 1752 709 of·

246 742 392 800 ferre
436 742 749 820 integrum
795 744 1065 823 pretium
1122 763 1368 820 census,
1428 743 1536 822 qui
1584 742 1751 820 apud

246 833 399 911 ipsos
425 841 804 913 perseverat.
840 837 948 898 His
976 837 1336 916 suppositiS,

318 927 588 988 Dubitari
619 933 824 1007 potest
851 934 1072 1009 quarto
1092 977 1107 1007 ,
1152 950 1230 992 an
1274 929 1526 1010 quando
1555 946 1752 1007 appo-

247 1019 400 1078 nitur
425 1037 713 1098 expresse
743 1028 1030 1101 pactum,
1079 1028 1148 1085 ut
1177 1041 1299 1084 non
1328 1023 1513 1083 liceat
1538 1022 1751 1082 vendi-

245 1112 351 1171 tori
376 1131 485 1191 per
510 1119 722 1192 partes
751 1116 1083 1193 redimere,
1117 1115 1478 1194 augendum
1507 1115 1586 1177 sit
1612 1133 1752 1194 pre·

177 1204 383 1263 -tium
409 1208 682 1268 census?
731 1212 976 1287 Negant
1020 1209 1231 1288 plures
1268 1227 1425 1288 quos
1471 1209 1662 1269 refert
1690 1212 1753 1271 et

177 1286 197 1314 ¹·
242 1296 503 1376 sequitur
532 1300 709 1361 Salas
739 1301 843 1361 ubi
874 1322 1011 1381 sup.
1057 1321 1229 1363 num.
1262 1307 1321 1363 7.
1368 1304 1500 1381 Ego
1531 1302 1748 1363 distin-

237 1389 538 1467 guendum
577 1398 733 1471 puto
771 1413 784 1455 :
819 1414 964 1455 nam
994 1395 1093 1455 vel
1122 1396 1363 1456 secluso
1404 1400 1586 1474 pacto
1618 1395 1742 1471 illo,

237 1486 422 1561 potest
447 1486 739 1547 venditor
783 1506 894 1566 per
920 1493 1129 1567 partes
1157 1488 1465 1548 redimere
1494 1491 1750 1567 propter

235 1574 419 1653 legem
453 1582 563 1638 aut
580 1580 1100 1641 consuetudinem
1128 1581 1497 1660 legitimam,
1531 1599 1656 1660 qua
1683 1581 1746 1640 id

237 1667 537 1730 inductum
565 1670 669 1747 sit,
703 1672 803 1732 vel
829 1673 895 1733 id
930 1692 1055 1733 non
1082 1674 1331 1753 potest?
1370 1676 1438 1734 ln
1470 1673 1745 1734 secundo

235 1779 397 1836 casu,
438 1766 681 1823 certum
711 1765 959 1827 videtur
1002 1767 1166 1846 quod
1218 1767 1530 1845 expressio
1580 1767 1745 1827 illius

234 1853 379 1931 pacti
431 1873 554 1915 non
610 1856 849 1936 obliget
893 1858 972 1918 ad
1028 1860 1301 1938 pretium
1355 1860 1738 1938 augendum,

234 1964 360 2006 cum
397 1966 518 2008 non
547 1948 746 2010 addat
772 1969 1114 2029 gravamen
1143 1952 1452 2014 venditori
1478 1999 1494 2029 ,
1547 1954 1738 2032 quod,

234 2038 448 2101 secluso
477 2057 551 2100 eo
573 2047 783 2119 pacto,
819 2061 942 2103 non
970 2044 1220 2120 inesset,
1255 2049 1317 2105 et
1343 2046 1404 2105 in
1436 2063 1512 2105 eo
1539 2045 1742 2106 solum

233 2149 362 2192 casu
408 2132 685 2212 loquitur
730 2135 996 2214 Melina,
1051 2156 1238 2217 quem
1286 2138 1462 2198 Salas
1516 2157 1629 2216 pro
1676 2158 1740 2201 se

233 2224 409 2286 affert.

300 2318 527 2379 Slvere
563 2319 813 2382 secluso
852 2340 925 2383 eo
965 2327 1181 2401 pactu,
1213 2324 1503 2386 venditor
1530 2331 1743 2405 posset

230 2426 326 2488 per
351 2414 551 2488 partes
582 2412 896 2474 redimere
918 2460 933 2491 ,
986 2416 1133 2494 quia
1161 2434 1236 2477 ea
1262 2416 1524 2479 facultas
1550 2420 1739 2481 tacite

232 2502 574 2581 intelligitur
612 2504 681 2565 in
711 2505 849 2566 aliis
878 2508 1205 2584 censibuS‚
1252 2509 1371 2570 nisi
1408 2511 1739 2589 prohibea-

229 2599 351 2667 tur;
381 2594 721 2657 dicendum
749 2597 996 2660 videtur
1019 2646 1035 2676 ,
1087 2602 1357 2679 pretium
1387 2604 1601 2683 augeri
1632 2606 1738 2665 de-

227 2686 356 2746 here
398 2707 585 2766 supra
621 2690 936 2769 pretium,
997 2711 1121 2772 quo
1172 2696 1590 2771 coimnuniter
1632 2699 1736 2759 alii

228 2798 425 2841 census
468 2799 613 2843 cum
643 2783 941 2846 facultate
971 2788 1321 2851 redimendi
1366 2808 1480 2868 per
1524 2796 1735 2870 partes

226 2875 575 2936 venduntur.
619 2877 803 2949 Quod
831 2879 1081 2941 videtur
1124 2900 1476 2960 supponere
1504 2885 1737 2946 Melina

224 2965 344 3026 loco
370 2986 503 3047 sup.
537 2969 644 3030 cit.
682 2969 833 3029 dum
863 2971 988 3048 ait,
1021 2974 1292 3051 pretium
1321 2977 1732 3038 minuendum

225 3078 364 3135 esse,
396 3062 648 3140 quando
684 3068 939 3140 pactum
959 3068 1320 3145 apponitur,
1355 3073 1425 3131 ut
1444 3070 1734 3132 venditor

223 3153 396 3231 possit
437 3172 551 3234 per
595 3161 810 3234 partes
866 3158 1225 3221 redimere:
1286 3162 1435 3242 quia
1472 3162 1594 3225 hoc
1638 3168 1733 3226 est

222 3264 538 3322 gravamen
583 3251 922 3329 emptoriS‚
984 3271 1179 3331 quare
1225 3254 1432 3316 minus
1460 3258 1729 3335 pretium

222 3339 386 3400 debet
424 3341 669 3402 solvere
718 3361 908 3422 quam
938 3344 1043 3404 alii
1074 3351 1354 3411 ementes
1382 3350 1730 3410 communi-

221 3435 303 3489 ter
326 3450 538 3494 census
568 3434 812 3514 absque
845 3435 1158 3515 ejusmodi
1186 3439 1479 3501 facultate
1510 3443 1730 3503 vendi-

220 3525 322 3582 tori
336 3543 623 3587 concessa
656 3547 671 3587 ε
707 3546 856 3606 ergo
885 3547 924 3589 a
951 3530 1157 3606 simili,
1192 3531 1243 3591 si
1266 3533 1532 3610 pretium
1562 3553 1727 3595 com-

194 3635 385 3684 ,mune
437 3620 711 3681 aliorum
763 3639 1065 3683 censuum
1115 3623 1194 3685 sit
1242 3628 1723 3703 quatuordecim

216 3724 312 3786 pro
338 3729 477 3787 une,
511 3718 572 3773 et
599 3714 668 3773 in
698 3714 773 3773 iis
794 3715 1082 3776 venditor
1100 3716 1367 3779 retineat
1386 3719 1502 3780 sibi
1523 3723 1723 3783 facul-

216 3807 385 3863 tatem
412 3805 768 3867 redimendi
797 3827 910 3886 per
936 3814 1144 3888 partes
1168 3830 1184 3883 ;
1219 3810 1421 3890 majus
1451 3816 1721 3892 pretium

215 3894 351 3955 solvi
383 3896 606 3975 debet,
673 3900 925 3978 quando
974 3919 1050 3963 ea
1098 3902 1362 3964 facultas
1414 3906 1722 3970 venditori

215 4005 321 4048 non
348 3990 746 4069 conceditur,
798 4010 940 4053 cum
983 3993 1102 4055 hoc
1130 3995 1211 4057 sit
1236 4013 1470 4059 novum
1495 4018 1721 4077 grava-

214 4098 336 4141 men
361 4084 727 4146 venditoris

280 4175 339 4235 Si
363 4195 506 4238 vero
537 4178 818 4256 pretium
847 4197 1070 4239 census
1099 4181 1179 4242 sit
1221 4183 1360 4260 lege
1407 4189 1713 4265 taxatum,

211 4271 284 4343 ut,
312 4288 368 4330 v.
393 4290 451 4346 g.
478 4289 603 4331 non
626 4271 711 4332 sit
732 4271 936 4332 minus
965 4291 1155 4351 quam
1182 4274 1402 4352 viginti
1428 4296 1539 4356 pro
1565 4299 1713 4358 une,

210 4365 261 4420 et
283 4379 493 4424 census
521 4364 946 4426 communiter
973 4365 1098 4427 sint
1124 4385 1267 4428 cum
1295 4368 1591 4432 facultate
1622 4391 1715 4433 re·

207 4451 455 4515 dimendi
483 4475 601 4535 per
629 4460 842 4535 partes
864 4502 880 4534 ,
916 4460 1112 4538 quaeri
1139 4465 1373 4538 potest,
1405 4481 1486 4523 an
1523 4464 1576 4524 si
1602 4484 1715 4545 ap-

206 4554 448 4622 ponatur
491 4554 752 4629 pactum
794 4569 919 4611 non
945 4552 1299 4613 redimendi
1336 4573 1450 4634 per
1476 4564 1707 4635 parteS‚

204 4640 308 4698 emi
331 4643 519 4719 possit
546 4661 777 4704 census
806 4643 1029 4703 eodem
1059 4644 1260 4723 pretio
1292 4646 1429 4725 lege
1459 4653 1714 4713 taxato?

202 4731 462 4796 Affirmat
488 4736 673 4797 Salas
699 4735 835 4796 loco
867 4737 969 4798 cit.
1018 4739 1168 4817 quia
1202 4740 1475 4801 triticum
1503 4789 1519 4818 ‚
1565 4743 1712 4807 licet

201 4823 268 4883 sit
289 4828 533 4901 melius,
584 4846 713 4889 non
765 4828 902 4890 ideo
934 4831 1115 4890 vendi
1147 4835 1352 4910 potest
1377 4835 1580 4895 carius
1606 4856 1710 4897 su-

199 4933 297 4992 pra
322 4921 585 4995 pretium
612 4921 755 4998 lege
784 4927 1093 4994 taxatu1n;
1130 4925 1362 4986 taxatio
1384 4928 1550 4987 enim
1571 4949 1708 5008 pre-

199 5008 258 5066 tii
281 5013 750 5092 comprehendit
777 5033 1016 5075 merces
1047 5016 1338 5079 meliores
1360 5064 1377 5094 ,
1412 5024 1475 5081 et
1498 5022 1706 5082 minus

198 5097 371 5163 bonas
397 5106 557 5166 intra
584 5107 757 5168 idem
785 5126 1018 5185 genus:
1071 5128 1222 5187 ergo
1268 5109 1414 5172 licet
1450 5119 1705 5191 pactum

199 5192 327 5257 illud
375 5197 560 5259 faeiat
613 5218 873 5260 censum
928 5201 1252 5262 meliorem
1302 5222 1493 5283 quam
1523 5206 1699 5285 alios,

198 5303 305 5346 non
330 5288 464 5351 ideo
495 5292 688 5354 debet
733 5294 950 5372 augeri
998 5296 1268 5372 pretium
1309 5315 1500 5376 supra
1529 5303 1704 5361 taxa-

196 5381 331 5441 tum.

265 5473 345 5533 Ex
370 5475 547 5538 dietis
574 5483 785 5540 tamen
829 5480 988 5560 disp.
1022 5482 1293 5559 praeeed.
1328 5487 1478 5545 sect.
1516 5502 1576 5548 v.
1610 5503 1703 5547 re-

3271 288 3384 343 377

1855 464 2292 542 spondendum
2319 465 2568 527 videtur
2596 461 3059 542 distinguendo.
3107 463 3262 522 Nam
3292 464 3388 522 ta·

1852 558 2020 619 xatio
2047 558 2232 638 pretii
2260 558 2395 618 fieri
2421 562 2625 638 potest
2644 558 2742 618 vel
2769 557 2832 618 in
2852 555 3121 635 gratiam
3144 559 3385 633 empto-

1853 650 1938 710 ris
1960 696 1975 727 ‚
2011 651 2109 711 vel
2139 651 2200 710 in
2229 652 2497 729 gratiam
2525 650 2887 712 venditoris,
2951 646 3015 710 Si
3043 650 3153 709 fiat
3180 647 3381 727 primo

1853 743 2041 804 modo
2061 791 2076 819 ,
2129 749 2199 804 ut
2225 745 2296 805 fit
2322 743 2382 803 in
2411 745 2615 805 tritico
2639 790 2655 819 ,
2708 763 2785 803 ne
2815 743 3019 803 carius
3047 741 3376 816 vendatur,

1855 836 2122 897 diximus
2147 883 2162 912 ,
2209 837 2272 897 id
2305 835 2566 915 intelligi
2594 837 2672 896 de
2704 835 2902 898 tritico
2960 833 3267 914 quodnon
3296 833 3378 894 sit

1850 929 2211 991 notabiliter
2239 929 2462 991 melius
2490 947 2679 1009 quam
2709 947 2892 990 omne
2914 927 3187 989 triticum
3210 926 3378 1006 quod

1851 1022 2267 1084 communiter
2291 1022 2602 1098 venditur,
2635 1023 2689 1083 si
2728 1022 2894 1081 enim
2930 1020 3114 1098 longe
3144 1018 3379 1097 perfee-

1847 1114 2017 1177 tione
2044 1116 2326 1192 excedat,
2358 1116 2548 1176 vendi
2575 1120 2785 1194 posset
2812 1132 2955 1175 cum
2974 1111 3377 1191 proportione

1850 1208 2058 1270 debita
2089 1209 2311 1269 rariori
2335 1209 2557 1287 pretio.
2611 1207 2677 1269 Si
2705 1225 2852 1268 vero
2881 1205 3113 1268 taxatio
3146 1206 3253 1265 fiat
3280 1221 3379 1263 se-

1849 1302 2055 1363 cundo
2100 1301 2288 1363 modo
2331 1301 2690 1380 ingratiam
2718 1299 3094 1373 venditoriS,
3142 1302 3210 1358 ut
3251 1314 3374 1356 non

1847 1395 2028 1455 vilius
2058 1400 2339 1472 ematur,
2391 1400 2575 1473 prout
2621 1393 2927 1472 contingit
2953 1392 3016 1451 in
3047 1391 3371 1462 censibus;

1847 1491 2305 1568 consequenter
2333 1487 2667 1548 dicendum
2694 1487 2964 1561 videtur,
2996 1483 3375 1545 taxationem

1846 1580 2105 1659 intelligi
2150 1580 2226 1641 de
2262 1580 2551 1641 censibus
2581 1578 3053 1651 communibus;
3112 1577 3163 1637 si
3209 1574 3377 1635 enim
3439 1646 3442 1649 ¹

1846 1677 2011 1735 esset
2054 1674 2280 1753 aliquis
2326 1692 2549 1735 census
2578 1672 2888 1734 decedens
2916 1672 3102 1750 longe
3131 1669 3376 1748 perfec-

1843 1766 2035 1844 tione,
2082 1771 2146 1829 et
2187 1766 2400 1828 valore
2440 1766 2519 1827 ab
2545 1766 2836 1826 omnibus
2864 1764 2999 1824 aliis
3027 1762 3376 1824 communi-

1843 1858 1961 1920 bus
1990 1860 2308 1936 censibuS,
2341 1864 2550 1937 posset
2577 1858 2761 1919 vilius
2790 1858 2912 1917 emi
2942 1874 3085 1917 cum
3113 1874 3374 1935 propor-

1843 1954 2013 2015 tione
2052 1952 2263 2013 dehita
2293 1951 2372 2012 ad
2402 1952 2673 2030 pretium
2702 1954 3016 2025 taxatum,
3067 1956 3129 2009 et
3158 1947 3236 2008 ad
3269 1948 3373 2008 de·-

1841 2046 2074 2107 fectum
2094 2064 2340 2129 census,
2363 2044 2818 2106 contrariorum
2836 2043 3002 2103 enim
3031 2042 3252 2102 eadem
3281 2047 3374 2103 est

1842 2140 2032 2212 ratio;
2093 2156 2288 2218 quare
2318 2137 2480 2198 sicut
2507 2137 2776 2216 pretium
2805 2140 3085 2198 taxatum
3133 2135 3196 2195 in
3227 2154 3371 2214 gra-

1840 2232 1993 2293 tiam
2058 2231 2357 2310 emptoris
2419 2248 2544 2291 non
2600 2230 3080 2309 comprehendit
3131 2248 3372 2289 merces

1838 2326 2023 2404 longe
2065 2323 2438 2385 excedentes
2483 2324 2898 2403 perfectione3
2959 2322 3047 2383 ita
3101 2322 3370 2400 pretium

1838 2421 2119 2479 taxatum
2146 2417 2210 2477 in
2239 2416 2504 2494 gratiam
2531 2416 2873 2477 venditoris
2903 2434 3023 2475 non
3056 2416 3243 2475 debet
3278 2414 3368 2475 in-

1834 2510 2028 2590 telligi
2084 2511 2162 2569 de
2217 2510 2531 2570 mercibus
2586 2511 2771 2587 longe
2827 2507 3276 2569 decedentibus
3331 2526 3368 2568 a

1837 2603 2151 2665 communi
2183 2603 2564 2682 perfectione
2587 2607 2651 2663 et
2669 2601 2882 2663 valore
2910 2601 3175 2661 aliarum
3203 2618 3368 2662 com-

1835 2696 2120 2756 munium
2148 2694 2474 2756 mercium.

1915 2789 2072 2850 Hine
2118 2807 2268 2867 ergo
2322 2789 2403 2848 ad
2447 2806 2663 2849 casum
2705 2792 2986 2849 nostrum
3028 2785 3365 2847 dicendum

1834 2887 1948 2959 est,
1980 2882 2028 2943 si
2060 2901 2284 2943 census
2312 2899 2698 2958 commune8‚
2723 2882 2950 2962 quibus
2977 2881 3247 2961 pretium
3274 2884 3364 2943 ta·

1831 2980 2047 3037 xatum
2076 2980 2172 3037 est
2198 2976 2259 3036 in
2290 2975 2557 3053 gratiam
2587 2975 2949 3050 venditoriS‚
2981 2976 3245 3053 possunt
3287 2991 3365 3033 ex

1829 3069 1969 3147 lege
1997 3069 2095 3129 vel
2125 3068 2575 3130 consuetudine
2602 3068 2825 3128 redimi
2843 3086 2955 3146 per
2966 3072 3194 3146 parteS,
3215 3071 3362 3127 tunc

1830 3181 2054 3224 census
2096 3162 2201 3243 qui
2249 3181 2322 3223 ex
2359 3165 2542 3242 pacto
2591 3179 2714 3222 non
2761 3164 2972 3240 posset
3011 3178 3124 3240 per
3152 3163 3362 3238 partes

1828 3255 2089 3332 redimi,
2122 3255 2263 3335 plus
2289 3254 2565 3332 valeret,
2599 3259 2662 3316 et
2689 3254 2829 3315 ideo
2860 3254 3120 3316 deberet
3142 3253 3359 3331 augeri

1829 3349 1964 3428 ejus
2001 3349 2294 3429 pretium,
2338 3366 2539 3427 neque
2564 3348 2627 3408 in
2657 3347 2777 3409 hoc
2805 3346 3154 3426 quidquam
3182 3347 3362 3408 fieret

1828 3447 2046 3503 contra
2072 3442 2455 3503 taxationem
2476 3439 2679 3519 pretii,
2713 3458 2856 3500 cum
2884 3458 2960 3500 ea
2989 3457 3113 3500 non
3145 3438 3361 3518 prohi-

1826 3534 1973 3596 beat
1992 3535 2265 3614 pretium
2294 3532 2534 3611 augeri,
2563 3533 2674 3593 sed
2703 3532 2987 3593 diminui.
3050 3532 3113 3594 Si
3143 3550 3293 3593 vero
3323 3550 3359 3591 e

1827 3634 2046 3689 contra
2075 3646 2301 3689 census
2343 3643 2748 3702 communes,
2805 3625 3030 3703 quibus
3084 3625 3357 3703 pretium

1820 3726 2102 3784 taxatum
2148 3724 2476 3795 censetur,
2538 3736 2659 3778 non
2709 3718 2947 3796 possint
2991 3735 3106 3796 per
3150 3721 3357 3796 partes

1822 3815 2048 3875 redimi
2075 3813 2192 3873 nisi
2225 3812 2286 3872 id
2316 3811 2729 3890 exprimatur;
2781 3813 2931 3870 tunc
2960 3828 3184 3870 census
3211 3827 3356 3868 cum

1823 3926 1896 3969 eo
1926 3910 2108 3987 pacto
2140 3905 2451 3982 vendituS,
2486 3908 2556 3966 ut
2581 3908 2791 3981 posset
2815 3921 2930 3981 per
2957 3906 3166 3980 partes
3193 3902 3354 3962 redi-

1820 4002 1928 4073 mi,
1959 4001 2167 4060 minus
2194 3998 2433 4059 valeret
2458 4001 2521 4058 et
2547 3998 2999 4075 consequenter
3028 3999 3237 4074 posset
3261 3994 3355 4055 vi-

1818 4092 1957 4153 liori
1990 4092 2188 4170 pretio
2219 4089 2340 4150 emi
2370 4089 2534 4149 iufra
2561 4088 2943 4149 taxationem
2963 4134 2978 4163 ‚
3030 4088 3082 4148 si
3127 4105 3355 4165 grava-

1820 4204 1963 4246 men
1989 4185 2143 4245 illud
2165 4183 2459 4244 redderet
2475 4183 2536 4241 in
2553 4182 2933 4260 prudentum
2947 4180 3182 4260 judicio
3206 4199 3354 4241 cen-

1820 4298 1958 4340 sum
1983 4278 2174 4356 longe
2204 4275 2613 4337 decedentem
2641 4292 2680 4334 a
2708 4275 3025 4334 communi
3072 4274 3350 4335 bonitate

1817 4373 2082 4433 aliorum
2099 4387 2422 4430 censuum.
2458 4370 2672 4429 Posset
2702 4367 2931 4445 quippe
2962 4368 3346 4444 contingere,

1818 4470 1879 4527 et
1905 4467 2266 4544 frequenter
2292 4462 2354 4521 id
2383 4463 2600 4538 fiet‚ut
2626 4479 2752 4521 non
2780 4461 2860 4521 sit
2885 4461 3070 4538 longe
3104 4460 3352 4521 inferio-

1815 4559 1901 4619 ris
1929 4557 2160 4618 valoris
2191 4573 2413 4615 census
2443 4573 2516 4613 ex
2546 4572 2620 4614 eo
2661 4554 2828 4632 quod
2859 4572 2970 4633 per
3000 4557 3207 4631 partes
3238 4571 3352 4614 no-

1815 4650 2036 4713 tabiles
2054 4695 2070 4726 ,
2104 4654 2174 4709 ut
2200 4666 2314 4728 per
2342 4645 2669 4707 dimidiam
2698 4646 2797 4705 vel
2824 4646 3076 4706 tertiam
3104 4650 3348 4724 partem

1815 4747 2027 4823 posset
2053 4739 2279 4802 redimi
2315 4760 2328 4801 :
2381 4757 2572 4818 quare
2605 4739 2766 4799 sicut
2792 4739 3067 4800 triticum
3095 4738 3342 4815 melius,

1812 4837 1922 4897 sed
1954 4854 2078 4896 non
2110 4831 2417 4893 excedens
2462 4831 2647 4908 longe
2695 4830 3037 4893 bonitatem
3067 4848 3349 4891 commu-

1813 4930 1907 4989 nis
1937 4927 2146 5002 tritici,
2182 4945 2303 4986 non
2332 4928 2536 5003 potest
2562 4942 2750 5003 supra
2781 4925 3051 5003 pretium
3077 4923 3216 5001 lege
3248 4927 3342 4984 ta-

1809 5026 2025 5083 xatum
2052 5020 2269 5090 vendi3
2322 5019 2408 5078 sic
2453 5036 2567 5078 nec
2615 5035 2837 5077 census
2877 5015 3182 5089 deterior,
3234 5014 3342 5074 sed

1810 5133 1933 5175 non
1964 5114 2150 5191 longe
2172 5112 2483 5172 decedens
2503 5109 2833 5169 abonitate
2859 5108 3175 5168 communi
3197 5107 3342 5167 alio·

1807 5226 1947 5268 rum
1977 5223 2310 5280 censuum,
2344 5203 2573 5283 poterit
2599 5201 2801 5261 viliori
2831 5201 3030 5278 pretio
3061 5200 3220 5260 infra
3250 5204 3346 5262 ta-

1806 5299 2188 5376 xat11n1·lege
2219 5297 2362 5357 emi.

1885 5397 1981 5454 An
2028 5410 2177 5452 vero
2233 5388 2447 5468 pensio
2493 5406 2715 5448 census
2760 5387 2956 5465 possit
3000 5386 3189 5447 etiam
3230 5406 3345 5466 per

1804 5489 2014 5564 partes
2041 5483 2235 5558 solvi,
2268 5487 2332 5542 et
2357 5479 2631 5542 creditor
2655 5478 2856 5557 possit
2882 5479 3024 5555 cogi
3054 5478 3135 5539 ad
3167 5498 3344 5540 acee-
