4263 6376
439 535 709 590 Ampsaga

784 332 905 393 (370

710 553 736 564 -
786 530 823 572 a
851 510 983 572 solo
1036 506 1383 579 venditore,
1417 508 1480 566 et
1521 506 1769 581 emptor
1815 502 2094 561 assumat
2148 498 2213 557 in
2249 514 2318 557 se

440 590 549 633 ”²¹¹²
585 586 638 630 ‘¹⁰
641 587 736 679 ¹³⁰9}
786 623 944 665 onus
986 599 1300 662 solvendae
1346 597 1633 677 gabelloe,
1681 599 1831 656 tunc
1879 592 1958 653 ad
2005 591 2315 671 gabellam

439 641 721 708 compuli-iu

438 698 678 794 rrgfigoffi
656 705 735 749 ‘1¹¹⁰

535 4346 649 4406 183

431 4471 702 4568 ..arm

433 4578 555 4621 datur
583 4557 729 4621 licita-

449 4633 531 4674 tori
548 4631 715 4695 augenti

487 4691 682 4740 prelium.

784 695 1148 758 solvendam
1195 710 1318 752 non
1377 690 1580 751 solum
1635 686 2128 764 computandum
2184 701 2319 743 esse

783 788 1076 895 pretium,
1124 784 1291 864 quod
1349 783 1536 844 datur
1587 780 1920 855 venditori,
1970 777 2081 838 sed
2128 777 2318 837 etiam

781 882 985 961 ipsam
1011 877 1344 958 gabellam,
1396 876 1484 936 ita
1521 878 1592 935 ut
1636 873 1690 933 si
1725 870 2038 933 venditori
2090 868 2322 929 dantur

782 974 951 1035 mille
977 972 1197 1046 libera,
1232 974 1296 1030 et
1319 968 1568 1047 gabella
1594 966 1677 1027 sit
1720 964 1964 1025 decima
1991 981 2158 1041 pam,
2193 980 2318 1021 non

1948 321 2051 381 ΠΕ
2090 319 2445 382 JUSTITIA
2492 320 2592 380 ΕΤ
2633 320 2834 381 JURE

2418 496 2554 559 solo
2581 495 2947 557 solvendam
2975 495 3314 575 gabellum,
3363 495 3511 575 quia
3537 494 3645 556 illa
3681 493 3804 555 alia
3848 495 3969 554 mi·

2420 594 2623 651 nuunt
2650 590 2939 668 pretium.
2973 590 3092 650 Alii
3124 591 3343 651 dicunt
3369 609 3445 650 ex
3474 594 3606 651 toto
3634 590 3837 668 pretio
3866 590 3970 648 in·-

2419 687 2596 762 tegro
2641 683 3004 743 solvendam
3045 701 3168 743 non
3212 683 3499 744 deductis
3545 683 3641 759 iis,
3699 700 3842 761 quae
3886 699 3967 742 ex

2419 776 2528 837 tali
2566 780 2750 854 pacto
2805 776 3155 850 solvuntur,
3190 774 3351 836 sicut
3383 794 3510 835 non
3562 775 3970 835 deducuntur

2420 868 2558 929 aliae
2590 886 2900 947 expensae.
2934 870 3026 929 lta
3054 868 3288 929 Molina
3316 887 3459 929 cum
3489 869 3628 929 aliis
3664 887 3823 948 quos
3869 869 3973 928 af-

2418 962 2541 1023 fert
2567 962 2726 1041 disp.
2761 964 2900 1023 679.
2935 980 2999 1022 n.
3028 965 3090 1022 2.
3123 961 3243 1022 nisi
3284 962 3672 1023 consuetudo
3715 966 3973 1023 contra-

783 1064 1051 1127 sufficiat
1102 1064 1344 1124 solvere
1400 1063 1651 1121 centum
1706 1057 1819 1118 sed
1873 1074 2086 1116 rursus
2115 1073 2193 1114 ex
2222 1053 2318 1113 his
2415 1054 2511 1114 ria
2538 1055 2636 1115 sit.

782 1162 1036 1220 centurn
1064 1156 1293 1217 debeat
1319 1152 1476 1214 solvi
1513 1151 1759 1211 decima
1787 1167 1969 1227 pars;
2018 1147 2167 1227 quia
2207 1164 2319 1224 ga-

778 1251 947 1312 bella
975 1250 1110 1328 ipsa
1137 1252 1269 1309 tota
1288 1246 1404 1306 fuit
1431 1264 1576 1323 pars
1596 1242 1800 1322 pretii,
1834 1260 1957 1320 quo
1978 1259 2078 1300 res
2107 1244 2321 1317 empta

781 1348 877 1405 est
901 1344 982 1404 ab
1008 1345 1312 1420 emptore,
1345 1338 1451 1418 qui
1481 1338 1544 1396 in
1591 1339 1833 1414 partem
1875 1333 2054 1412 pretii
2086 1331 2319 1411 promi-

779 1437 862 1499 sit
914 1436 1103 1497 etiam
1157 1432 1533 1493 solutionem
1587 1428 1894 1507 gabellae:
1928 1426 1980 1485 si
2037 1443 2186 1503 ergo
2245 1442 2320 1484 ex

778 1534 910 1592 toto
940 1528 1143 1608 pretio
1172 1525 1363 1585 debet
1405 1522 1559 1584 solvi
1617 1521 1883 1596 decima,
1918 1537 2042 1579 non
2090 1517 2324 1578 sufficit

779 1623 1022 1685 solvere
1065 1636 1139 1680 ex
1180 1619 1356 1679 1000.
1412 1615 1573 1677 datis
1616 1612 1950 1688 venditori,
1998 1611 2107 1671 sed
2157 1610 2323 1670 deci·

778 1732 950 1776 mam
980 1732 1056 1773 ex
1099 1714 1274 1772 1100.
1307 1728 1450 1789 quae
1503 1712 1648 1767 sunt
1694 1704 1964 1783 pretium
2010 1703 2174 1763 illius
2202 1704 2314 1764 rei.

779 1810 868 1869 Ita
899 1805 1133 1867 Molina
1162 1820 1307 1863 cum
1336 1801 1473 1860 aliis
1501 1799 1661 1877 disp.
1686 1801 1825 1859 678.
1847 1816 1908 1857 11.
1942 1802 2000 1857 7.
2036 1798 2321 1875 vasquez

779 1900 843 1962 d.
894 1899 1046 1959 dub.
1092 1912 1178 1957 lx.
1211 1892 1554 1956 Turrianus
1600 1891 1759 1968 disp.
1793 1905 1930 1950 va.
1990 1888 2140 1948 dub.
2178 1905 2316 1950 v111.

778 2011 841 2053 n.
875 1995 935 2054 9.
988 1994 1052 2051 et
1089 1988 1216 2063 alii,
1250 2005 1409 2066 quos
1456 1984 1740 2063 sequitur
1794 1982 2026 2043 Sanch.
2058 1981 2120 2045 d.
2164 1981 2313 2043 dub.

775 2101 897 2146 xm.
930 2102 992 2142 n.
1024 2085 1086 2143 5.

856 2176 1059 2250 Dices,
1092 2172 1228 2233 dari
1258 2188 1621 2251 processum
1651 2169 1712 2228 in
1765 2168 2075 2229 infinitum
2109 2186 2123 2227 ε
2172 2166 2320 2246 quia

777 2270 828 2332 si
864 2286 971 2343 pro
1001 2266 1122 2327 illis
1150 2270 1403 2327 centum
1432 2262 1595 2323 datis
1623 2261 1964 2341 gabellario
1986 2261 2176 2321 debet
2200 2260 2321 2320 sol-

777 2364 843 2426 vi
872 2362 996 2423 alia
1030 2359 1297 2434 decima,
1326 2374 1498 2435 ergo,
1533 2359 1597 2416 et
1622 2373 1735 2434 pro
1762 2354 1879 2416 hac
1908 2353 2154 2414 decima
2209 2353 2320 2413 de-

776 2458 883 2517 bet
923 2453 1076 2515 solvi
1106 2452 1249 2527 alia,
1292 2454 1357 2511 et
1399 2467 1513 2528 pro
1561 2448 1679 2509 hac
1724 2447 1868 2523 alia,
1904 2447 2014 2526 qui
2066 2465 2319 2525 semper

774 2547 1061 2629 procedit
1087 2544 1308 2605 eadem
1334 2542 1518 2618 ratio,
1566 2540 1733 2621 quod
1775 2543 1973 2601 totum
2025 2538 2179 2599 illud
2223 2541 2318 2598 est

776 2660 923 2721 pars
951 2637 1156 2719 pretii,
1189 2636 1253 2698 et
1279 2654 1356 2696 ex
1375 2639 1505 2696 toto
1537 2633 1735 2712 pretio
1758 2633 2022 2693 debetur
2041 2632 2308 2692 decima.

775 2734 875 2796 Ad
903 2733 1024 2794 hoc
1050 2733 1308 2792 Lasarte
1333 2727 1505 2807 apud
1544 2726 1841 2788 Molinam
1883 2725 2138 2804 negavit
2176 2731 2318 2804 post

775 2826 981 2887 soluta
1024 2823 1246 2884 decem
1289 2839 1402 2900 pro
1445 2820 1560 2879 illis
1606 2824 1858 2879 centum
1901 2817 2130 2879 debere
2159 2817 2316 2877 solvi

774 2918 948 2981 aliud
981 2935 1097 2996 pro
1124 2914 1246 2975 illis
1275 2914 1493 2974 decem
1522 2913 1633 2972 sed
1650 2912 1769 2972 hoc
1790 2911 2319 2989 inconsequenter

776 3011 902 3074 dici
928 3009 1157 3090 probat
1182 3007 1351 3068 idem
1378 3005 1609 3068 Molina
1640 3050 1657 3081 ,
1708 3003 1815 3084 qui
1857 3001 2197 3081 respondet
2240 3021 2315 3061 ex

778 3103 1093 3184 aequitate,
1128 3104 1194 3161 et
1217 3119 1336 3160 usu
1371 3098 1572 3158 videri
1619 3116 1741 3158 non
1790 3095 2161 3158 solvendum
2201 3113 2312 3173 pro

774 3198 896 3259 illis
925 3197 1146 3257 decem
1174 3192 1367 3267 aliud,
1401 3191 1688 3272 quamvis
1716 3190 1780 3250 in
1809 3188 2017 3269 rigore
2037 3188 2192 3250 solvi
2215 3187 2319 3248 de-

772 3290 984 3361 heret;
1037 3286 1148 3347 sed
1196 3285 1438 3346 facilius
1487 3283 1923 3363 respondetur,
1960 3301 2085 3343 non
2135 3280 2315 3360 sequi

778 3397 1141 3462 processum
1162 3378 1225 3437 in
1255 3376 1569 3437 infinitum
1603 3395 1615 3436 :
1649 3375 1728 3436 ad
1760 3393 1949 3454 quem
1989 3375 2316 3435 vitandum

776 3480 841 3537 et
890 3471 1258 3536 solvendam
1305 3469 1617 3548 gabellum
1672 3468 2002 3547 aequalem,
2061 3484 2316 3546 compu-

776 3566 1041 3629 tandum
1070 3562 1360 3642 estquod
1392 3562 1580 3623 datur
1624 3560 1955 3637 venditori,
2000 3564 2064 3621 et
2105 3560 2317 3620 danda

776 3663 872 3721 est
897 3657 1239 3738 gabellario
1269 3673 1434 3716 nona
1461 3673 1608 3734 pars
1647 3654 1813 3714 illius
1857 3671 2141 3730 summae,
2175 3671 2315 3732 quae

777 3753 924 3815 data
966 3754 1062 3812 est
1087 3749 1284 3809 libera
1312 3746 1645 3822 venditori,
1676 3747 1751 3822 si,
1783 3765 1843 3807 v.
1877 3764 1939 3824 g.
1979 3745 2126 3806 data
2172 3749 2319 3806 sunt

781 3844 1093 3908 venditori
1121 3844 1262 3904 000.
1295 3841 1516 3918 libera,
1566 3839 1776 3901 danda
1830 3843 1974 3901 sunt
2027 3841 2165 3901 100.
2210 3857 2318 3918 ga-

771 3937 1033 4001 bellario
1067 3956 1080 3997 :
1118 3935 1239 3996 hoc
1267 3934 1434 3995 enim
1476 3937 1660 4012 pacto
1705 3931 1964 3993 habebit
2005 3931 2316 4010 integram

777 4031 1087 4094 decimam
1129 4027 1321 4091 totius
1365 4026 1571 4106 pretii,
1612 4044 1757 4087 cum
1798 4025 2067 4103 pretium
2116 4029 2317 4086 totum

776 4125 900 4187 sint
929 4126 1104 4186 1000.
1138 4140 1214 4181 ex
1255 4120 1481 4200 quibus
1523 4118 1902 4197 gabellarius
1938 4117 2130 4179 habet
2175 4120 2315 4181 100.

776 4236 891 4299 pro
920 4215 1191 4296 gabella.

859 4310 1130 4372 Intertur
1203 4305 1516 4380 secundo,
1586 4304 1738 4384 quid
1802 4303 2139 4365 dicendum
2203 4305 2311 4382 sit,

781 4402 1032 4484 quaudo
1053 4402 1117 4461 in
1147 4399 1399 4478 publica
1424 4397 1891 4458 subhastatione
1935 4398 2320 4476 promittitur

781 4498 835 4558 ei
867 4495 976 4575 qui
1011 4493 1282 4555 licitatus
1312 4491 1499 4553 fuerit
1539 4509 1730 4570 supra
1760 4490 1934 4568 alios,
1968 4490 2139 4570 quod
2185 4491 2316 4552 sive

778 4590 911 4668 ipse
939 4589 1021 4650 sit
1044 4587 1142 4648 vel
1172 4603 1298 4646 non
1326 4584 1407 4646 sit
1428 4585 1702 4662 nltimuS‚
1728 4584 1980 4646 dabitur
2008 4584 2064 4644 ei
2092 4588 2318 4663 quarta

779 4701 947 4763 pare,
979 4700 1041 4742 v.
1074 4698 1138 4758 g.
1171 4677 1305 4757 ejus
1333 4678 1650 4757 augmenti
1691 4678 1855 4757 quod
1908 4696 2098 4757 supra
2154 4695 2319 4756 prae-

780 4775 1074 4838 cedentes
1108 4770 1334 4833 obtulit
1365 4791 1379 4832 :
1411 4771 1733 4833 dubitatur
1761 4771 1929 4831 enim
1956 4789 2037 4831 an
2067 4770 2149 4831 ad
2191 4770 2316 4832 sol-

781 4867 1053 4931 vendam
1097 4863 1409 4944 gabellam
1455 4863 1946 4943 computandum
1993 4864 2073 4925 sit
2112 4869 2313 4926 totum

780 4960 1075 5043 pretium,
1106 4957 1278 5038 quod
1323 4957 1579 5018 ultimus
1613 4957 1842 5017 obtulit
1882 4962 1943 5018 et
1993 4958 2199 5034 solvit,
2231 4975 2312 5018 an

779 5072 928 5117 vero
955 5053 1020 5116 id
1049 5052 1221 5132 quod
1249 5054 1533 5111 remanet
1557 5049 1867 5110 venditori
1883 5050 2167 5111 deductis
2195 5051 2316 5111 illis

781 5166 923 5228 quae
951 5165 1026 5208 ex
1072 5148 1255 5225 pacto
1318 5141 1699 5222 praecedenti
1745 5143 1921 5203 reddi
1966 5143 2200 5204 debent
2240 5142 2314 5205 iis

780 5241 1089 5316 omnibus,
1148 5237 1258 5317 qui
1308 5235 1604 5297 licitando
1654 5236 1923 5315 pretium
1975 5241 2308 5299 auxerunt.

778 5334 1099 5409 Parlador,
1132 5348 1322 5411 quem
1361 5329 1570 5406 refert,
1612 5334 1676 5391 et
1725 5329 2007 5409 sequitur
2034 5332 2315 5392 Sanchez

779 5430 928 5491 dub.
976 5441 1096 5488 xm.
1149 5443 1211 5486 n.
1259 5428 1321 5484 4.
1365 5422 1516 5484 dicit
1561 5422 1933 5484 deducenda
1993 5443 2128 5485 esse
2185 5424 2309 5501 illa,

781 5540 920 5603 quae
973 5517 1386 5582 licitatoribus
1440 5515 1787 5594 solvuntur,
1836 5521 1900 5578 et
1943 5536 2016 5577 ex
2070 5518 2312 5597 reliquo

2499 1150 2799 1208 Neutram
2828 1147 3203 1208 sententiam
3229 1165 3446 1207 veram
3494 1150 3667 1226 put0,
3709 1147 3822 1208 sed
3867 1147 3973 1207 di-

2420 1240 2868 1319 stinguendum
2898 1259 3032 1300 esse
3078 1240 3143 1299 in
3198 1240 3406 1318 rigore
3451 1239 3790 1319 loquendo,
3844 1239 3978 1299 nisi

2420 1352 2569 1393 usus
2610 1334 2783 1412 leges
2827 1333 3321 1412 temperaverit:
3367 1337 3447 1394 ut-
3480 1333 3714 1393 scilicet
3766 1332 3979 1392 dedu-

2421 1426 2690 1487 cendum
2716 1427 2796 1487 sit
2821 1427 3023 1486 solum
3055 1426 3120 1486 id
3152 1426 3322 1505 quod
3364 1427 3550 1487 datur
3580 1426 3850 1504 emptori
3884 1425 3978 1486 ob

2421 1518 2703 1579 ultimam
2749 1519 3158 1580 licitationem
3202 1518 3282 1579 ab
3349 1519 3484 1597 ipso
3538 1519 3791 1593 factam,
3835 1536 3979 1577 non

2422 1612 2590 1691 quod
2639 1612 2775 1672 aliis
2831 1612 3037 1687 datur,
3061 1611 3167 1690 qui
3222 1611 3494 1691 pretium
3548 1616 3865 1673 auxerunt
3907 1612 3981 1671 et

2422 1724 2545 1765 non
2576 1709 2811 1781 emunt,
2831 1723 2947 1765 nec
2976 1704 3167 1767 etiam
3187 1704 3355 1783 quod
3382 1703 3565 1765 datur
3592 1704 3799 1763 eidem
3828 1722 3980 1762 em-

2418 1799 2585 1877 ptori
2614 1800 2693 1859 ob
2724 1798 2959 1876 priores
2985 1796 3356 1858 licitationes
3411 1797 3492 1857 ab
3547 1797 3681 1875 ipso
3735 1796 3972 1872 factas,

2420 1909 2613 1970 supra
2639 1909 2795 1970 quas
2821 1890 2925 1951 alii
2954 1893 3175 1969 postea
3204 1889 3587 1950 obtulerunt.
3625 1890 3807 1950 Ratio
3838 1893 3972 1965 est,

2420 1984 2525 2063 qui
2582 1983 2732 2044 illud
2780 1988 2876 2043 est
2925 1983 3198 2061 pretium
3252 1982 3469 2043 datum
3526 1983 3607 2043 ab
3649 1987 3972 2061 emptore,

2420 2076 2588 2156 quod
2619 2077 2751 2155 ipse
2781 2078 2962 2136 offert
2988 2078 3051 2135 et
3093 2074 3250 2135 solvi
3291 2092 3402 2153 pro
3447 2092 3556 2135 re:
3598 2074 3702 2135 hic
3746 2080 3977 2135 autem

2420 2174 2666 2248 emptor
2694 2168 2800 2247 qui
2829 2168 3069 2229 invenit
3086 2169 3221 2246 jam
3251 2167 3460 2229 oblata
3488 2172 3709 2247 32.pro
3730 2186 3800 2228 re
3828 2167 3971 2244 illa,

2419 2268 2482 2323 et
2511 2263 2643 2340 ipse
2673 2263 2855 2322 offert
2880 2264 2978 2322 40.
3026 2278 3247 2320 revera
3288 2279 3413 2321 non
3460 2261 3644 2322 offert
3680 2261 3801 2321 nisi
3854 2262 3971 2323 38.

2418 2354 2814 2434 praecedente
2859 2359 3065 2432 pacto,
3119 2353 3289 2433 quod
3333 2359 3556 2433 quarta
3592 2373 3740 2433 pars
3799 2372 3973 2434 aug-

2416 2449 2613 2509 menti
2643 2451 2808 2508 esset
2833 2447 3015 2525 quasi
3043 2464 3166 2507 non
3197 2447 3428 2523 oblata,
3461 2447 3573 2508 sed
3603 2447 3724 2527 ipsi
3748 2466 3973 2508 rema-

2415 2545 2629 2613 neret;
2663 2559 2812 2619 ergo
2841 2539 3109 2619 pretium
3139 2558 3263 2619 quo
3292 2540 3467 2617 emit,
3484 2544 3630 2601 sunt
3660 2544 3764 2603 38.
3798 2541 3974 2603 adeo

2416 2639 2484 2695 ut
2508 2633 2562 2694 si
2578 2632 2728 2694 illud
2744 2636 2909 2693 esset
2922 2632 3190 2710 pretium
3205 2650 3541 2707 summum,
3559 2633 3850 2694 venditor
3863 2632 3977 2713 ju·-

2413 2732 2505 2788 ste
2536 2727 2594 2786 ei
2623 2725 2943 2801 venderet,
2974 2743 3091 2785 nec
3118 2724 3355 2804 aliquid
3384 2725 3714 2788 restituere
3744 2730 3976 2787 tenea-

2416 2823 2537 2895 tur,
2571 2818 2720 2898 quia
2747 2835 2872 2878 non
2900 2817 3225 2897 accipitab
3273 2835 3349 2878 eo
3382 2818 3497 2879 nisi
3528 2821 3628 2881 38.
3688 2837 3837 2897 ergo
3885 2838 3972 2879 ex

2413 2912 2534 2972 illis
2563 2911 2707 2971 solis
2738 2911 2927 2971 debet
2952 2909 3106 2971 solvi
3137 2910 3407 2990 gabella.

2495 3004 2675 3077 Quod
2698 3009 2908 3064 autem
2942 3023 3065 3065 non
3102 3003 3332 3064 debeat
3359 3003 3589 3063 deduci
3620 3003 3790 3082 quod
3819 3003 3973 3065 aliis

2413 3096 2727 3177 prioribus
2757 3096 3169 3157 licitatoribus
3200 3096 3485 3173 solvitur,
3531 3096 3836 3176 probatur
3876 3097 3974 3156 si·-

2414 3191 2665 3268 militer‚
2717 3191 2866 3270 quia
2920 3190 3189 3269 pretium
3246 3209 3373 3252 non
3411 3195 3508 3252 est
3547 3190 3718 3270 quod
3742 3195 3975 3252 manet

2414 3284 2678 3344 liberum
2706 3283 3015 3345 venditori
3044 3283 3328 3345 deductis
3357 3284 3645 3363 expensis
3671 3302 3828 3363 quas
3857 3285 3970 3344 fa-

2415 3376 2500 3438 cit
2518 3377 2580 3436 in
2612 3375 2990 3452 venditione,
3027 3376 3139 3437 sed
3167 3377 3339 3456 quod
3376 3377 3636 3438 solvitur
3680 3377 3761 3438 ab
3815 3396 3969 3438 em-

2416 3473 2616 3549 ptore,
2675 3469 2839 3530 sicut
2893 3469 3083 3530 etiam
3124 3469 3375 3548 gabella
3420 3488 3609 3549 quam
3663 3470 3973 3546 venditor

2414 3563 2620 3638 solvit,
2667 3562 2861 3623 intrat
2887 3561 2949 3621 in
2972 3562 3263 3640 pretium,
3311 3568 3374 3625 et
3415 3563 3557 3623 ideo
3594 3564 3646 3623 si
3700 3563 3806 3624 illa
3842 3567 3963 3625 38.

2416 3654 2791 3715 excederent
2816 3654 3089 3733 pretium
3109 3655 3351 3733 justum
3379 3674 3717 3730 summum,
3763 3655 3971 3716 dehe-

2413 3753 2511 3809 ret
2538 3764 2829 3807 excessus
2858 3748 3127 3827 emptori
3175 3749 3441 3825 restitui,
3475 3749 3716 3810 etiamsi
3742 3749 3969 3810 soluta

2414 3840 2662 3920 gabella
2690 3844 2753 3901 et
2780 3841 2996 3902 solutis
3042 3841 3116 3902 iis
3157 3860 3297 3920 quae
3338 3841 3650 3921 prioribus
3689 3841 3970 3903 licitato-

2414 3934 2586 3995 ribus
2615 3933 2946 4011 debentur,
2979 3952 3104 3995 non
3151 3938 3437 3995 maneret
3466 3934 3795 4009 venditori,
3829 3935 3964 3996 nisi

2414 4027 2686 4107 pretium
2707 4025 2949 4106 justum
2982 4047 2995 4087 :
3031 4026 3179 4106 quia
3199 4027 3721 4088 considerandum
3742 4032 3838 4089 est
3870 4046 3968 4088 an

2417 4124 2663 4199 emptor
2690 4120 2829 4199 plus
2866 4119 3066 4181 solvat
3092 4119 3171 4180 de
3201 4138 3313 4181 suo
3344 4138 3535 4200 quam
3581 4140 3680 4181 res
3715 4122 3964 4199 valeat,

2416 4212 2694 4292 alioquin
2724 4212 2960 4291 patitur
2986 4211 3302 4292 injuriam,
3344 4232 3484 4275 cnm
3528 4219 3793 4293 cogatur
3834 4215 3969 4275 sol·

2414 4324 2561 4368 vere
2589 4324 2703 4385 pro
2723 4324 2793 4366 re
2822 4324 3012 4386 supra
3040 4307 3176 4386 ejus
3203 4308 3482 4369 valorem
3516 4327 3530 4369 τ
3564 4326 3714 4387 ergo
3742 4308 3966 4370 solum

2416 4399 2603 4461 debet
2633 4399 2857 4460 deduci
2907 4400 3076 4479 quod
3105 4401 3219 4481 ipsi
3249 4401 3512 4463 solvitur
3539 4401 3621 4462 ob
3667 4401 3968 4464 licitatio-

2416 4510 2582 4568 nem,
2616 4510 2740 4553 non
2771 4492 2939 4571 quod
2965 4492 3104 4554 aliis
3131 4493 3413 4555 solvitur.

2495 4584 2776 4665 Denique
2823 4586 2991 4665 quod
3035 4604 3159 4648 non
3199 4586 3431 4648 debeat
3467 4585 3715 4656 deduci,
3777 4586 3963 4666 quod

2414 4677 2619 4738 eidem
2647 4679 2914 4757 emptori
2959 4679 3222 4740 solvitur
3249 4678 3330 4742 ob
3375 4679 3529 4740 alias
3576 4679 3965 4741 licitationes

2413 4771 2653 4850 priores
2693 4772 2772 4832 ab
2809 4772 2944 4850 ipso
2983 4773 3202 4850 factas,
3253 4773 3558 4851 probatur
3593 4790 3668 4832 ex
3722 4773 3964 4834 eodem

2412 4864 2757 4944 principio:
2792 4864 3119 4944 quiaillud
3158 4870 3360 4926 totum
3408 4869 3501 4927 est
3537 4865 3805 4945 pretium
3850 4867 3963 4928 rei

2411 4975 2523 5037 pro
2558 4975 2633 5017 ea
2659 4958 2953 5034 solutum,
2988 4957 3158 5037 quod
3186 4962 3431 5038 emptor
3456 4958 3565 5019 dat
3592 4958 3671 5020 de
3714 4977 3829 5020 suo
3881 4964 3969 5022 ut

2411 5068 2544 5112 rem
2576 5049 2826 5112 habeat.
2859 5053 3018 5113 Casu
3049 5069 3199 5130 ergo
3228 5069 3353 5131 quo
3383 5051 3647 5130 emptori
3670 5051 3804 5131 jam
3832 5053 3969 5114 de-

2409 5143 2722 5205 bebantur
2737 5148 3006 5224 quatuor
3026 5144 3104 5204 ob
3124 5144 3279 5204 alias
3290 5144 3659 5206 licitationes
3678 5144 3960 5224 priores»,

2412 5242 2475 5298 et
2497 5255 2663 5297 nunc
2691 5238 2876 5298 offert
2898 5241 2997 5299 40.
3044 5237 3337 5298 addendo
3384 5242 3523 5298 octo
3571 5256 3758 5317 supra
3794 5238 3960 5299 ulti-

2412 5349 2584 5391 mam
2621 5330 3028 5392 licitationem
3075 5349 3151 5391 ex
3208 5349 3335 5412 qua
3377 5330 3692 5392 oblatione
3738 5337 3963 5410 potest

2413 5423 2529 5485 sibi
2579 5425 2847 5485 retinere
2893 5425 3040 5501 du0‚
3091 5424 3139 5484 si
3188 5428 3377 5502 emat,
3431 5426 3613 5487 offert
3656 5444 3801 5486 vere
3864 5427 3959 5489 de

2413 5535 2525 5579 suo
2555 5520 2652 5580 38.
2689 5518 2837 5598 quia
2864 5519 3048 5579 offert
3074 5520 3173 5580 34.
3208 5537 3348 5599 quae
3390 5518 3598 5598 reipsa
3625 5519 3842 5595 solvet,
3886 5527 3961 5587 et
