4263 6376
558 2435 670 2494 193

511 2561 614 2613 Quid
648 2561 700 2603 do

457 2622 592 2670 pacto,
612 2622 652 2657 ut
671 2628 755 2656 ma-

482 2670 564 2723 1011
598 2670 727 2723 prelio

458 2722 754 2765 debeatredimi

569 4311 682 4371 191

498 4437 617 4489 Quid,
641 4438 674 4479 31
696 4436 735 4479 in

470 4494 597 4544 prium
619 4492 765 4533 sendi-

470 4546 582 4586 lione
598 4545 767 4586 descen-

483 4599 543 4640 dii
562 4599 750 4640 venditor

513 4652 563 4693 de
583 4653 729 4706 pretio.

817 297 934 356 324

815 469 1043 530 reddat
1071 486 1259 548 quam
1287 468 1648 545 acceperat;
1684 483 1819 525 esse
1849 468 2063 525 tamen
2087 510 2101 539 ,
2139 483 2251 542 per
2282 483 2348 522 30

814 562 1150 643 loquendo,
1184 560 1467 640 iniquum
1497 558 1911 637 etinjustum;
1947 558 2095 637 quia
2116 576 2189 617 eo
2214 558 2347 635 ipso

817 656 980 735 quod
1010 654 1298 715 venditur
1337 673 1438 713 res
1480 671 1625 712 cum
1653 658 1835 731 pacto
1867 650 2351 712 retrovenditio-

814 750 910 809 nis
937 749 999 808 in
1032 748 1307 808 favorem
1337 745 1716 817 venditoriS,
1761 744 1949 805 debet
1987 743 2174 804 vendi
2207 762 2350 823 pre-

812 842 897 903 tio
927 840 1152 900 minori
1196 839 1357 899 infra·
1379 838 1654 918 justum,
1705 842 1960 915 propter
2004 837 2155 896 illud
2190 855 2347 896 onus

811 933 1284 1013 superadditum
1320 952 1332 992 :
1379 931 1629 1010 quando
1673 935 1883 991 autem
1914 930 2204 991 venditur
2234 948 2347 1008 po-

810 1031 943 1088 stea
971 1026 1174 1085 eidem
1207 1024 1537 1099 venditori,
1572 1023 1758 1084 datur
1785 1022 1918 1083 sine
1951 1024 2072 1083 ullo
2104 1042 2298 1083 onere
2325 1043 2339 1096 ;

811 1138 958 1199 ergo
1007 1118 1195 1179 debet
1241 1124 1388 1178 tunc
1437 1117 1561 1177 emi
1608 1117 1808 1195 pretio
1851 1117 2021 1194 justo
2071 1117 2340 1194 integrO,

809 1232 933 1274 non
963 1231 1110 1290 ergo
1141 1216 1349 1290 potest
1393 1210 1533 1287 cogi
1582 1216 1826 1287 emptor
1870 1210 1950 1270 ad
1993 1210 2345 1269 revenden-

808 1307 960 1366 dum
1013 1312 1232 1383 postea
1280 1304 1507 1363 minori
1555 1305 1755 1381 pretio
1805 1303 1936 1363 sine
1987 1302 2339 1381 injustitia:

808 1419 949 1479 quae
977 1398 1182 1478 major
1211 1396 1361 1473 erit,
1413 1397 1462 1455 si
1495 1396 1740 1456 interim
1785 1401 2030 1476 emptor
2058 1399 2345 1474 sumptus

808 1494 1035 1554 debeat
1066 1493 1270 1553 faeere
1302 1491 1467 1550 circa
1497 1508 1630 1550 rem
1662 1496 1938 1567 emptam
1959 1536 1973 1565 ,
2010 1508 2136 1549 non
2170 1507 2344 1549 com-

806 1585 1127 1665 pensando
1168 1583 1552 1644 sufficienter
1591 1582 1898 1643 fructibus
1937 1600 2010 1642 eo
2058 1587 2342 1660 tempore

804 1677 1241 1760 percipiendis,
1317 1676 1623 1736 Videatur
1666 1675 1913 1735 Lessius
1970 1694 2144 1734 num.
2201 1678 2336 1735 110.

804 1772 959 1843 Dixi,
988 1790 1099 1851 pet·
1122 1789 1182 1829 se
1209 1767 1489 1849 loquendo
1513 1816 1527 1845 ,
1563 1768 1710 1848 quia
1742 1768 1791 1827 si
1823 1769 2059 1828 fructus
2090 1768 2342 1828 interim

802 1863 1190 1944 percipiendi
1228 1880 1633 1939 compensare
1662 1866 1917 1938 possent
1944 1865 2141 1921 totam
2169 1861 2342 1920 illam

804 1956 1295 2036 inaequalitatem
1339 1954 1559 2032 pretii,
1610 1954 1707 2013 vel
1759 1973 1858 2013 res
1910 1955 2043 2031 ipsa
2088 1959 2343 2032 putetur

803 2050 1008 2110 minus
1064 2049 1329 2109 valitura
1387 2046 1639 2126 quando
1680 2046 2004 2108 reddenda
2054 2052 2179 2123 est,
2242 2048 2341 2108 vel

804 2143 1047 2205 ratione
1076 2142 1235 2202 lucri
1264 2140 1598 2216 cessantis,
1634 2144 1740 2200 aut
1773 2140 1985 2199 damni
2018 2159 2341 2218 emergen-

804 2237 905 2312 tis,
953 2238 1163 2314 posset
1212 2234 1273 2292 in
1322 2236 1522 2295 totum
1551 2233 1648 2292 vel
1694 2251 1767 2292 ex
1800 2239 1973 2310 parte
2010 2232 2339 2312 justificari

806 2330 949 2391 talis
979 2327 1279 2389 venditio,

884 2422 1217 2483 Dubitatur
1246 2420 1485 2499 quinto,
1522 2437 1598 2477 an
1632 2418 1910 2479 adhibito
1934 2423 2115 2497 pacto
2148 2424 2341 2481 retro-

802 2513 1180 2577 venditionis
1209 2514 1272 2572 in
1294 2513 1573 2573 savorem
1596 2512 1957 2587 venditoriS,
1993 2512 2189 2590 possit
2217 2531 2342 2571 em-

804 2615 947 2689 ptor
990 2607 1238 2685 exigere
1288 2611 1357 2667 ut
1401 2605 1604 2684 majus
1649 2605 1918 2684 pretium
1951 2605 2007 2665 ei
2041 2606 2343 2666 reddatur

806 2720 993 2782 quam
1039 2698 1229 2759 dedit.
1285 2698 1609 2759 Conradus
1650 2697 1817 2775 apud
1846 2698 2143 2758 Molinam
2175 2698 2335 2776 disp.

802 2800 937 2857 376.
977 2812 1147 2853 num.
1172 2797 1231 2853 2.
1269 2795 1476 2868 negat.
1513 2791 1631 2850 Alii
1653 2796 1861 2851 tamen
1896 2790 1958 2848 id
1982 2791 2344 2869 simpliciter

806 2888 1178 2950 concedunt.
1226 2887 1318 2945 Ita
1346 2887 1527 2946 Joan.
1564 2884 1814 2944 Medina
1837 2931 1853 2959 ,
1908 2888 1969 2944 et
1996 2886 2337 2947 Covarruv.

807 3002 962 3061 quos
995 2981 1184 3040 refert
1230 2982 1292 3039 et
1341 2978 1468 3038 fere
1516 2978 1797 3056 sequitur
1845 2977 2073 3037 Molina
2103 2978 2226 3054 ibi,
2283 2983 2345 3039 et

805 3078 976 3135 Less,
1031 3090 1202 3132 num.
1239 3074 1374 3131 115.
1428 3074 1491 3130 et
1537 3070 1791 3148 quidem
1824 3076 2064 3130 certum
2095 3071 2344 3131 videtur

808 3168 870 3229 id
900 3184 1083 3248 posse
1112 3165 1246 3226 fieri
1269 3212 1284 3240 ,
1334 3163 1383 3225 si
1413 3181 1514 3223 res
1551 3163 1649 3223 vel
1682 3182 1754 3223 ex
1784 3163 2218 3224 melioratione
2250 3164 2342 3224 iu-

809 3261 1099 3334 trinseca,
1133 3258 1235 3317 vol
1265 3276 1340 3316 ex
1366 3255 1711 3316 variatione
1741 3256 1944 3334 pretii,
1991 3257 2129 3334 plus
2163 3262 2345 3335 pute-

807 3361 911 3416 tur
938 3352 1207 3412 valitura
1236 3355 1515 3427 tempore
1538 3367 1658 3427 quo
1681 3349 2005 3409 reddenda
2034 3355 2127 3410 est
2152 3369 2167 3410 ε
2200 3369 2344 3410 cum

811 3446 979 3507 enim
1010 3444 1097 3505 ibi
1126 3443 1502 3504 interveniat
1530 3442 1759 3520 duplex
1788 3442 2063 3503 venditio
2089 3489 2103 3518 ,
2139 3446 2346 3522 potest

811 3543 1057 3618 emptor
1085 3537 1333 3614 exigere
1366 3539 1433 3595 ut
1463 3535 1620 3595 sicut
1667 3554 1831 3595 nunc
1864 3536 1997 3614 ipse
2040 3536 2192 3596 emit
2211 3555 2346 3614 pre-

809 3634 896 3694 tio
926 3631 1243 3710 praesenti,
1280 3629 1364 3690 ita
1392 3628 1702 3703 venditor,
1738 3628 1787 3687 si
1818 3634 2032 3706 postea
2064 3648 2202 3689 eam
2233 3648 2342 3689 ve-

807 3727 900 3802 lit,
957 3729 1124 3785 emat
1154 3723 1352 3802 pretio
1404 3727 1552 3783 tunc
1597 3722 1828 3782 futuro·
1890 3722 2082 3783 Multo
2130 3727 2343 3783 autem

811 3818 1012 3898 magis
1057 3817 1121 3876 id
1159 3816 1400 3891 licebit,
1452 3815 1504 3874 si
1550 3819 1797 3893 emptor
1842 3833 1974 3874 rem
2023 3815 2343 3877 delaturus

812 3916 976 3972 esset
1004 3911 1067 3969 in
1099 3909 1288 3969 alium
1319 3909 1526 3968 locum
1557 3908 1636 3966 ad
1664 3907 1866 3987 majus
1894 3909 2161 3985 lucrum,
2198 3909 2345 3987 quia

811 4009 961 4066 tunc
990 4002 1232 4064 ratione
1262 4001 1424 4061 lucri
1455 4001 1756 4061 cessantis
1775 4006 1986 4079 petere
2008 4007 2240 4079 posset,
2277 4007 2348 4063 ut

813 4096 1104 4159 venditor
1132 4098 1349 4173 postea
1390 4093 1828 4172 redempturus
1872 4094 2240 4155 ascenderet
2282 4095 2344 4154 in

816 4190 1038 4269 pretio.

895 4280 1182 4343 Advertit
1209 4284 1420 4341 tamen
1450 4279 1681 4340 Molina
1707 4326 1720 4355 ‚
1772 4279 1819 4339 si
1872 4299 2005 4339 rem
2033 4282 2345 4342 valentem

817 4395 983 4438 nunc
1031 4374 1230 4453 pretio
1274 4372 1442 4452 justo
1491 4375 1586 4432 12.
1640 4373 1845 4432 emisti
1873 4392 2014 4432 eum
2044 4374 2343 4452 praedicto

816 4475 998 4550 pacto
1019 4464 1586 4536 retrovenditioniS,
1621 4483 1730 4543 pro
1758 4468 1849 4525 10.
1878 4470 1937 4526 01
1958 4472 2173 4544 postea
2196 4470 2346 4527 tem-

816 4582 969 4644 pore
997 4558 1445 4640 redemptionis
1475 4558 1642 4618 valet
1666 4561 1759 4618 15.
1796 4577 1919 4618 11011
1950 4579 2130 4638 posse.
2162 4564 2221 4619 te
2242 4579 2347 4639 pe-

815 4662 947 4719 tere
980 4659 1075 4717 15.
1129 4672 1240 4733 pro
1272 4653 1413 4726 illa,
1465 4652 1613 4731 quia
1655 4670 1912 4730 cogeres
1954 4653 2346 4714 venditorem

820 4750 1081 4810 reddere
1127 4747 1317 4807 etiam
1358 4745 1464 4805 illa
1508 4745 1630 4804 duo
1677 4763 1862 4823 supra
1896 4747 1991 4806 10.
2043 4765 2184 4824 quae
2216 4746 2345 4825 ipse

816 4862 940 4905 non
972 4840 1245 4918 accepit,
1293 4857 1435 4899 cum
1479 4838 1584 4897 illa
1614 4838 1954 4898 detraxerit
1982 4838 2061 4898 ob
2093 4844 2347 4916 pactum

815 4932 1362 4997 retrovenditionis
1410 4931 1761 5010 appositum
1788 4978 1802 5006 ‚
1865 4931 1975 4990 sed
2016 4936 2076 4991 te
2117 4932 2345 4992 dehere

814 5032 1175 5090 contentum
1206 5043 1338 5085 esse
1384 5029 1601 5102 postea
1634 5027 1727 5083 12.
1777 5023 1923 5103 quia
1967 5024 2050 5084 ita
2078 5025 2346 5105 accipies

812 5121 932 5183 tria
962 5120 1120 5181 ultra
1150 5119 1213 5178 id
1244 5117 1411 5196 quod
1444 5116 1691 5192 dedisti,
1727 5121 1789 5176 et
1815 5136 1929 5195 per
1956 5135 2346 5197 consequens

814 5214 1082 5291 accipies
1128 5216 1432 5292 quantum
1480 5211 1677 5271 crevit
1704 5210 1765 5269 in
1802 5211 2001 5288 pretio
2051 5230 2152 5270 res
2196 5216 2349 5271 tem-

814 5325 965 5386 pore
1012 5307 1113 5366 illo
1145 5324 1335 5383 supra
1364 5304 1634 5383 pretium
1678 5304 1844 5382 quod
1888 5303 2164 5364 habebat
2190 5309 2346 5365 tem-

813 5418 964 5480 pore
994 5399 1328 5479 praeteritO.
1383 5398 1507 5458 Sed
1546 5401 1754 5456 tamen
1787 5398 2039 5478 Medina
2082 5402 2143 5458 et
2170 5400 2340 5458 Less,

815 5493 1099 5553 absolute
1130 5491 1345 5551 dicunt
1371 5509 1557 5570 posse
1598 5495 1658 5552 te
1689 5491 1974 5569 accipere
2006 5495 2067 5551 et
2096 5490 2346 5569 exigere

1971 290 2073 348 DE
2113 288 2252 349 JUS
2291 289 2467 349 ‘1'1‘1A
2513 290 2612 349 ΕΤ
2653 291 2851 351 JURE

2452 468 2754 543 quantum
2811 484 2909 526 res
2955 465 3125 527 valet
3166 470 3449 545 tempore
3507 467 3938 547 redemptionis

2451 558 2569 618 hoc
2600 563 2692 617 est
2718 562 2813 618 15.
2843 559 3012 637 quod
3040 560 3173 637 ipse
3194 560 3426 620 Molina
3444 560 3673 621 fatetur
3691 561 3747 620 in
3765 563 3942 641 rigore

2447 650 2816 711 scholastico
2840 671 2964 712 non
2989 652 3187 713 videri
3210 653 3658 729 damnandum,
3689 655 3824 716 licet
3841 676 3944 716 non

2447 742 2526 803 sit
2553 744 2862 822 intrepide
2887 746 3316 806 asserendum.
3353 747 3477 808 Sed
3499 766 3732 823 revera,
3764 748 3811 808 si
3837 750 3945 809 ani·

2445 855 2585 896 mus
2641 837 2937 915 palliandi
2991 842 3245 898 'usuram
3302 839 3502 914 absit,
3564 858 3686 900 non
3729 840 3947 902 videt-ur

2447 929 2635 990 etiam
2665 931 2727 988 in
2756 931 2932 1009 praxi
2977 931 3039 991 id
3071 932 3541 1011 reprobandum
3577 954 3590 994 :
3637 934 3774 1012 quia
3801 935 3948 1012 prior

2448 1021 2721 1082 venditio
2751 1023 2980 1082 minori
3007 1025 3207 1101 pretio
3223 1023 3392 1102 justa
3415 1026 3533 1086 fuit
3552 1031 3797 1105 propter
3815 1046 3947 1087 onus

2446 1117 2798 1192 apposftum
2821 1116 3580 1197 1·etrovenditioni5‚.quod
3605 1120 3794 1197 pretio
3813 1122 3946 1181 festi-

2446 1208 2672 1267 mabile
2704 1212 2829 1283 est,
2878 1208 3122 1269 etiamsi
3166 1216 3412 1289 emptor
3439 1212 3644 1271 solum
3672 1212 3948 1291 obligetur

2445 1313 2524 1360 aa
2571 1301 2976 1363 vendendum
3025 1303 3226 1380 pretio
3277 1310 3499 1382 postea
3544 1306 3843 1383 currenti,
3886 1326 3947 1366 eo

2444 1393 2612 1473 quod
2659 1393 2866 1454 minus
2909 1395 3090 1472 plene
3140 1400 3201 1456 et
3246 1396 3532 1457 absolute
3580 1399 3837 1477 accipiat
3872 1398 3948 1458 rei

2445 1487 2793 1547 dominium
2829 1507 2841 1547 :
2896 1506 3090 1567 quare
3133 1488 3186 1548 si
3227 1494 3484 1567 pactum
3512 1491 3715 1551 solum
3744 1490 3850 1568 sit,
3893 1497 3950 1553 ut

2444 1584 2689 1658 emptor
2755 1584 2970 1658 postea
3028 1586 3318 1642 teneatur
3373 1583 3691 1645 venditori
3744 1584 3944 1645 volenti

2442 1693 2577 1733 rem
2634 1673 2902 1733 reddere
2949 1675 3151 1753 pretio
3201 1680 3420 1754 postea
3470 1682 3793 1751 currente3
3846 1678 3947 1739 hoc

2442 1766 2644 1844 ipsum
2676 1771 2929 1846 pactum
2961 1767 3223 1846 dignum
3270 1774 3406 1830 erat
3451 1770 3664 1849 aliqua
3709 1771 3951 1830 diminu-

2440 1860 2608 1920 tione
2640 1859 2823 1938 pretii
2854 1861 3178 1938 praesentis
3212 1881 3225 1922 :
3261 1861 3313 1920 si
3341 1881 3488 1940 ergo
3520 1864 3679 1923 emis
3708 1882 3841 1924 cum
3863 1864 3947 1924 1110

2441 1971 2630 2013 onere
2659 1970 2770 2031 pro
2804 1956 2897 2012 10.
2924 1952 3183 2031 perinde
3214 1959 3327 2031 est,
3363 1973 3437 2015 ac
3465 1955 3518 2015 si
3540 1956 3776 2036 absque
3793 1962 3947 2035 pacto

2440 2045 2543 2105 illo
2576 2044 2833 2105 emisses
2865 2049 2958 2106 12.
2994 2065 3190 2124 quare
3228 2049 3460 2124 poteris
3481 2053 3705 2127 postea
3731 2050 3949 2127 exigere

2442 2141 2537 2199 15.
2574 2139 2850 2216 integra,
2899 2139 2950 2198 si
2980 2139 3070 2199 rei
3101 2141 3369 2217 pret-ium
3399 2160 3600 2221 usque
3627 2142 3711 2201 ad
3743 2146 3810 2203 15
3837 2161 3949 2202 cre-

2441 2233 2546 2293 vit.
2607 2231 2882 2292 Adverto
2940 2237 3149 2293 tamen
3185 2280 3200 2309 ,
3256 2234 3459 2295 minus
3515 2236 3948 2296 detrahendum

2439 2325 2639 2385 videri
2674 2324 2751 2385 de
2795 2326 2995 2404 pretio
3021 2324 3190 2404 justo
3239 2327 3302 2386 in
3344 2328 3549 2405 prima
3589 2329 3944 2403 venditione,

2441 2418 2693 2497 quando
2741 2423 2996 2496 pactum
3052 2423 3146 2480 est
3201 2419 3279 2479 de
3329 2421 3701 2483 redimendo
3751 2422 3949 2501 majori

2441 2512 2638 2588 pretio
2670 2516 2888 2588 postea
2916 2512 3122 2571 futuro
3147 2559 3162 2588 ‚
3207 2531 3395 2591 quam
3425 2514 3474 2573 si
3506 2520 3675 2575 esset
3701 2516 3777 2575 de
3805 2515 3945 2574 redi·

2440 2604 2668 2663 mendo
2701 2603 2923 2664 eodem
2951 2604 3151 2682 pretio
3188 2625 3200 2666 :
3236 2606 3382 2684 quia
3401 2608 3658 2684 gravior
3681 2608 3948 2687 obligatio

2440 2697 2782 2775 imponitur
2809 2697 3077 2775 emptori
3107 2697 3167 2756 in
3190 2699 3465 2759 secundo
3489 2718 3661 2779 casu,
3697 2720 3875 2781 quam
3898 2701 3950 2760 iu

2441 2791 2666 2868 primo.

2523 2884 2678 2943 Hinc
2707 2883 2906 2944 infero
2938 2902 3080 2943 cum
3109 2884 3341 2945 Molina
3363 2931 3378 2961 ,
3430 2887 3714 2947 excusari
3741 2935 3755 2964 ,
3789 2906 3950 2965 posse

2442 2972 2843 3053 mercat-oreS,
2871 2976 2973 3055 qui
2996 2997 3034 3036 a
3055 2977 3298 3055 privato
3321 2979 3521 3057 rogati
3543 2987 3763 3040 emunt
3781 2981 3950 3040 libros

2444 3090 2501 3131 v.
2536 3089 2597 3147 g.
2633 3070 2834 3147 pretio
2867 3070 3079 3130 infimo
3112 3090 3253 3130 cum
3284 3078 3466 3150 pacto
3497 3073 3952 3134 retrovenditio-

2443 3164 2538 3224 nis
2567 3163 2628 3223 in
2659 3163 2938 3223 favorem
2960 3164 3324 3242 venditoriS,
3359 3166 3471 3226 sed
3490 3166 3690 3244 pretio
3709 3167 3947 3247 majori:

2444 3257 2590 3336 quia
2619 3256 2910 3316 nimirum
2939 3257 3080 3317 libri
3105 3263 3396 3320 crescunt
3423 3260 3485 3319 in
3509 3262 3711 3338 pretio
3733 3262 3952 3322 ratione

2442 3350 2611 3410 modi
2627 3349 2943 3409 vendendi
2962 3350 3213 3427 diversi,
3232 3370 3354 3430 quo
3378 3358 3596 3430 postea
3615 3355 3954 3414 venduntur

2442 3462 2480 3503 a
2506 3441 2781 3518 librari0,
2826 3460 2861 3501 a
2892 3462 3014 3521 quo
3044 3443 3266 3521 majori
3294 3446 3495 3522 pretio
3529 3447 3719 3506 vendi
3748 3448 3951 3522 solent,

2444 3554 2632 3615 quam
2666 3554 2700 3594 a
2733 3536 3010 3613 privatiS.
3063 3536 3263 3597 Debet
3296 3538 3514 3598 abesse
3545 3545 3754 3600 tamen
3785 3559 3956 3600 usura

2442 3629 2724 3710 palliata,
2775 3629 2856 3688 ad
2889 3647 3077 3708 quam
3109 3630 3445 3708 tegendam
3486 3633 3826 3694 assumitur
3863 3634 3954 3692 ille

2442 3728 2779 3802 praetextus
2809 3721 3175 3800 emptioniS,
3228 3728 3290 3785 et
3337 3725 3715 3786 venditionis
3762 3727 3843 3788 ad
3872 3745 3955 3785 re-

2442 3815 2819 3895 portandum
2849 3816 3092 3875 lucrum
3123 3834 3198 3874 ex
3228 3822 3444 3878 mutuo
3476 3819 3789 3897 praesenti.

2525 3908 2681 3969 ilinc
2714 3907 2984 3969 dubitari
3016 3914 3223 3987 potest
3250 3915 3445 3986 sexto,
3480 3930 3559 3970 an
3591 3913 3842 3991 quando
3869 3931 3956 3972 res

2445 4022 2568 4063 non
2615 4006 2872 4079 putatur
2916 4001 3053 4079 plus
3097 4003 3365 4063 valitura
3400 4008 3684 4082 tempore
3725 4005 3956 4065 redem-
3993 4056 4066 4109 ῥῶ

2444 4096 2692 4174 ptionis,
2726 4095 2921 4174 possit
2947 4094 3156 4155 adhuc
3186 4101 3431 4174 emptor
3451 4097 3613 4158 nolle
3642 4098 3956 4160 admittere

2443 4193 2694 4267 pactum
2737 4188 3284 4248 retrovenditionis
3326 4189 3388 4248 in
3422 4191 3699 4251 favorem
3729 4198 3957 4271 empto-

2442 4281 2557 4356 riS,
2607 4279 2725 4339 nisi
2756 4280 2980 4358 majori
3007 4281 3207 4359 pretio
3257 4300 3355 4341 res
3403 4282 3748 4344 redimatur
3782 4301 3956 4363 quam

2444 4375 2575 4453 ipse
2607 4372 2881 4448 dederit,
2926 4392 2997 4433 eo
3044 4374 3211 4452 quod
3250 4375 3379 4453 ipse
3409 4376 3544 4438 vult
3572 4396 3776 4436 emere
3809 4393 3959 4438 nunc

2445 4466 2643 4545 pretio
2665 4467 2835 4544 justo
2867 4466 3079 4526 infimo
3101 4513 3116 4542 ,
3169 4471 3230 4527 et
3269 4486 3392 4528 non
3435 4469 3572 4530 vult
3597 4489 3664 4530 se
3693 4470 3958 4550 obligare

2445 4559 2523 4620 ad
2555 4558 2956 4618 vendendum
2984 4565 3202 4638 postea
3232 4561 3345 4620 nisi
3377 4562 3579 4640 pretio
3610 4564 3840 4638 medio,
3873 4562 3960 4622 vel

2446 4671 2690 4713 summo
2716 4699 2731 4729 ,
2788 4671 2926 4731 quse
2977 4654 3187 4713 omnia
3217 4655 3416 4732 pretia
3438 4655 3614 4734 justa
3641 4663 3786 4717 sunt
3812 4657 3961 4717 intra

2444 4746 2837 4806 latitudinem
2886 4746 3038 4824 justi
3088 4747 3290 4825 pretii.
3352 4750 3554 4826 Negat
3593 4750 3822 4812 Molina
3865 4746 3960 4808 ubi

2446 4857 2634 4917 supra
2661 4839 2716 4916 ἓ.
2755 4840 3024 4899 Alterum
3054 4849 3156 4913 est,
3195 4841 3505 4919 quialicet
3524 4841 3588 4901 id
3603 4841 3840 4922 justum
3866 4842 3957 4916 sit,

2446 4931 2696 5010 quando
2741 4937 2926 5010 pacta
2971 4934 3230 4993 seorsim
3277 4935 3534 5010 fierent,
3595 4954 3718 4995 non
3763 4941 3958 4996 tamen

2446 5024 2696 5103 quando
2744 5026 2901 5086 fiunt
2928 5026 3146 5098 simu13
3195 5046 3395 5106 neque
3445 5027 3613 5088 enim
3642 5034 3734 5090 est
3760 5028 3962 5090 titulus

2437 5119 2678 5197 justuS,
2713 5137 2825 5179 cur
2853 5119 3074 5180 eodem
3106 5124 3385 5198 tempore
3414 5138 3560 5180 cum
3586 5122 3804 5182 eadem
3832 5140 3963 5200 per-

2446 5229 2621 5287 sona,
2657 5216 2993 5290 antequam
3025 5232 3125 5272 res
3153 5213 3378 5290 sittua,
3411 5233 3630 5293 posses
3652 5215 3878 5294 pacisci
3902 5217 3962 5274 ut

2447 5323 2547 5364 res
2577 5304 2797 5364 eadem
2839 5304 2950 5366 tibi
2982 5324 3105 5366 uno
3136 5306 3334 5384 pretio
3363 5307 3704 5384 vendatur,
3753 5313 3816 5369 et
3842 5326 3963 5368 ma-

2441 5397 2565 5477 jori
2597 5397 2674 5457 ab
2705 5397 2925 5458 eodem
2956 5399 3290 5459 venditore
3320 5399 3690 5461 redimatur.
3725 5402 3852 5480 Ego
3880 5407 3964 5461 ta·

2448 5510 2593 5551 men
2626 5510 2749 5550 non
2783 5491 2988 5566 video,
3022 5493 3074 5552 si
3102 5493 3376 5572 palliatio
3406 5512 3613 5555 usura?
3646 5494 3832 5569 absit,
3860 5512 3964 5554 cur

4067 3931 4112 3986 l‘a

4003 4067 4112 4151 ὦ

3994 4166 4112 4219 Ffflfz

4047 4219 4113 4269 [³⁴³4
