4263 6376
434 1054 656 1098 Solvuntur

399 1122 694 1204 0011·anss
744 1124 965 1185 solent.
1025 1123 1233 1185 Primo
1291 1143 1441 1202 ergo
1499 1125 1783 1203 arguitur
1837 1144 1911 1184 ex
1970 1125 2278 1203 scriptura

424 1214 667 1269 prohibitio-

437 1321 664 1376 Scriptura.

502 931 573 990 12

465 1280 625 1310 uemex

740 206 857 267 170

741 380 846 442 uhi
878 381 1007 441 vim
1035 380 1223 461 hujus
1265 382 1523 445 rationis
1552 383 1753 462 magis
1796 385 2269 463 explicabimuS,

665 521 674 529 .
741 493 885 553 quae
906 475 1021 535 nisi
1053 475 1352 555 effugium
1381 476 1534 537 illud
1575 477 2039 556 praecludatur;
2074 478 2276 537 ineffi-

743 585 858 629 cax
887 568 1137 628 omnino
1170 573 1282 644 est,
1318 572 1380 630 et
1406 573 1604 630 totum
1628 568 1745 630 hoc
1763 570 1846 630 ad
1865 571 2277 649 quaestionem

742 661 822 720 de
852 661 1100 721 nomine
1128 661 1494 738 reducetur,
1540 680 1682 722 cum
1712 667 1921 723 tamen
1953 664 2014 722 in
2046 682 2111 722 re
2144 664 2278 742 ipsa

742 753 806 813 id
836 757 1035 814 totum
1059 800 1075 830 ,
1110 753 1278 831 quod
1323 754 1592 814 usurarii
1622 754 1955 816 intendunt
1978 803 1993 831 ,
2039 754 2277 815 licitum

743 846 1042 906 reddatur
1070 846 1290 906 saltem
1320 847 1397 906 de
1428 845 1563 925 jure
1595 852 1855 908 naturae.

822 941 872 998 N
879 957 1000 1000 unc
1022 957 1170 1018 ergo
1196 940 1472 1000 breviter
1498 939 1914 1000 dissolvamus
1944 959 2084 1020 quae
2134 959 2278 1000 con-

743 1033 844 1092 tra
872 1050 1079 1091 usurae
1137 1032 1487 1092 naturalem
1542 1032 1991 1110 turpitudinem
2048 1032 2278 1112 opponi

742 1217 915 1278 Dent.
951 1235 1129 1278 xxm.
1163 1218 1269 1277 ubi
1301 1218 1548 1292 dicitur,
1584 1218 1717 1279 Non
1750 1217 2063 1298 foenerabis
2090 1218 2282 1298 fratri

744 1319 841 1371 tuo
872 1319 926 1371 et
954 1330 1004 1371 c.
1041 1309 1164 1370 Sed
1188 1310 1395 1382 alieno,
1432 1315 1494 1371 et
1542 1309 1681 1370 Luc.
1707 1327 1834 1370 mx.
1868 1329 2048 1371 servo
2098 1310 2277 1388 pigro

744 1404 979 1465 dictum
1010 1408 1123 1464 est.
1162 1403 1353 1477 Quare
1380 1422 1495 1462 non
1522 1402 1736 1463 dedisti
1756 1404 2061 1484 pecuniam
2094 1423 2278 1463 meam

743 1496 825 1557 ad
869 1516 1158 1572 mensam,
1221 1505 1275 1556 ει·
1302 1514 1405 1576 eqo
1451 1515 1577 1556 cum
1619 1497 1809 1556 usuris
1850 1496 2155 1576 exiqissem
2202 1496 2276 1555 il-

743 1590 867 1651 lam
892 1589 921 1650 ?
949 1591 1054 1650 ubi
1084 1589 1334 1650 videtur
1367 1609 1553 1649 usura
1609 1594 1678 1651 ut
1722 1590 1889 1651 licita
1917 1590 2274 1669 approbari.

740 1682 838 1745 Ad
869 1682 1137 1761 primum
1166 1684 1374 1744 locum
1429 1683 1867 1761 respondetur,
1921 1684 2020 1743 vel
2051 1683 2135 1741 ibi
2169 1701 2273 1743 so-

743 1776 873 1837 lum
900 1776 1174 1856 permitti
1205 1795 1486 1853 usuram,
1524 1775 1642 1836 hoc
1672 1781 1785 1852 est,
1829 1794 1950 1835 non
1992 1775 2282 1854 speciali-

743 1873 839 1932 ter
867 1869 1126 1948 punitur
1152 1869 1312 1929 sicut
1370 1869 1433 1927 in
1476 1867 1700 1928 eodem
1759 1867 1962 1946 capite
2021 1867 2273 1943 dicitur,

743 1982 858 2023 non
885 1962 997 2022 erit
1023 1961 1302 2023 meremlz·
1329 1959 1398 2021 de
1422 1959 1470 2040 fi
1473 1959 1665 2023 liadus
1692 1959 1901 2038 Israel,
1955 1979 2078 2020 non
2110 1959 2280 2040 quod

746 2055 1108 2116 meretrices
1124 2054 1492 2132 alienigenae
1514 2053 1959 2132 approbentur,
1981 2053 2090 2113 sed
2110 2052 2280 2131 quod

747 2167 871 2210 nou
919 2148 1261 2227 puniantur
1313 2165 1351 2206 a
1406 2146 1542 2224 lege
1573 2147 1698 2222 illa,
1734 2147 1893 2207 sicut
1945 2145 2276 2207 Israelitae:

746 2242 844 2301 vel
878 2245 1045 2301 certe
1076 2239 1447 2319 permissum
1477 2240 1666 2299 fuisse
1702 2258 1739 2298 a
1786 2241 1913 2299 Deo
1972 2238 2139 2317 quod
2174 2240 2280 2300 Ju-

748 2334 869 2395 daei
896 2352 1152 2394 usuram
1173 2352 1208 2392 a
1237 2333 1572 2411 gentilibus
1603 2333 2280 2411 acciperenttanquam

747 2427 826 2487 ab
860 2425 1165 2501 hostibuS,
1199 2425 1299 2484 vel
1332 2424 1499 2504 quod
1519 2425 1865 2485 dominium
1896 2425 2141 2485 dederit
2167 2424 2276 2501 eis,

746 2524 810 2581 et
835 2518 1153 2580 licentiam
1184 2517 1263 2577 ad
1311 2537 1416 2578 eos
1446 2518 1565 2579 hac
1612 2518 1713 2578 via
1743 2517 2169 2598 expoliandos,
2205 2517 2281 2576 si-

745 2617 851 2674 cut
896 2612 1157 2673 dederat
1193 2610 1273 2670 ad
1317 2609 1723 2690 expoliandos
1779 2610 2105 2689 aegyptios,
2165 2613 2279 2671 Pro

743 2709 1008 2784 utraque
1037 2704 1444 2781 responsione
1501 2708 1647 2763 sunt
1703 2703 1913 2781 plures
1971 2705 2191 2763 Patres
2225 2706 2286 2762 et

744 2800 1053 2873 doctores,
1100 2797 1207 2877 qui
1229 2797 1423 2857 videri
1455 2800 1717 2876 possunt
1759 2797 1925 2875 apud
1983 2795 2281 2856 Molinam

746 2892 913 2953 dicta
940 2892 1104 2970 disp.
1140 2893 1257 2951 304
1285 2890 1349 2949 in
1379 2889 1785 2970 responsione
1838 2888 1919 2949 ad
1974 2890 2273 2967 primum.

748 2985 925 3046 Salas
953 2985 1103 3045 dub.
1154 3000 1248 3043 111.
1311 3002 1372 3043 n.
1432 2987 1490 3044 6.
1552 2982 1928 3043 Turrianum
1984 2982 2145 3060 disp.
2179 2999 2276 3042 Lx.

745 3078 895 3139 dub.
930 3081 989 3139 5.
1016 3077 1112 3137 Ad
1141 3075 1487 3138 secundum
1508 3093 1660 3136 vero
1693 3074 2123 3136 testimonium
2148 3094 2282 3135 res-

744 3171 1059 3252 pondetur
1078 3169 1280 3246 facile,
1314 3169 1397 3229 ibi
1427 3187 1782 3230 sermonem
1804 3187 1938 3230 esse
1961 3169 2039 3228 de
2089 3187 2282 3229 usura

747 3264 957 3326 licita:
992 3265 1113 3324 hoc
1143 3268 1256 3338 est,
1290 3263 1462 3323 lucro
1510 3281 1583 3321 ex
1633 3262 2056 3340 negotiatione
2088 3262 2277 3339 licita,

748 3375 887 3438 quae
919 3354 1256 3435 aliquando
1290 3373 1479 3415 usura
1510 3355 1959 3435 appellatur,ut
1975 3373 2116 3414 cum
2149 3354 2282 3414 aliis

747 3450 1060 3528 explicant
1100 3449 1332 3511 Molina
1387 3456 1450 3508 et
1495 3448 1671 3509 Salas
1717 3448 1869 3508 locis
1926 3447 2160 3523 citatis,
2222 3451 2284 3508 ct

747 3543 952 3622 colligi
1000 3546 1209 3623 potest
1258 3561 1332 3602 ex
1389 3542 1581 3602 verbo
1642 3540 1824 3601 dandi
1874 3540 1954 3601 ad
2001 3560 2278 3618 mensam,

748 3636 917 3717 quod
939 3654 1061 3698 non
1093 3635 1343 3697 videtur
1371 3653 1505 3695 esse
1536 3635 1686 3695 dare
1708 3639 1949 3710 mutuO,
1982 3634 2094 3695 sed
2123 3652 2284 3693 mer-

747 3729 1064 3792 catoribus
1087 3729 1166 3789 ad
1194 3728 1666 3807 negotiandum.

828 3822 1114 3885 Secundo
1173 3822 1351 3900 argui
1395 3821 1553 3882 solet
1595 3840 1670 3880 ex
1710 3820 1956 3898 legibus
1999 3819 2285 3880 civilibus

747 3915 1274 3996 permittentibus,
1328 3920 1390 3975 et
1437 3912 1933 3993 approbantibus
1994 3931 2276 3988 usuram,

569 4008 632 4050 0'*
666 4021 696 4051 ¹·
749 4014 817 4070 ut
843 4011 1090 4070 constat
1135 4026 1211 4067 ex
1252 4007 1446 4067 titulis
1496 4009 1559 4066 ff.
1596 4010 1658 4066 et
1689 4008 1755 4067 C.
1790 4004 1859 4065 de
1887 4004 2100 4066 usuris,
2138 3994 2288 4065 Res-

747 4101 1081 4181 pondetur,
1133 4100 1303 4178 leges
1358 4099 1571 4159 civiles
1617 4098 1970 4176 permisisse
2029 4097 2288 4177 quidem

748 4194 1025 4273 aliquam
1057 4210 1314 4253 usuram
1360 4193 1423 4252 in
1479 4191 1731 4252 modica
1787 4191 2163 4270 quantitate,
2220 4194 2288 4250 ut

749 4290 994 4349 constat
1021 4305 1092 4345 ex
1124 4286 1166 4346 l.
1191 4284 1338 4361 Eos,
1371 4288 1434 4345 et
1453 4284 1698 4344 duabus
1729 4283 2080 4362 sequentib.
2118 4286 2184 4345 C.
2220 4282 2289 4344 de

750 4398 962 4454 usuris,
998 4397 1248 4456 nempe,
1282 4378 1332 4437 si
1363 4377 1589 4439 nobilis
1620 4381 1754 4438 erat
1782 4377 1889 4456 qui
1918 4376 1998 4437 ad
2033 4395 2290 4437 usuram

747 4474 961 4548 dabat,
994 4476 1241 4552 poterat
1272 4471 1556 4550 accipere
1595 4470 1845 4531 tertiam
1876 4474 2118 4548 partem
2147 4488 2289 4530 cen·

747 4565 985 4628 tesimae
1016 4564 1278 4643 siugulis
1321 4563 1662 4639 mensibuS,
1697 4562 1816 4623 hoc
1846 4569 1961 4640 est,
1996 4582 2110 4641 pro
2146 4565 2283 4623 100.

748 4658 958 4720 aureis
986 4658 1235 4720 tertiam
1256 4661 1499 4737 partem
1529 4656 1712 4716 unius
1742 4656 1915 4717 aurei
1947 4656 2011 4716 in
2041 4675 2284 4733 mense,

748 4771 860 4813 seu
891 4757 1165 4831 quatuor
1216 4769 1444 4812 aureos
1500 4750 1562 4809 in
1619 4768 1823 4813 anno:
1878 4751 1928 4810 si
1975 4753 2291 4810 mercator

750 4849 906 4923 erat,
941 4850 1083 4907 octo
1133 4863 1357 4905 aureos
1389 4844 1449 4903 in
1480 4861 1644 4904 anno
1676 4862 1787 4922 pro
1823 4847 1956 4905 100.
1994 4843 2098 4903 alii
2141 4859 2289 4902 vero

749 4954 967 5001 omnes
1001 4958 1110 4999 sex
1152 4957 1376 4999 aureos
1406 4938 1466 4997 in
1515 4955 1680 4998 anno
1703 4955 1717 5001 :
1742 4937 1994 5016 quando
2019 4936 2290 5014 denique

756 5033 1022 5112 pecunia
1057 5035 1192 5092 erat
1218 5030 1579 5111 trajectitia‚
1616 5030 1738 5090 hoc
1771 5035 1887 5105 est,
1923 5047 2064 5109 quae
2099 5029 2291 5089 daba-

754 5132 878 5201 tur,
912 5129 980 5185 ut
1024 5125 1180 5185 mari
1203 5142 1239 5184 a
1270 5124 1652 5185 mutuatario
1683 5122 2060 5198 deferretur,
2113 5127 2288 5200 pote-

755 5223 898 5278 rant
947 5218 1229 5297 accipere
1285 5221 1381 5279 12.
1437 5234 1548 5295 pro
1597 5221 1852 5277 centum
1881 5215 1944 5275 in
1977 5234 2166 5290 anno,
2205 5214 2291 5275 ita

758 5315 968 5377 tamen
999 5316 1067 5370 ut
1085 5311 1428 5399 periculum
1451 5310 1735 5391 pecuniae
1764 5309 1845 5370 ad
1890 5312 2290 5370 mutuantem

1907 209 2006 268 DE
2047 209 2408 270 JUSTITIA
2452 209 2552 269 ET
2594 209 2793 270 JURE

2375 386 2735 465 pertineret,
2769 390 2839 447 ut
2865 390 3038 466 patet
3065 406 3140 446 ex
3182 387 3349 448 dicta
3403 387 3447 446 l.
3504 385 3647 460 Eos,
3686 391 3752 447 et
3779 391 3899 448 toto

2376 479 2467 540 tit.
2503 482 2567 541 C.
2600 478 2670 539 de
2697 488 2857 540 naut.
2889 481 3102 559 soenor.
3138 497 3277 559 quae
3307 485 3477 540 certe
3531 478 3777 540 ratione
3810 498 3903 558 pe·

2374 570 2553 631 riculi
2580 571 2749 632 licita
2777 571 2973 631 videri
3006 577 3286 650 poterat:
3335 590 3542 633 usurae
3583 590 3734 632 vero
3767 592 3902 632 usu-

2377 683 2589 724 rarum
2646 664 2975 743 probibitoe
3034 667 3281 726 erantl.
3319 665 3429 726 ult.
3467 667 3531 727 C.
3566 663 3639 724 de
3699 666 3899 726 usuris.

2378 757 2503 818 Sed
2534 776 2738 836 neque
2769 776 2912 818 cum
2946 758 3062 818 hac
3095 758 3561 818 universalitate
3591 758 3766 836 leges
3795 757 3904 819 illae

2370 849 2557 928 justae
2590 853 2788 924 erant,
2838 855 2901 910 et
2961 850 3102 912 ideo
3135 856 3445 912 revocatae
3474 854 3622 912 sunt
3640 852 3788 929 jure
3818 869 3901 910 ca·

2379 942 2626 1019 nonico,
2663 944 2761 1004 cui
2783 942 2918 1021 jam
2949 962 3167 1004 omnes
3223 943 3535 1023 principes
3594 942 3908 1004 christiani

2380 1035 2728 1110 obediunt,
2765 1037 2889 1096 imo
2923 1041 2985 1097 et
3011 1036 3180 1115 apud
3223 1037 3390 1114 ipsos
3447 1036 3735 1096 ethnicos
3793 1036 3911 1113 plu·

2343 1147 2480 1202 ‚res
2527 1133 2589 1190 et
2644 1130 2955 1190 doctiores
3013 1130 3316 1191 malitiam
3373 1147 3580 1189 usurae
3636 1147 3910 1207 agnove-

2378 1226 2545 1296 runt,
2581 1226 2649 1282 ut
2676 1221 2863 1282 Arist.
2901 1238 2942 1282 1.
2980 1221 3162 1286 Polie.
3195 1241 3331 1300 cap.
3358 1239 3444 1282 v1.
3480 1225 3546 1282 et
3570 1238 3682 1282 vu.
3722 1227 3787 1282 et
3825 1238 3905 1281 ιν.

2377 1313 2649 1374 Eticlzor.
2685 1332 2822 1392 cap.
2877 1332 2920 1374 1.
2957 1315 3038 1374 ad
3067 1315 3279 1391 finem,
3314 1315 3551 1376 Tullius
3581 1331 3648 1376 11.
3687 1314 3761 1375 de
3787 1313 3912 1394 osfi·

2379 1407 2481 1466 ciis
2509 1407 2591 1467 ad
2619 1409 2832 1468 finem.
2869 1407 3183 1468 Plutarch.
3247 1409 3308 1468 in
3361 1407 3574 1469 Lucul.
3610 1414 3672 1469 et
3736 1408 3913 1468 latius

2379 1499 2522 1560 libr.
2587 1499 2656 1560 de
2711 1501 2955 1580 soenore,
2991 1519 3213 1561 usuras
3243 1501 3523 1578 damnat,
3559 1505 3626 1561 ut
3653 1500 3916 1562 naturali

2379 1593 2502 1671 legi
2564 1593 2934 1654 contrarias.
2968 1594 3089 1654 Tit.
3123 1594 3255 1654 Liv.
3290 1594 3397 1655 lib.
3430 1611 3534 1654 xx.
3592 1593 3833 1654 decade
3875 1611 3912 1653 1.

2379 1686 2551 1762 dicit,
2588 1686 2666 1746 ab
2722 1686 2888 1748 Urbe
2948 1685 3201 1746 condita
3255 1687 3423 1765 apud
3482 1688 3803 1746 Romanos
3856 1686 3911 1744 in

2378 1779 2520 1839 odio
2552 1797 2798 1858 semper
2813 1797 3030 1838 usuras
3046 1778 3255 1840 fuisse.
3284 1778 3608 1839 AEschines
3627 1779 3910 1839 oratione

2380 1877 2598 1933 contra
2653 1871 3186 1950 Ctbesiphontem,
3222 1875 3284 1932 et
3326 1872 3452 1948 alii,
3516 1876 3585 1931 ut
3638 1872 3917 1932 referunt

2379 1963 2555 2025 Alex.
2591 1963 2691 2023 ab.
2740 1963 2915 2024 Alex.
2977 1980 3020 2024 1.
3082 1962 3296 2042 qenial.
3349 1982 3487 2042 cap.
3525 1980 3635 2023 vn.
3670 1965 3916 2025 Marcus

2381 2058 2531 2117 Cato
2565 2055 2625 2114 in
2656 2055 2961 2135 principio
2992 2054 3062 2115 de
3087 2075 3153 2116 re
3181 2055 3420 2116 rustica.
3471 2057 3650 2128 Quod
3709 2061 3915 2117 autem

2381 2166 2522 2209 cum
2555 2153 2729 2209 tanta
2769 2147 3195 2209 moderatione
3227 2148 3467 2228 aliquas
3497 2149 3913 2226 permiserint,

2380 2241 2498 2301 fuit
2525 2241 2808 2317 fortasse,
2843 2241 2992 2320 quia
3032 2241 3447 2302 communiter
3476 2242 3918 2320 supponebant

2380 2332 2768 2393 intercedere
2824 2333 3016 2394 alium
3072 2334 3320 2394 titulum
3378 2334 3537 2395 lucri
3592 2335 3912 2409 cessantis,

2382 2425 2594 2485 damni
2644 2426 3043 2504 emergentiS,
3079 2426 3360 2504 periculi,
3396 2432 3515 2487 etc.
3551 2445 3672 2486 non
3705 2431 3916 2487 tamen

2379 2518 2520 2578 ideo
2553 2518 2906 2579 debuerunt
2936 2520 3370 2580 universaliter
3399 2519 3696 2598 permitti.

2460 2612 2668 2672 Tertio
2699 2611 3004 2690 arguitur,
3070 2613 3218 2691 quia
3263 2613 3406 2690 jure
3464 2613 3776 2672 canonico
3835 2612 3916 2671 vi·

2382 2705 2611 2765 dentur
2654 2704 2991 2783 aliquando
3050 2723 3256 2765 usurae
3313 2705 3672 2784 approbari.
3711 2705 3918 2765 Primo

2382 2798 2445 2857 in
2476 2816 2531 2858 c.
2571 2797 2948 2878 Conquestus,
2980 2796 3051 2858 de
3103 2797 3316 2873 usur-223,
3351 2803 3413 2859 et
3440 2816 3493 2858 c.
3531 2815 3574 2859 1.
3608 2797 3678 2858 de
3698 2796 3916 2877 feudis,
4019 2779 4035 2799 ⁸

2381 2891 2567 2952 datur
2620 2890 2884 2951 facultas
2954 2890 3207 2951 domino
3288 2890 3461 2951 feudi
3527 2889 3920 2971 percipiendi

2383 2984 2621 3045 fructus
2652 2983 2842 3059 feudi,
2878 2983 3046 3061 quod
3076 2983 3269 3044 habet
3295 2983 3434 3044 loco
3453 2983 3757 3062 pignoriS,
3798 3001 3922 3043 non

2383 3077 2758 3154 computatis
2785 3076 2904 3136 illis
2919 3076 2982 3135 in
3004 3083 3410 3155 sortem‚quoe
3426 3077 3677 3137 videtur
3705 3095 3917 3137 usura.

2379 3169 2668 3231 Secundo
2725 3187 2861 3248 cap.
2917 3186 2958 3230 1.
3020 3167 3089 3230 de
3139 3169 3350 3244 usurz'S,
3404 3170 3588 3230 datus
3652 3169 3921 3231 facultas

2383 3262 2607 3324 clerico
2658 3262 3042 3341 percipiendi
3095 3263 3334 3323 fructus
3390 3262 3698 3337 beneficii,
3754 3263 3923 3342 quod

2382 3355 2521 3415 loco
2555 3355 2836 3434 pignoris
2867 3355 3057 3416 habet
3102 3375 3137 3414 a
3167 3350 3326 3416 laico
3358 3356 3766 3432 mutuatario,
3806 3374 3924 3415 non

2384 3447 2808 3526 computando
2841 3446 2977 3507 illos
3005 3448 3068 3508 iu
3115 3452 3368 3509 sortem.
3403 3448 3612 3509 Tertio
3654 3449 3714 3508 in
3777 3468 3918 3527 cap.

2384 3539 2740 3616 Salubritcr,
2791 3540 2861 3600 de
2890 3540 3098 3617 usuris,
3135 3541 3324 3601 datur
3370 3541 3632 3602 facultas
3688 3560 3925 3619 genero

2383 3632 2765 3713 percipiendi
2799 3633 3035 3693 fructus
3065 3633 3366 3713 pignoris,
3401 3634 3570 3712 quod
3618 3634 3868 3712 recepit
3891 3653 3928 3694 a

2384 3745 2601 3787 socero
2660 3744 2774 3803 pro
2829 3726 3039 3786 debito
3098 3726 3261 3787 dotis
3319 3741 3439 3788 non
3496 3727 3737 3802 solutae,
3804 3746 3925 3787 non

2386 3819 2759 3896 computatis
2788 3818 2884 3878 ilis
2943 3819 3000 3878 in
3035 3824 3289 3880 sortem.
3353 3820 3793 3898 Respondetur
3850 3820 3928 3879 ad

2385 3912 2678 3993 primum,
2717 3912 2884 3972 illam
2919 3931 3041 3971 non
3074 3931 3207 3972 esse
3239 3931 3517 3988 usuram,
3551 3913 3659 3973 sed
3693 3914 3921 3973 condi-

2384 4005 2622 4067 tionem
2652 4005 2841 4080 feudi‚
2879 4010 2946 4066 ut
2976 4005 3227 4084 quando
3259 4004 3394 4066 loco
3441 4006 3722 4083 pignoris
3752 4007 3922 4067 fruc-

2385 4102 2486 4161 tus
2517 4098 2597 4159 ad
2645 4098 2992 4159 dominium
3041 4098 3348 4158 directum
3402 4099 3739 4178 pertinent,
3807 4118 3928 4159 non

2389 4195 2828 4271 computentur
2857 4192 2918 4250 in
2965 4195 3197 4252 sortem
3224 4210 3239 4262 ;
3275 4191 3526 4252 interim
3553 4198 3766 4253 tamen
3798 4194 3925 4253 seu·

2389 4285 2667 4346 datarius
2695 4285 2854 4344 liber
2881 4284 2961 4345 sit
2990 4302 3026 4343 a
3056 4288 3354 4345 consueto
3387 4284 3663 4360 servitio,
3698 4289 3768 4346 ut
3797 4289 3926 4346 tra-

2390 4378 2548 4438 dunt
2598 4378 2769 4453 Sot0‚
2804 4377 3076 4452 Medina,
3112 4377 3420 4452 Valentia,
3482 4380 3543 4438 et
3601 4378 3705 4437 alii
3761 4377 3928 4457 apud

2391 4470 2569 4533 Salas
2600 4490 2659 4531 n.
2694 4474 2754 4532 6.
2790 4470 2955 4530 unde
2987 4489 3063 4529 ex
3094 4469 3212 4529 illis
3261 4468 3514 4548 juribus
3571 4471 3778 4548 potius
3837 4489 3927 4529 re-

2386 4564 2735 4644 probantur
2765 4581 2991 4639 usurae‚
3027 4581 3169 4623 cum
3199 4562 3263 4621 in
3322 4562 3489 4623 dicto
3550 4581 3690 4641 cap.
3759 4565 3920 4625 Con-

2389 4665 2639 4738 questus,
2673 4655 2958 4717 Pontifex
2988 4654 3331 4735 proecipiat,
3352 4655 3592 4717 fructus
3608 4661 3931 4735 computa-

2390 4750 2441 4809 ri
2470 4749 2530 4809 in
2562 4754 2816 4823 sortem,
2852 4747 2966 4808 nisi
2998 4766 3099 4807 res
3128 4747 3208 4808 sit
3238 4747 3524 4807 feudalis.
3576 4749 3674 4809 Ad
3708 4767 3932 4809 secun·

2390 4844 2543 4903 dum
2597 4841 3009 4920 respondepr,
3045 4840 3217 4902 illam
3259 4859 3384 4901 non
3420 4840 3612 4901 fuisse
3645 4860 3925 4917 usuram,

2390 4936 2501 4997 sed
2537 4935 3034 5012 redemptionem
3091 4933 3321 5012 iniqua!
3378 4934 3748 5011 vexationiS,
3807 4953 3931 5014 qua

2391 5027 2790 5103 beneficium,
2824 5027 2925 5087 vel
2957 5028 3091 5106 ejus
3137 5026 3377 5086 fructus
3407 5026 3570 5087 male
3601 5027 3680 5087 ab
3713 5027 3925 5106 iniquo

2392 5138 2748 5200 possessore
2779 5120 3244 5194 detinebantur,
3297 5123 3360 5178 et
3412 5138 3485 5180 eo
3517 5120 3706 5180 modo
3757 5139 3929 5181 recu·

2393 5214 2591 5294 perati
2623 5218 2787 5275 sunt.
2841 5213 2938 5275 Ad
2998 5212 3269 5288 tertium,
3333 5230 3540 5290 neque
3597 5212 3683 5273 ibi
3742 5232 3930 5273 usura

2394 5308 2538 5388 suit,
2571 5306 2682 5367 sed
2709 5307 2944 5367 fructus
2997 5305 3277 5390 pignoris
3335 5305 3726 5390 accipiuntur
3756 5325 3792 5364 a
3820 5324 3932 5387 ge-
