4263 6376
578 1804 654 1864 72

457 1930 617 1976 Sufficit
644 1940 753 1986 cepe

498 1988 711 2027 accusator

504 2037 707 2081 virtutib.

790 400 910 460 700

791 575 1074 639 Sanchez
1097 593 1242 638 cum
1273 578 1422 639 Soto
1449 577 1681 639 fatetur
1727 577 1834 638 ubi
1879 594 2068 657 supra
2105 596 2210 638 00.
2260 580 2319 638 3.

789 669 911 731 hoc
940 687 1064 731 non
1092 687 1226 730 esse
1256 669 1498 749 dejure
1529 675 1790 748 naturae,
1836 670 1946 731 sed
1982 688 2327 732 consonum

783 763 909 845 juri
939 765 1201 836 naturae,
1238 781 1362 824 non
1397 764 1604 843 potuit
1642 782 1718 825 ex
1761 763 2121 825 definitione
2149 763 2329 844 justi-

790 856 894 917 tiae
923 860 985 915 et
1005 854 1236 934 judicis
1266 855 1401 916 haec
1418 856 1756 918 necessitas
1772 857 2096 918 evidenter
2121 860 2329 918 osten-

793 949 879 1025 di,
914 948 1025 1009 sed
1055 949 1575 1028 congruentia,ut
1593 949 1735 1028 jure
1773 950 2050 1012 humano
2076 951 2333 1011 induce-

789 1047 984 1118 retur,
1019 1046 1204 1120 prout
1230 1042 1488 1104 inducta
1516 1044 1698 1104 estin
1729 1062 1866 1123 cap.
1902 1043 1974 1105 Si
2017 1043 2329 1124 loquimus,

792 1135 862 1198 de
887 1136 1239 1201 accusation.
1271 1139 1337 1197 et
1352 1153 1427 1196 ex
1455 1136 1578 1215 leg.
1602 1135 1867 1214 Illic-itas,
1901 1139 1964 1198 ff.
2015 1135 2086 1197 dc
2133 1136 2332 1217 officio

782 1227 1080 1310 prcesidzh,
1112 1237 1169 1289 et
1193 1228 1490 1309 colliqimr
1517 1249 1596 1290 ex
1622 1229 1829 1290 verbis
1849 1229 1970 1291 illis
2009 1230 2150 1291 Act.
2184 1247 2328 1307 xxv,

797 1325 894 1384 16.
927 1320 1065 1382 Non
1092 1331 1178 1383 est
1203 1322 1545 1384 consuetudo
1586 1322 1864 1385 Romanis
1905 1322 2186 1385 damnare
2229 1323 2337 1384 ali-

795 1433 964 1496 quem
1005 1413 1311 1493 hominem,
1357 1415 1704 1497 priusquam
1752 1415 1820 1490 is,
1873 1416 1979 1497 qui
2000 1426 2332 1494 accusatur,

785 1515 1102 1589 praesentes
1128 1507 1336 1570 habeat
1380 1517 1760 1587 accusatores,
1802 1509 2100 1592 locumque
2139 1509 2338 1591 defen-

798 1598 975 1662 dendi
1020 1600 1275 1683 accipiat
1322 1600 1404 1664 ad
1454 1601 1739 1664 abluenda
1793 1603 2061 1681 crimina,
2112 1621 2243 1685 quoe
2288 1603 2344 1664 ei

800 1694 1183 1775 objiciuntur.

882 1788 1039 1860 Quia
1068 1790 1279 1850 tamen
1311 1789 1445 1851 haec
1472 1790 1809 1851 necessitas
1827 1793 1959 1852 tota
1979 1792 2073 1852 est
2097 1791 2176 1851 de
2198 1792 2340 1870 jure

803 1880 1107 1959 humanu,
1143 1881 1291 1943 hinc
1316 1887 1433 1959 est,
1467 1883 1627 1945 utin
1661 1883 1874 1945 multis
1921 1883 2170 1944 casibus
2211 1883 2344 1944 sine

802 1978 1167 2037 accusatore
1196 1995 1344 2037 vero
1374 1980 1436 2038 et
1463 1977 1714 2057 proprio
1762 1977 2065 2056 procedat
2101 1977 2297 2056 judex
2322 1995 2337 2050 ;

803 2087 997 2149 quare
1052 2068 1339 2132 doctores
1393 2075 1703 2148 coguntur
1728 2070 1789 2130 in
1839 2070 1914 2131 iis
1967 2071 2048 2131 ad
2091 2088 2344 2131 sensum

802 2161 1303 2241 metaphoricum
1333 2181 1677 2241 recurrere,
1712 2167 1774 2225 et
1815 2164 2130 2243 appellare
2159 2182 2347 2224 accu-

804 2259 1080 2317 satorem
1095 2256 1414 2335 propriam
1436 2256 1853 2336 delinquentis
1868 2257 2340 2334 conscientiam,

802 2348 905 2409 vel
934 2347 1281 2424 infamiam,
1317 2352 1426 2410 aut
1468 2349 1618 2428 quid
1647 2349 1882 2423 simile3
1914 2350 1979 2410 in
2006 2369 2129 2430 quo
2160 2368 2348 2411 sensu

806 2459 933 2503 non
962 2443 1059 2502 est
1085 2441 1346 2502 dubium
1379 2440 1545 2521 quod
1573 2460 1897 2521 nunquam
1926 2443 2059 2503 sine
2091 2461 2349 2505 accusa-

804 2537 940 2596 tore
968 2534 1168 2613 possit
1195 2553 1340 2595 reus
1371 2535 1594 2613 puniri,
1641 2539 1704 2596 et
1758 2534 1875 2596 hoc
1919 2536 2173 2615 quidem
2223 2542 2348 2598 nou

806 2627 1010 2689 solum
1051 2627 1129 2687 de
1160 2629 1303 2707 J'ure
1350 2627 1646 2705 human0,
1685 2628 1796 2688 sed
1849 2629 2039 2690 etiam
2081 2648 2158 2690 cx
2202 2632 2347 2711 jure

809 2725 1070 2783 naturae.
1122 2720 1330 2781 Primo
1389 2739 1538 2800 ergo
1585 2720 1882 2799 fatentur,
1935 2741 2060 2784 non
2110 2723 2346 2802 requiri

806 2818 1235 2876 accusatorem
1277 2814 1529 2893 quando
1587 2815 1949 2891 proceditur
2016 2816 2098 2878 ad
2146 2834 2349 2877 corre·

810 2907 1080 2971 ctionem
1118 2907 1675 2988 extrajudicialem,
1715 2927 1855 2988 quae
1901 2909 2231 2972 ordinatur
2266 2909 2348 2969 ad

808 3001 1045 3062 bonum
1073 3000 1513 3079 delinquentiS,
1546 3000 1645 3062 vel
1695 3001 1884 3063 etiam
1913 3002 1975 3061 in
2004 3001 2350 3063 levioribus

814 3093 1077 3170 delictis,
1137 3097 1208 3154 ut
1253 3093 1488 3154 fatetur
1529 3095 1713 3155 Sotus
1765 3094 1875 3156 lib.
1910 3113 1970 3155 v.
2006 3093 2075 3155 de
2083 3095 2346 3174 justitia,

814 3208 875 3269 q.
910 3205 997 3249 1v.
1033 3191 1150 3249 art.
1197 3188 1256 3249 3.
1291 3206 1366 3246 ex
1395 3186 1437 3248 l.
1488 3185 1689 3265 Levia,
1723 3188 1786 3249 ff.
1829 3186 1899 3249 de
1941 3198 2196 3251 accusat.
2246 3191 2351 3252 Se-

815 3281 1046 3357 cundo,
1079 3280 1331 3361 quando
1389 3280 1687 3341 delictum
1740 3284 1834 3343 est
1887 3281 2225 3359 notorium,
2277 3301 2353 3343 cx

814 3392 955 3452 cap.
989 3372 1328 3449 Evidentia,
1360 3372 1430 3434 cle
1456 3382 1709 3435 accusat.
1744 3377 1808 3435 et
1834 3392 1972 3453 cap.
2008 3374 2348 3456 Manifesta,

813 3483 885 3529 11.
919 3485 1025 3546 qu.
1067 3470 1125 3528 1.
1175 3466 1408 3542 Terti0,
1464 3467 1715 3546 quando
1758 3467 2059 3546 praecedit
2095 3468 2355 3529 infamia

816 3558 1048 3636 delicti,
1082 3557 1250 3639 quod
1277 3562 1495 3637 postea
1525 3558 1845 3637 probatur,
1880 3560 2029 3639 quia
2067 3559 2204 3621 haec
2242 3579 2354 3623 suo

815 3652 1005 3714 modo
1036 3656 1311 3713 accusat.
1351 3652 1606 3727 QuartO,
1642 3652 1894 3731 quando
1923 3654 2225 3731 praecedit
2252 3653 2357 3714 de-

817 3744 1122 3807 nuntiatio
1143 3746 1467 3807 canonica.
1502 3745 1751 3818 Quinto,
1788 3746 2039 3825 quando
2056 3748 2361 3826 praecedit

815 3838 1121 3901 correctio
1150 3838 1446 3914 fraterna,
1482 3842 1546 3899 et
1572 3837 1962 3900 denuntiatio
1994 3842 2358 3919 evangelica

817 3931 981 3994 facta
1009 3931 1291 4012 praelato,
1342 3932 1519 4010 cujus
1567 3931 1940 3993 correctioni
1976 3932 2029 3993 si
2065 3937 2362 4012 peccator

818 4024 1069 4086 rebellis
1114 4024 1213 4101 sit,
1259 4024 1395 4103 ipsa
1435 4023 1692 4084 rebellio
1754 4027 2137 4087 accusatoris
2187 4027 2359 4088 vices

819 4117 1001 4196 gerit,
1039 4121 1109 4179 ut
1132 4117 1329 4195 possit
1356 4116 1585 4196 puniri.
1619 4118 1686 4178 In
1706 4117 1932 4197 quibus
1952 4120 2244 4181 omnibus
2261 4139 2363 4182 ca-

821 4210 992 4271 sibus
1017 4228 1165 4271 vere
1194 4227 1319 4270 non
1349 4209 1534 4271 datur
1552 4214 1883 4272 accusator
1909 4212 2221 4292 propriuS,
2256 4213 2362 4293 qui

822 4322 949 4364 non
1005 4306 1100 4363 est
1138 4302 1225 4363 ita
1270 4303 1655 4363 necessarius
1705 4303 1785 4363 ad
1831 4303 2244 4383 punitionem,
2296 4308 2366 4368 ut

825 4395 1115 4472 deimuS,
1152 4394 1300 4474 quia
1325 4397 1474 4457 tunc
1494 4396 1692 4475 judex
1722 4415 1846 4458 non
1877 4397 2026 4459 dicit
2060 4400 2166 4477 jus
2204 4399 2368 4461 inter

824 4492 1038 4571 partes
1066 4488 1318 4568 proprie
1345 4487 1664 4567 loquendo
1699 4510 1711 4551 :
1746 4491 1910 4569 gerit
1956 4492 2123 4551 enim
2175 4492 2366 4553 etiam

824 4601 1053 4643 munus
1078 4580 1515 4659 gubernatoris
1554 4585 1617 4643 et
1660 4583 1929 4645 ministri
1965 4584 2362 4664 reipublicae;

826 4694 1019 4755 quare
1047 4675 1211 4737 sicut
1235 4674 1318 4735 ad
1348 4675 1698 4754 principem
1728 4679 1791 4736 et
1815 4676 1897 4737 ad
1914 4677 2369 4755 rempublicam

827 4787 952 4831 non
978 4768 1181 4829 solum
1210 4771 1451 4847 spectat
1471 4769 1575 4847 jus
1604 4768 1813 4829 dicere
1831 4769 2238 4848 litigantibus,
2258 4769 2370 4830 sed

829 4861 1018 4924 etiam
1049 4861 1402 4940 gubernare
1434 4861 1741 4938 subditoS,
1794 4862 1961 4940 quod
2002 4863 2273 4923 maxime
2304 4864 2374 4925 fit

828 4953 1147 5033 puniendo
1175 4953 1496 5034 improbos
1526 4958 1590 5016 et
1606 4954 1995 5033 praemiando
2024 4955 2221 5016 bonos
2245 4976 2260 5030 ;
2286 4956 2372 5018 ita

831 5048 1021 5109 etiam
1049 5046 1436 5126 gubernator
1463 5065 1588 5109 non
1616 5066 1866 5127 semper
1902 5049 2007 5128 jus
2060 5048 2215 5111 dicit
2254 5049 2373 5111 liti-

831 5140 1150 5220 gantibuS,
1185 5140 1439 5220 quando
1471 5141 1641 5201 enim
1673 5140 1895 5203 circuit
1938 5145 2119 5203 nocte
2149 5160 2262 5222 per
2288 5142 2377 5204 vi-

831 5252 937 5296 cos
967 5233 1139 5294 urbis
1169 5238 1232 5295 et
1259 5234 1486 5313 quaerit
1510 5253 1590 5295 an
1612 5233 1737 5296 sint
1764 5234 2217 5314 delinquenteS,
2242 5235 2376 5296 nul·

830 5328 962 5389 lum
990 5331 1158 5390 certe
1180 5329 1285 5406 jus
1313 5326 1486 5404 dicit,
1522 5327 1634 5387 sed
1686 5326 1907 5406 vigilat
1953 5331 2023 5388 ut
2058 5329 2375 5391 custodiat

834 5421 1152 5482 civitatem
1179 5438 1310 5482 suae
1339 5437 1506 5481 curae
1528 5421 1928 5482 commissam
1961 5440 1975 5482 ε
2011 5420 2179 5500 quod
2207 5421 2376 5481 idem

834 5514 984 5577 facit
1036 5514 1288 5594 quando
1329 5514 1465 5575 sine
1519 5518 1908 5592 accusatore,
1972 5532 2049 5575 ex
2120 5513 2375 5597 proprio

836 5608 1041 5669 officio
1063 5607 1242 5685 punit
1271 5608 1726 5688 delinquentes

1947 399 2050 460 DE
2091 399 2451 462 JUS'I'ITIA
2497 399 2596 460 ET
2639 399 2835 461 JURE

2507 575 2688 638 Unde
2707 575 3019 639 immerito
3041 575 3377 657 Fagundez
3397 574 3565 637 dicto
3585 593 3726 656 cap.
3751 591 3972 639 vam.

2428 689 2491 731 n.
2524 673 2585 731 7.
2617 667 2936 731 invehitur
2962 669 3192 731 acriter
3216 674 3434 731 contra
3460 670 3757 749 praelatos
3789 688 3978 748 regu-

2428 762 2611 840 lareS‚
2648 763 2844 842 quiin
2887 762 3092 824 causis
3136 762 3528 841 gravioribus
3573 782 3714 843 quae
3751 782 3979 843 pecca·

2428 859 2564 917 tum
2593 857 2858 917 mortale
2888 856 3226 935 attingunt,
3263 860 3324 918 et
3352 876 3426 917 ex
3457 856 3686 935 quibus
3714 856 3980 918 infamia

2432 949 2849 1029 delinquentis
2878 948 3182 1029 sequitur,
3218 950 3568 1028 procedunt
3596 950 3839 1029 absque
3875 967 3983 1009 ac·

2433 1046 2741 1120 cusatore,
2775 1042 3014 1120 diccnS,
3048 1062 3156 1105 eos
3197 1042 3550 1104 mcrtaIIter
3592 1060 3886 1122 peccare,
3920 1045 3985 1104 et

2433 1137 2674 1196 nullum
2705 1155 2780 1196 ex
2808 1135 3083 1216 praelatis
3123 1135 3511 1196 doctioribus
3558 1139 3621 1197 et
3664 1138 3871 1195 Deum
3913 1134 3986 1196 ti·

2434 1229 2750 1289 mentibus
2778 1228 2839 1289 id
2871 1228 3100 1305 facere,
3133 1229 3243 1289 scd
3275 1247 3381 1289 eos
3414 1228 3521 1308 qui
3558 1229 3756 1289 Deum
3808 1245 3988 1307 sper·

2436 1324 2594 1383 nunt
2623 1324 2685 1383 et
2704 1323 2831 1401 juS,
2881 1326 2944 1383 ct
2970 1324 3039 1383 ut
3065 1321 3521 1388 malevolentia}
3551 1339 3680 1383 suae
3710 1325 3775 1382 et
3804 1321 3990 1400 iguo-

2435 1415 2654 1476 rantioe
2696 1415 3081 1477 satisfaciant
3123 1415 3332 1494 potius
3365 1434 3556 1495 quam
3599 1414 3769 1477 bono
3818 1433 3989 1476 com·

2437 1508 2612 1568 muni
2656 1508 2980 1586 roligionis
3014 1529 3027 1569 :
3081 1509 3229 1587 quia
3264 1509 3415 1570 tunc
3451 1509 3651 1571 solum
3716 1513 3987 1588 possunt

2437 1605 2739 1680 tanquam
2768 1605 2977 1680 patres
3032 1601 3467 1680 delinquentes
3503 1605 3744 1663 secreto
3795 1601 3989 1663 corri-

2439 1712 2588 1773 gere
2617 1695 2854 1774 absque
2881 1695 3140 1756 insamia
3168 1694 3440 1758 illorum.
3464 1696 3656 1757 Miror
3674 1714 3829 1757 sane
3852 1695 3992 1755 baec

2440 1789 2526 1849 ita
2556 1787 2722 1850 dicta
2752 1806 2886 1849 esse
2915 1788 2995 1850 ab
3027 1788 3148 1850 hoc
3178 1793 3456 1865 auctore,
3517 1808 3661 1850 cum
3707 1789 3867 1851 sciat
3925 1789 3993 1849 10

2442 1881 2573 1961 ipsa
2597 1880 2774 1959 praxi
2794 1881 3076 1959 judiciali
3119 1885 3348 1944 nostrae
3385 1882 3700 1946 societatis
3742 1900 3885 1961 cap.
3925 1899 3992 1944 v.

2444 1977 2507 2036 et
2533 1990 2620 2036 vl.
2655 1973 2930 2053 praelatis
2982 1974 3366 2054 praescripta,
3402 1975 3668 2054 proponi
3722 1974 3996 2035 modum

2443 2065 2827 2147 procedendi
2852 2066 3236 2145 judicialiter
3262 2068 3344 2128 ad
3370 2068 3759 2148 punitionem
3794 2087 3869 2127 ex
3900 2068 3999 2128 in-

2443 2159 2799 2240 quisitione,
2830 2161 3233 2239 praecedente
3272 2160 3554 2237 infamia,
3605 2161 3705 2222 vel
3754 2179 3830 2220 ex
3875 2160 4001 2220 de-

2446 2253 2839 2316 nuntiatione
2892 2254 3216 2331 canonica,
3275 2253 3376 2315 vel
3423 2273 3499 2314 ex
3554 2252 3995 2330 accusatione,

2446 2365 2585 2427 qnae
2616 2351 2826 2409 tamen
2859 2349 3172 2416 accusatio
3201 2367 3367 2425 raro,
3402 2347 3503 2409 vel
3553 2365 3881 2427 nunquam
3928 2346 3999 2406 in

2446 2459 2563 2500 usu
2587 2443 2700 2516 est,
2727 2440 2836 2501 sed
2853 2441 3104 2520 quando
3128 2441 3510 2520 judicialiter
3528 2440 3848 2519 agendum
3871 2446 3995 2512 est,

2445 2533 2780 2594 inchoatur
2802 2533 3134 2612 judicium,
3164 2535 3264 2594 vel
3295 2554 3369 2593 cx
3389 2534 3792 2614 inquisitione
3822 2553 3995 2612 prce·

2447 2627 2712 2688 cedente
2743 2626 3019 2703 infamia,
3051 2628 3152 2687 vel
3182 2646 3258 2688 ex
3285 2627 3757 2689 denuntiatione
3798 2645 4004 2688 cano-

2447 2720 2608 2782 nica.
2645 2721 2711 2782 Si
2746 2738 2894 2781 vexo
2940 2720 3191 2781 nomine
3235 2720 3648 2781 accusationis
3686 2719 4006 2782 intellexit

2448 2813 2805 2889 infamiam,
2865 2813 3365 2892 inquisitionem,
3424 2813 4001 2892 denuntiationem,

2450 2909 2513 2968 et
2539 2907 2660 2966 alia
2689 2907 2921 2984 omnia,
2955 2926 3078 2967 non
3110 2906 3441 2986 oportebat
3469 2906 3681 2966 invehi
3722 2907 3786 2967 in
3835 2926 4005 2986 prm-

2447 2999 2607 3061 latos
2626 3000 2970 3078 regulareS,
3002 3017 3148 3061 cum
3191 3000 3235 3059 ii
3291 2999 3481 3060 etiam
3535 2998 3772 3060 indocti
3830 3020 4007 3059 nun·

2452 3111 2642 3172 quam
2695 3111 3058 3172 processum
3106 3092 3473 3172 judicialem
3529 3097 4008 3172 prosequantur

2453 3187 2588 3248 sine
2640 3185 2850 3266 aliquo
2900 3205 2975 3247 ex
3022 3185 3098 3247 iis
3147 3185 3565 3266 praecedente,
3614 3185 3725 3246 scd
3767 3186 4007 3248 eodem

2453 3280 2640 3341 modo
2687 3279 2895 3359 quoad
2930 3278 3051 3341 hoc
3079 3298 3146 3339 se
3202 3278 3477 3341 habeant
3544 3279 3704 3340 sicut
3744 3279 4010 3359 judices

2454 3374 2807 3447 saeculareS‚
2849 3372 2970 3433 hoc
3029 3371 3308 3450 dempt0‚
3347 3371 3516 3452 quod
3584 3376 3707 3432 non
3756 3372 4013 3435 habent

2454 3467 2731 3529 fiscalem
2759 3468 3206 3545 promotorem,
3229 3466 3336 3545 q‘ui
3356 3464 3700 3526 formaliter
3717 3470 4007 3542 accuset,

2454 3561 2615 3621 sicut
2641 3559 2730 3620 illi
2759 3558 3175 3619 communiter
3204 3557 3460 3621 habent.
3494 3560 3805 3620 Caeterum
3836 3558 4012 3619 sieut

2454 3654 2544 3714 illi
2574 3651 2912 3731 aliquando
2970 3669 3045 3711 ex
3096 3650 3298 3712 officio
3348 3654 3610 3729 possunt
3652 3650 4011 3729 procedere

2457 3748 2590 3807 sine
2622 3745 2745 3806 ullo
2777 3743 3030 3824 proprio
3074 3748 3464 3821 accusatore,
3491 3748 3559 3805 ut
3588 3744 3890 3818 vidimuS,
3916 3745 4015 3805 sic

2458 3840 2754 3919 poterunt
2782 3840 2844 3899 et
2870 3836 2991 3914 isti,
3026 3837 3379 3916 praesertim
3408 3854 3553 3897 cum
3585 3836 3859 3898 crimina
3898 3856 4010 3898 re-

2457 3931 2824 4010 ligiosorum
2852 3930 3270 3992 communiter
3320 3929 3445 3991 sint
3489 3930 3786 3992 infectiva
3832 3949 4014 3992 com-

2459 4024 2804 4098 munitatis,
2838 4027 2900 4084 et
2928 4028 3145 4085 contra
3173 4023 3408 4084 bonum
3434 4024 3778 4102 publicum.

2540 4116 2820 4179 Dubitari
2844 4120 3049 4194 potest
3075 4116 3373 4193 secunde,
3399 4136 3476 4177 an
3499 4118 3697 4195 possit
3715 4117 4014 4197 aliquan·

2465 4211 2546 4273 do
2572 4210 2768 4290 judex
2800 4209 3261 4270 accusationem
3310 4229 3434 4271 non
3478 4214 3842 4290 acceptare,
3896 4209 4016 4271 sed

2467 4305 2589 4365 alia
2617 4303 2720 4363 via
2748 4302 3141 4379 satisfacere,
3192 4307 3255 4364 et
3299 4303 3641 4382 procedere
3672 4303 3752 4363 ad
3799 4323 4018 4364 reme-

2468 4397 2691 4459 dium?
2718 4399 2805 4456 De
2836 4396 2956 4456 hoc
2996 4395 3274 4456 breviter
3299 4396 3523 4456 Thom.
3577 4396 3864 4457 Sanchez
3894 4396 4011 4458 lib.

2470 4493 2572 4554 111.
2609 4488 2824 4552 Consil.
2861 4507 2999 4567 cap.
3033 4488 3198 4548 unic.
3235 4488 3383 4549 dub.
3417 4504 3553 4548 xm.
3590 4487 3695 4548 ubi
3727 4508 3874 4549 eum
3899 4491 4017 4549 Ca·

2464 4585 2679 4665 jetano
2710 4587 2768 4644 2.
2802 4586 2860 4643 2.
2895 4600 3002 4662 qu.
3032 4582 3214 4643 LXII.
3248 4585 3367 4642 art.
3403 4600 3520 4641 111.
3555 4581 3636 4639 ad
3664 4584 3727 4642 3.
3764 4585 3827 4642 et
3856 4583 4019 4642 Soto

2472 4677 2541 4739 de
2565 4675 2759 4757 sz'qillo
2788 4675 3053 4735 membr.
3087 4674 3162 4735 ll.
3199 4693 3304 4753 qu.
3339 4694 3399 4735 ν.
3434 4673 3634 4736 00001.
3668 4677 3730 4735 5.
3753 4674 3933 4751 dicit,
3956 4675 4023 4733 in

2474 4771 2682 4850 aliquo
2714 4786 2862 4830 casu
2892 4767 3255 4847 particulari
3286 4767 3364 4827 ob
3389 4766 3627 4828 bonum
3650 4785 4023 4844 commune,

2473 4865 2535 4925 id
2567 4882 2747 4944 posse
2775 4862 2982 4923 facere
3010 4861 3357 4940 principem
3403 4879 3772 4941 supremum
3802 4907 3817 4937 ,
3867 4860 4025 4940 quia

2476 4958 2556 5018 ad
2584 4958 2789 5036 ipsum
2817 4958 3057 5036 spectat
3103 4955 3166 5013 in
3206 4954 3345 5033 lege
3378 4953 3786 5033 dispensare;
3829 4971 4026 5032 posse

2477 5051 2667 5113 etiam
2694 5050 2759 5109 in
2790 5050 2998 5128 aliquo
3026 5065 3169 5109 raro
3187 5065 3333 5108 casu
3358 5046 3635 5127 judicem
3656 5045 4028 5107 inferiorem

2479 5143 2711 5206 utendo
2743 5142 3013 5220 epiikeia
3035 5187 3050 5216 ,
3097 5140 3246 5201 licet
3274 5140 3458 5201 Sotus
3490 5139 3567 5199 de
3609 5137 3824 5219 judice
3861 5138 4030 5199 infe-

2477 5236 2625 5298 riori
2655 5236 2720 5295 id
2750 5253 2873 5295 non
2905 5233 3215 5309 admittat,
3276 5238 3339 5293 et
3394 5232 3561 5292 idem
3613 5231 3800 5292 docet
3851 5231 4030 5292 idem

2483 5328 2845 5392 Sanch.lib.
2880 5329 2983 5389 vl.
3019 5345 3155 5406 cap.
3190 5343 3284 5387 iv.
3333 5325 3482 5386 dub.
3531 5345 3585 5386 1.
3624 5345 3794 5385 num.
3843 5328 3910 5387 6.
3967 5325 4027 5386 id

2480 5425 2694 5484 tamen
2748 5419 3090 5481 admittunt
3140 5419 3388 5480 Lessius
3434 5418 3541 5479 lib.
3577 5420 3654 5480 II.
3698 5437 3837 5496 cap.
3875 5435 4024 5479 xxx.

2479 5513 2630 5576 dub.
2664 5531 2783 5575 111.
2815 5529 2989 5573 num.
3025 5514 3121 5573 15.
3159 5511 3374 5573 Sairus
3420 5512 3479 5570 in
3522 5510 3683 5571 clavi
3712 5510 3883 5589 rcqia
3914 5510 4023 5572 lib.

2474 5624 2599 5668 xii.
2636 5606 2695 5666 in
2728 5607 2871 5681 linc,
2904 5609 2969 5668 et
2994 5594 3328 5684 Fagundez
3355 5609 3671 5684 praecepto
3689 5604 3850 5665 v111.
3879 5622 4025 5683 cap.

4150 577 4218 635 73

4084 703 4185 754 Quid
4212 717 4222 744 4

4046 757 4222 865 ..ars

4090 4254 4222 4479 ilii
4151 4131 4221 4186 ι·
