4263 6376
573 2947 686 3007 123

490 3072 626 3115 Tertia
643 3084 745 3115 scn-

489 3126 617 3169 tentia
635 3139 746 3169 vera.

804 352 924 411 648

807 545 948 587 rum
993 524 1431 601 remotissime,
1483 525 1736 604 quando
1779 524 2016 586 scilicet
2057 524 2226 586 cedit
2272 524 2335 583 in

807 637 1139 681 commune
1169 618 1405 679 bonum
1454 618 1646 678 totius
1693 618 1895 695 regni,
1931 618 2009 677 ad
2045 636 2184 697 qum
2216 618 2338 676 cle-

805 712 918 773 rici
976 710 1351 790 regulariter
1401 709 1797 771 contribuere
1843 729 1966 772 non
2015 714 2330 784 tenentur,

807 809 1064 883 excepto
1095 822 1243 864 casu
1271 804 1560 864 maximae
1593 804 2004 866 necessitatis.
2039 803 2333 882 Alioquin

807 898 886 957 ad
915 898 1125 958 omnia
1152 896 1383 957 tributa
1412 896 1713 957 deberent
1739 897 2158 972 contribuere,
2194 915 2336 956 cum

807 990 1017 1051 omnia
1046 991 1171 1051 sint
1208 993 1466 1068 propter
1493 989 1813 1068 publicam
1845 994 1907 1051 et
1934 1008 2336 1051 communem

807 1083 1160 1144 utilitatem.

886 1174 1175 1235 Secunda
1202 1175 1511 1236 sententia
1539 1179 1816 1236 extrema
1845 1176 2032 1251 dicit,
2082 1193 2197 1235 nec
2232 1174 2340 1233 de-

806 1267 955 1327 bere
987 1268 1382 1327 contribuere
1426 1268 1684 1328 clericos
1729 1269 1807 1327 ad
1855 1287 1926 1328 ea
1959 1288 2098 1347 quae
2144 1268 2342 1345 respi-

806 1360 980 1422 ciunt
1005 1360 1283 1438 ipsorum
1315 1360 1641 1422 utilitatem
1669 1362 1729 1421 in
1754 1361 2136 1439 particulari,
2157 1365 2344 1439 prout

807 1453 1186 1532 explicatum
1215 1457 1308 1514 est
1336 1472 1526 1532 supra
1554 1453 1617 1513 in
1647 1455 1923 1516 secundo
1952 1456 2164 1530 modo,
2226 1453 2344 1513 nisi

807 1546 1057 1627 quando
1088 1546 1255 1607 bona
1280 1546 1582 1607 laicorum
1614 1566 1735 1608 non
1758 1548 2093 1623 sufficiunt,
2114 1553 2177 1608 et
2196 1551 2344 1608 tunc

807 1638 1143 1701 accedente
1196 1657 1504 1699 consensu
1560 1640 1790 1699 summi
1843 1641 2161 1703 Pontificis
2185 1687 2200 1716 ,
2260 1640 2347 1699 ita

809 1736 1008 1796 Sousa
1032 1779 1047 1810 ,
1081 1736 1143 1793 et
1173 1733 1451 1793 Gratian.
1497 1739 1558 1794 et
1588 1735 1824 1810 Marta,
1876 1752 2033 1813 quos
2075 1736 2257 1794 affert
2285 1736 2347 1793 et

807 1825 1084 1904 sequitur
1113 1824 1311 1885 Diana
1341 1830 1493 1887 tom.
1516 1829 1619 1888 IV.
1654 1845 1763 1887 seu
1792 1846 1854 1905 p.
1892 1844 1952 1888 v.
1985 1830 2167 1888 tract.
2203 1844 2246 1887 1.
2279 1824 2350 1885 de

805 1919 1059 1980 Immun.
1092 1919 1277 1979 resol.
1314 1921 1409 1979 11.
1445 1920 1630 1997 paulo
1663 1924 1805 1982 ante
1833 1921 2021 1980 finem
2047 1967 2062 1996 ,
2124 1919 2227 1979 ubi
2261 1919 2349 1979 af·-

807 2011 928 2071 iert
953 2010 1016 2070 in
1047 2009 1181 2090 ejus
1208 2012 1745 2074 confirmationem
1773 2012 2007 2072 bullam
2039 2014 2339 2073 Clement.

809 2105 969 2165 VIII.
1005 2122 1128 2182 qua
1159 2103 1463 2164 concessit
1509 2105 1883 2166 Florentinis
1908 2152 1923 2181 ,
1983 2110 2055 2167 ut
2092 2107 2348 2184 possent

811 2197 1140 2257 collectore
1187 2196 1445 2257 clericos
1491 2217 1603 2276 pro
1648 2198 2045 2277 impediendo
2089 2198 2345 2257 flumine

811 2291 981 2350 Arno
1014 2288 1378 2349 devastante
1409 2308 1592 2368 agros
1622 2295 1750 2352 tam
1772 2291 2346 2369 clericorumquam

810 2381 1153 2457 laicorum,
1206 2384 1527 2461 supposito
1575 2384 1744 2463 quod
1789 2383 2116 2445 facultates
2155 2384 2348 2443 laico-

810 2494 951 2535 rum
981 2493 1105 2534 non
1136 2474 1548 2552 sufficiebant,
1585 2480 1647 2536 et
1674 2475 1908 2536 bullam
1924 2477 2162 2538 Urbani
2184 2478 2342 2537 VIII.

812 2568 1238 2643 concedentiS,
1273 2568 1533 2629 clericos
1565 2572 1853 2630 Panorm.
1891 2570 2207 2631 collectari
2234 2588 2346 2648 pro

814 2661 1099 2739 expensis
1154 2661 1334 2721 factis
1384 2665 1667 2741 tempore
1721 2664 1913 2742 pestis
1936 2712 1950 2739 ,
2025 2664 2348 2742 supposito

815 2753 1004 2816 etiam
1031 2753 1200 2834 quod
1244 2753 1549 2815 laicorum
1595 2755 1919 2817 facultates
1949 2774 2074 2816 non
2102 2756 2352 2816 suffice-

818 2850 975 2908 rent.

896 2939 1105 3001 Tertia
1132 2939 1440 3001 sententia
1461 2941 1609 3001 satis
1632 2942 1980 3003 communis
1996 2943 2201 3020 docet,
2227 2962 2349 3004 non

818 3034 1048 3094 debere
1079 3052 1195 3095 nec
1223 3052 1404 3113 posse
1434 3033 1514 3093 ab
1561 3035 1994 3097 ecclesiasticis
2038 3036 2199 3116 exigi
2239 3054 2352 3115 pro

817 3125 1185 3205 reparandis
1214 3127 1430 3204 muriS,
1468 3127 1784 3207 pontibuS,
1817 3128 2114 3204 fontibuS,
2137 3133 2198 3191 et
2216 3129 2353 3191 aliis

818 3219 1099 3298 ejusdem
1129 3220 1376 3298 generis
1406 3239 1545 3300 quae
1563 3221 1796 3283 directe
1824 3222 2165 3300 respiciunt
2195 3224 2353 3285 utili·

818 3318 1013 3374 tatem
1043 3331 1438 3374 communem
1463 3361 1478 3390 ,
1532 3320 1594 3376 et
1621 3321 2077 3395 consequenter
2100 3317 2352 3378 clerico·

818 3425 980 3467 rum.
1033 3408 1207 3466 Hanc
1253 3412 1469 3468 tenent
1523 3410 1811 3469 Panorm.
1871 3412 2104 3470 Anton.
2163 3411 2347 3472 Joan.

818 3500 1014 3561 Andr.
1048 3500 1356 3561 Hostiens.
1389 3501 1622 3563 Bartol.
1657 3502 1881 3563 Decius
1903 3548 1920 3580 ,
1967 3503 2211 3565 Calder.
2245 3506 2353 3566 Ja-

817 3611 949 3671 3011,
984 3592 1142 3654 Lud.
1169 3593 1323 3671 Lop.
1359 3593 1604 3654 Silvest.
1638 3595 1873 3671 dicenS,
1906 3614 2040 3655 esse
2071 3615 2353 3656 commu-

820 3705 997 3761 nem,
1055 3687 1275 3764 Angel.
1308 3687 1566 3748 Tabien.
1618 3688 1850 3749 Metina
1882 3735 1897 3764 ,
1960 3708 2116 3768 quos
2162 3690 2352 3751 refert

820 3779 1049 3841 Sanch.
1086 3780 1146 3840 d.
1183 3779 1332 3840 dub.
1367 3797 1463 3841 ιν.
1499 3799 1672 3842 num.
1710 3785 1808 3845 12.
1842 3782 1947 3861 qui
1979 3781 2162 3858 dicit,
2211 3801 2351 3842 eam

819 3892 953 3933 esse
982 3873 1131 3934 satis
1159 3873 1572 3952 probabilem.
1607 3877 1968 3937 Less.num.
1993 3879 2092 3936 25.
2125 3878 2345 3954 Laym.

817 3965 1084 4026 Homob.
1118 3967 1302 4027 Joan.
1351 3966 1428 4026 de
1470 3966 1532 4026 la
1561 3969 1717 4029 Cruz
1745 4015 1760 4044 ,
1821 3969 2081 4030 BarbOS.
2136 3970 2347 4030 Salon.

818 4058 1038 4135 Sousa,
1074 4059 1301 4135 Portel,
1337 4060 1606 4121 Alterius
1627 4106 1642 4136 ,
1690 4062 1948 4122 Carolus
1978 4062 2055 4121 de
2086 4062 2346 4138 GrassiS,

816 4152 1099 4225 AzoriuS,
1133 4152 1399 4231 Megala,
1434 4152 1781 4231 Molfesius,
1815 4154 2124 4230 DuarduS,
2159 4155 2355 4215 Belle-

817 4249 953 4320 tuS,
1014 4245 1217 4306 Marta
1258 4250 1320 4306 et
1365 4245 1466 4305 alii
1517 4264 1673 4325 quos
1703 4248 1919 4324 affert,
1981 4251 2043 4308 et
2070 4248 2353 4326 sequitur

816 4338 1015 4398 Diana
1043 4354 1086 4396 1.
1119 4341 1206 4397 to.
1240 4337 1392 4397 locis
1420 4357 1610 4416 supra
1629 4339 1857 4401 citatis,
1892 4341 2123 4400 Suarez
2145 4340 2226 4400 ad
2258 4358 2353 4400 re-

814 4449 958 4510 gem
983 4431 1223 4508 Anghre
1267 4431 1373 4491 lib.
1407 4433 1512 4495 IV.
1546 4451 1682 4511 cap.
1717 4449 1886 4493 xxvr.
1940 4452 2045 4493 nu.
2080 4436 2140 4493 3.
2175 4433 2345 4493 Moli.

816 4524 878 4584 d.
917 4523 1147 4601 disput.
1181 4525 1319 4583 672.
1379 4527 1442 4584 et
1469 4524 1574 4584 alii
1603 4525 1803 4585 multi.
1858 4526 2007 4597 Quae
2038 4526 2351 4586 sententia

815 4616 972 4675 mihi
1001 4634 1150 4674 vera
1170 4616 1420 4678 videtur
1452 4637 1465 4679 :
1503 4618 1648 4697 quia
1675 4619 1727 4678 si
1756 4619 1818 4677 in
1848 4618 1945 4676 his
1973 4618 2224 4678 casibus
2256 4637 2351 4679 ec-

817 4709 1146 4770 clesiastici
1176 4728 1300 4769 non
1331 4710 1454 4771 sint
1484 4710 1778 4790 exempti,
1814 4711 1944 4770 fere
1975 4710 2053 4770 ad
2086 4710 2349 4771 nihilum

815 4820 1032 4862 corum
1054 4802 1412 4864 immunitas
1441 4804 1763 4865 reducitur
1785 4851 1799 4880 ,
1834 4822 1976 4864 cum
2007 4804 2352 4864 communi-

815 4901 909 4955 ter
936 4895 1199 4974 gabellae
1230 4896 1308 4955 ad
1341 4897 1454 4956 has
1481 4944 1495 4972 ,
1531 4898 1626 4957 vel
1649 4898 1921 4976 {equales
1953 4898 2352 4960 necessitates

813 4988 1237 5066 imponantur,
1273 5009 1349 5048 ex
1380 4990 1606 5068 quibus
1633 4990 1948 5051 redundat
1977 4991 2210 5052 utilitas
2240 5011 2351 5071 pu·

812 5080 994 5156 blica,
1030 5085 1093 5142 et
1119 5087 1574 5161 consequenter
1605 5083 1664 5141 in
1711 5083 2004 5160 clericOS,
2056 5083 2161 5162 qui
2207 5089 2352 5143 sunt

812 5179 1019 5254 partes
1048 5175 1514 5236 communitatis
1577 5196 1588 5236 :
1650 5176 1713 5235 in
1752 5177 1871 5237 hoc
1911 5182 2121 5238 autem
2153 5176 2350 5236 consi·

810 5267 916 5329 stit
943 5285 1159 5328 eorum
1189 5268 1502 5347 exemptio
1531 5315 1545 5345 ,
1595 5274 1663 5330 ut
1692 5275 1947 5348 propter
1977 5270 2349 5349 dignitatem

811 5363 872 5420 et
896 5364 1151 5439 propter
1179 5360 1484 5420 beneficia
1512 5362 1849 5441 superioris
1886 5363 2155 5437 ordinis,
2210 5381 2348 5442 quoe

810 5453 1079 5530 populus
1126 5453 1204 5513 ab
1253 5453 1326 5514 iis
1363 5453 1658 5517 continuo
1715 5457 1979 5535 accipit,
2037 5456 2349 5515 immunes

811 5543 935 5607 sint
961 5546 1042 5607 ab
1074 5546 1379 5626 ejusmodi
1411 5548 1704 5610 oneribus
1734 5547 2207 5625 communibus,
2265 5548 2348 5607 si-

1962 348 2064 409 DE
2106 347 2462 410 JUSTITIA
2508 348 2607 408 ET
2649 348 2849 410 JURE

2436 528 2542 586 cut
2570 531 2632 586 et
2658 526 2769 585 viri
2804 525 3046 586 nobiles
3090 526 3398 587 immunes
3446 530 3591 588 sunt
3638 528 3719 587 ob
3749 529 3975 588 merita

2434 634 2687 678 suorum
2716 619 3186 696 progenitorum
3218 639 3252 678 a
3282 619 3495 679 multis
3526 620 3798 693 tributis,
3832 640 3973 699 quae

2432 711 2494 770 in
2527 729 2921 772 communem
2952 717 3014 772 et
3031 711 3346 791 publicam
3371 712 3699 773 utilitatem
3722 713 3974 772 solvun-

2433 809 2569 880 tur,
2624 810 2684 865 et
2712 823 2747 862 a
2778 805 3151 883 recipiendis
3180 805 3479 866 militibus
3510 806 3571 864 in
3603 805 3967 884 hospitium,

2432 895 2578 957 licet
2607 896 2740 956 haec
2769 899 3043 976 receptio
3075 898 3426 959 necessaria
3446 898 3527 959 sit
3543 898 3623 958 ad
3654 898 3973 978 publicam

2434 990 2785 1051 utilitatem.

2518 1085 2645 1143 Nec
2692 1082 2941 1143 obstant
2988 1084 3157 1161 leges
3203 1084 3451 1159 civiles,
3486 1084 3537 1143 si
3567 1102 3706 1163 quae
3736 1089 3887 1145 sunt
3914 1083 3977 1143 in

2436 1176 2843 1251 contrarium,
2865 1195 3006 1236 cum
3045 1178 3140 1238 hae
3174 1196 3294 1238 non
3325 1178 3567 1256 possint
3594 1177 3975 1237 immunitati

2438 1268 2873 1330 ecclesiasticae
2904 1269 3232 1347 derogare,
3260 1274 3321 1330 et
3349 1271 3445 1329 lex
3469 1270 3593 1345 illa,
3628 1269 3732 1330 Ad
3756 1271 3978 1330 instru-

2439 1363 2671 1438 ctiones,
2707 1380 2829 1421 non
2860 1362 2992 1421 sinc
3028 1381 3218 1423 causa
3262 1368 3542 1424 correcta
3563 1364 3890 1442 judicatur
3916 1364 3981 1423 in

2442 1455 2578 1534 ipso
2601 1454 2743 1533 jure
2775 1455 2941 1514 civili
2971 1455 3030 1514 in
3064 1456 3253 1516 Auth.
3288 1456 3432 1516 Item
3459 1456 3619 1515 nulla
3644 1503 3659 1527 ,
3723 1456 3877 1517 Cod.
3914 1455 3984 1515 de

2442 1548 2724 1629 Epz'scop.
2772 1556 2826 1607 et
2858 1547 3017 1609 Cler.
3068 1567 3207 1627 quae
3250 1554 3344 1609 est
3391 1568 3556 1609 nova
3602 1549 3980 1609 Constitutio

2444 1641 2745 1702 Friderici
2779 1640 3194 1718 imperatoris,
3258 1644 3334 1702 Et
3382 1642 3689 1721 quidquid
3736 1642 3815 1702 de
3862 1642 3981 1701 illis

2441 1734 2685 1811 legibus
2715 1734 2831 1808 sit,
2891 1734 2956 1793 in
3000 1733 3120 1794 hoc
3164 1741 3396 1813 puncto
3445 1735 3743 1796 standum
3774 1735 3981 1814 magis

2442 1827 2635 1886 sacris
2666 1825 3043 1897 canonibus;
3100 1826 3369 1887 babetur
3408 1834 3614 1889 autem
3648 1848 3722 1886 ex
3751 1827 3979 1888 concil.

2441 1919 2849 1980 Lateranensi
2876 1919 3073 1979 relato
3103 1919 3166 1978 in
3196 1938 3335 1997 cap.
3377 1919 3512 1980 Non
3544 1920 3752 1995 minus,
3786 1918 3985 1979 deim-

2442 2013 2647 2073 mum't.
2683 2011 2745 2072 E
2747 2011 2910 2072 ccleS.
2946 2012 3007 2072 in
3039 2012 3285 2073 fossatis
3319 2012 3642 2086 faciendis
3666 2034 3808 2094 quae
3839 2018 3985 2074 sunt

2445 2107 2520 2166 ad
2544 2106 2715 2166 urbis
2733 2106 3102 2183 custodiam,
3130 2111 3190 2166 et
3208 2106 3535 2168 utilitatem
3557 2126 3590 2167 0
3619 2126 3982 2182 -mmunem,

2443 2218 2567 2259 non
2598 2217 2731 2259 0330
2762 2198 2999 2277 aliquid
3026 2198 3401 2275 exigendum
3423 2218 3462 2259 0
3489 2198 3750 2276 clericis,
3777 2219 3987 2278 neque

2442 2293 2522 2352 ad
2552 2291 3002 2371 expeditioneS,
3041 2291 3155 2351 nisi
3173 2292 3501 2370 episcopus
3526 2296 3587 2352 et
3613 2293 3818 2353 clerus
3851 2299 3987 2353 tan-

2443 2390 2573 2447 tam
2606 2384 3038 2446 necessitatem
3080 2385 3178 2444 vel
3226 2385 3555 2447 utilitatem
3602 2387 3987 2464 aspexerint,

2445 2484 2515 2539 ut
2543 2479 2779 2557 absque
2810 2478 2936 2538 ulla
2963 2478 3285 2539 exactione
3308 2478 3388 2537 ad
3419 2479 3789 2540 relevandas
3818 2496 3989 2539 com-

2446 2590 2669 2631 munes
2701 2571 3024 2646 utilitates,
3057 2571 3156 2630 vel
3188 2571 3621 2647 necessitateS,
3657 2571 3764 2632 11111
3793 2571 3991 2632 10100-

2445 2683 2587 2726 rum
2616 2683 2739 2724 non
2772 2666 3116 2742 suppetunt
3142 2664 3470 2725 facultates
3495 2711 3510 2738 ,
3563 2664 3849 2724 subsidia
3881 2684 3994 2743 per

2450 2758 2745 2818 ecclesias
2776 2757 3130 2818 existiment
3157 2756 3562 2817 conferenda.
3607 2757 3785 2830 Quod
3815 2758 3989 2817 idem

2447 2851 2751 2931 repetitur
2778 2850 2893 2910 sub
2923 2850 3145 2911 eodem
3174 2849 3572 2911 anathemate
3605 2849 3663 2909 in
3687 2869 3825 2928 cap.
3856 2849 3992 2910 Ad-

2450 2964 2680 3021 versus,
2741 2942 2934 3005 eodem
2962 2942 3162 3017 titulo,
3211 2947 3273 3003 ct
3309 2941 3564 3003 additur
3609 2942 3671 3001 id
3703 2944 3877 3021 quod
3911 2944 3993 3002 ad

2451 3039 2853 3098 necessitates
2882 3037 2978 3096 vel
3029 3036 3326 3097 utilitates
3355 3055 3720 3097 communes
3748 3036 3993 3114 episco-

2452 3150 2566 3211 pus
2597 3134 2659 3192 et
2689 3131 2889 3190 clerus
2918 3128 3153 3208 absque
3182 3128 3311 3188 ulla
3339 3128 3662 3188 coactione
3682 3176 3701 3202 ,
3736 3128 3848 3187 ubi
3881 3129 3996 3188 lai-

2451 3243 2669 3286 corum
2724 3242 2848 3284 non
2897 3225 3238 3300 suppetunt
3264 3221 3595 3283 facultates
3619 3268 3635 3297 ,
3697 3222 3997 3283 duxerint

2451 3319 2529 3379 ab
2560 3315 2836 3377 ecclesiis
2866 3316 3337 3391 conferendum,
3360 3314 3792 3392 recipiendum
3812 3335 3857 3374 a
3878 3317 3992 3376 lai·

2450 3412 2537 3472 cis
2568 3408 2906 3484 humiliter,
2928 3408 3230 3468 etdevote
3248 3426 3391 3468 cum
3416 3407 3765 3485 gratiarum
3793 3408 3996 3469 actio·

2449 3524 2527 3565 ne
2556 3551 2571 3580 ,
2617 3521 2755 3581 quae
2786 3500 2979 3560 verba
3003 3500 3247 3559 concilii
3290 3499 3599 3578 generalis
3628 3499 3787 3561 adeo
3816 3502 3996 3560 clara

2449 3601 2613 3672 sunt,
2651 3601 2720 3656 ut
2749 3592 3132 3673 expositione
3182 3611 3306 3652 non
3355 3593 3707 3671 indigeant,
3744 3597 3805 3653 et
3858 3598 3995 3653 baec
4217 3595 4219 3660 l

2449 3690 2660 3751 omnia
2688 3689 2985 3747 innovata
3012 3688 3232 3765 postea
3260 3690 3404 3747 sunt
3434 3687 3496 3744 in
3539 3684 3998 3763 posterioribus
4218 3683 4219 3694 ¹

4137 3735 4220 3932 ,Α

2449 3781 2748 3844 concUHS.

2451 3969 2618 4044 111110,
2655 3967 2818 4047 quod
2853 3965 3045 4045 aliqui
3076 3965 3293 4025 dicunt
3320 3965 3382 4024 in
3416 3964 3722 4044 ejusmodi
3753 3966 3999 4026 contri·
4042 4003 4102 4044 An
4139 3987 4220 4052 a&

4109 1094 4201 1151 1211

2530 3874 2707 3937 Unde
2737 3873 2935 3933 infero
2971 3872 3173 3950 primo
3199 3918 3214 3947 ,
3249 3871 3661 3931 refellendum
3690 3890 3827 3932 esse
3863 3891 3993 3933 om·

2452 4062 2705 4122 butione
2732 4059 2811 4119 ad
2842 4058 2955 4118 has
3004 4076 3369 4118 communes
3415 4057 3819 4118 necessitates
3868 4077 3993 4118 non
4045 4053 4215 4150 yffi

2450 4153 2723 4233 requiri,
2773 4150 2941 4231 quod
2968 4151 3270 4210 laicorum
3300 4150 3467 4210 bona
3496 4167 3618 4209 non
3648 4150 3993 4226 sufficiant,
4047 4176 4094 4205 aa
4121 4157 4220 4204 macl

2449 4250 2520 4307 ut
2551 4245 2758 4306 clerici
2788 4244 3184 4305 contribuere
3215 4242 3488 4302 debeant
3520 4259 3535 4305 :
3583 4243 3753 4321 quod
3783 4244 4001 4304 minus
4218 4243 4219 4254 ¹

2452 4344 2631 4401 caute
2661 4335 2970 4399 concessit
3018 4335 3248 4397 Sanch.
3298 4354 3470 4395 num.
3514 4338 3604 4395 19.
3656 4335 3763 4413 qui
3814 4337 4005 4395 affert

2449 4451 2562 4513 pro
2593 4451 2659 4493 se
2688 4448 3085 4492 communem
3115 4447 3320 4489 usum.
3373 4427 3497 4489 Sed
3528 4432 3695 4488 certe
3727 4428 4004 4488 concilia

2452 4526 2511 4584 iel
2537 4524 2843 4604 expressis
2876 4523 3082 4582 verbis
3108 4522 3368 4598 exigunt
3397 4566 3412 4597 ,
3474 4525 3545 4581 ut
3576 4520 3875 4596 vidimuS,
3939 4526 4004 4581 et

2450 4636 2598 4678 usus
2627 4617 2687 4676 in
2727 4615 2901 4677 curia
2935 4616 3020 4676 ita
3052 4614 3263 4691 babet,
3299 4619 3367 4674 ut
3396 4632 3523 4673 non
3552 4612 4005 4674 concedatura

2451 4728 2696 4772 summo
2727 4708 3025 4770 Pontifice
3074 4707 3176 4767 illa
3220 4707 3482 4768 facultas
3526 4705 3642 4765 nisi
3690 4723 3835 4765 cum
3888 4706 4003 4766 tali

2451 4803 2751 4878 clausula,
2786 4805 2856 4862 ut
2884 4804 3128 4862 constat
3156 4819 3230 4859 ex
3259 4799 3442 4859 bullis
3460 4799 3663 4861 citatis
3684 4798 4000 4860 Clement.

2451 4899 2609 4958 VIII.
2645 4901 2706 4957 et
2736 4896 2972 4957 Urbani
3001 4896 3163 4956 Vlll.
3203 4898 3265 4954 et
3312 4894 3375 4952 id
3425 4893 3525 4953 alii
3576 4892 4006 4952 communiter

2450 4990 2831 5069 supponunt.
2864 4987 3165 5048 Dubitant
3192 4991 3424 5063 autem,
3455 4984 3605 5065 quid
3634 4985 4008 5063 requiratur

2451 5088 2520 5144 ut
2565 5083 2666 5142 illa
2699 5081 2891 5141 verba
2944 5079 3362 5140 verificentur.
3424 5077 3633 5156 Aliqui
3679 5078 3853 5136 enim
3904 5078 4006 5136 di-

2451 5180 2620 5251 cunt,
2655 5173 2964 5234 verificari
2995 5173 3246 5253 quando
3271 5191 3393 5232 non
3427 5174 3770 5249 suppetunt
3796 5170 4007 5231 facul·

2451 5273 2609 5329 tates
2639 5285 3005 5328 communes
3034 5265 3323 5341 civitatis,
3343 5265 3493 5325 licet
3506 5264 3848 5323 facultates
3870 5263 4005 5342 pri·

2450 5366 2737 5423 vatorum
2769 5360 3129 5420 sufficerent
3159 5377 3173 5417 ε
3209 5357 3484 5435 alioquin
3515 5374 3843 5435 nunquam
3880 5357 4005 5416 cle·
4214 5335 4220 5434 Ι

2447 5455 2560 5515 rici
2593 5453 2913 5533 obligandi
2942 5455 3179 5524 essent;
3213 5452 3360 5530 quia
3379 5469 3522 5510 raro
3552 5448 3640 5510 ita
3668 5447 4004 5510 exhausta:

2448 5551 2592 5609 sunt
2622 5547 2948 5608 facultates
2976 5544 3303 5620 laicorum,
3336 5548 3406 5604 ut
3434 5559 3557 5603 non
3587 5545 3849 5621 possent
3883 5541 4004 5603 hos
