4263 6376
92 2538 101 2587 v

92 2664 166 2860 ’ἑοῖ

1151 380 1621 445 DISPU'PA'PIO
1664 381 1880 460 XXVI,
1930 382 2203 446 SECTIO
2242 385 2373 447 vll.

207 576 257 619 c.
290 553 615 632 Consuluit,
649 572 706 616 c.
739 554 798 616 in
824 555 1077 634 civitate,
1112 560 1244 621 etc.
1277 557 1625 639 Naviqanei,
1661 558 1732 620 de

205 649 404 711 usin-³25.
438 648 566 710 Sed
595 649 664 710 in
695 649 790 710 his
817 650 1089 712 textibus
1126 651 1328 712 solum
1360 652 1733 731 reprobatur

206 747 607 821 augmentum
651 760 839 821 supra
889 744 1163 823 pretium
1202 743 1444 823 justum
1473 747 1732 823 propter

206 835 450 897 dilatam
485 834 868 896 solutionem
914 837 1096 916 pretii
1147 856 1160 899 ε
1212 838 1276 898 in
1319 855 1471 899 casu
1516 841 1730 899 autem

205 927 482 1006 praesenti
514 927 790 988 diximus
818 947 943 989 non
972 929 1102 1007 peti
1122 928 1359 1008 aliquid
1377 949 1567 1009 supra
1595 948 1730 1008 pre·

205 1020 348 1081 tium
366 1019 626 1099 justum,
651 1022 763 1083 sed
778 1021 976 1084 solum
996 1024 1263 1101 pretium
1278 1023 1540 1103 justum,
1558 1023 1728 1103 quod

205 1120 400 1174 tamen
428 1113 764 1175 occasione
793 1115 1116 1177 solutionis
1142 1116 1558 1179 communiter
1577 1116 1729 1176 dila-

206 1210 299 1282 tae,
330 1206 783 1286 etfrequentiae
800 1212 1175 1288 emptorum,
1200 1208 1404 1289 majus
1421 1213 1514 1270 est
1536 1226 1727 1289 quam

206 1298 406 1360 suisset
426 1344 443 1374 ,
503 1298 556 1358 si
615 1300 821 1360 solum
876 1302 1144 1380 pecunia
1208 1301 1500 1381 praesenti
1555 1305 1728 1364 tanta

205 1390 493 1542 {nei-cium
534 1392 726 1472 copia
771 1393 1181 1457 distrahenda
1220 1395 1400 1457 brevi
1443 1399 1725 1474 tempore

228 1485 425 1546 uisset.

878 1876 935 1957 §-
967 1878 1028 1938 3.

207 2142 481 2222 Quomodo
508 2143 582 2206 ob
597 2143 983 2225 antia-spatam
996 2142 1337 2205 solutionem
1354 2144 1539 2227 pretii
1557 2145 1729 2208 liceat

691 2269 816 2313 rem
842 2249 1014 2313 vilius
1040 2269 1245 2315 emere.

276 2515 402 2576 Huc
429 2513 755 2593 pertinent
782 2513 992 2576 omnia
1022 2530 1163 2593 quoe
1192 2514 1257 2574 in
1275 2512 1548 2594 praeced.
1573 2531 1728 2592 pun-

207 2609 294 2668 cto
321 2606 484 2669 dicta
511 2612 686 2684 sunt,
762 2624 977 2667 omnes
1024 2606 1193 2665 enim
1232 2607 1319 2667 illi
1372 2606 1534 2669 tituli
1573 2607 1730 2667 lucri

148 2734 166 2745 -
206 2700 509 2761 cessantis.
557 2699 779 2760 damni
810 2699 1221 2776 emergentia,
1271 2699 1534 2778 periculi
1563 2699 1730 2759 circa

207 2811 326 2852 rem
347 2798 631 2871 emptam
654 2791 1037 2869 habendam,
1074 2810 1512 2870 expensarum,
1537 2792 1729 2852 mole·

206 2886 326 2946 stiae
364 2890 426 2947 et
453 2886 566 2946 alii
614 2903 811 2965 supra
840 2884 1185 2946 enumerati
1238 2884 1555 2945 deservire
1585 2902 1729 2945 cum

205 2978 597 3059 proportione
630 2983 915 3058 possunt,
976 2982 1045 3039 ut
1097 2977 1296 3057 possit
1351 2979 1491 3058 quis
1545 2978 1727 3039 vilius

206 3089 398 3132 emere
429 3072 781 3149 anticipata
810 3071 992 3149 pretii
1021 3071 1332 3133 solutione
1369 3088 1383 3134 τ
1431 3071 1592 3132 sicut
1619 3090 1728 3149 po·

203 3168 312 3227 test
337 3163 524 3228 etiam
556 3164 726 3226 intra
752 3164 1144 3227 latitudinem
1165 3164 1346 3244 pretii
1368 3182 1576 3225 emere
1596 3165 1725 3226 solo

203 3260 384 3337 pretio
413 3259 638 3319 infimo
670 3258 865 3319 dilata
891 3258 1227 3319 traditione
1254 3258 1559 3319 mercium
1587 3263 1729 3336 post

202 3352 559 3414 solutionem
620 3351 831 3430 pretii.
889 3353 1147 3413 Constat
1213 3352 1424 3429 etiam,
1485 3353 1726 3413 secluso

226 3446 378 3508 omni
408 3446 534 3508 alio
565 3444 753 3506 titulo
776 3490 792 3522 ,
836 3459 961 3505 non
990 3462 1174 3523 posse
1224 3445 1356 3505 sine
1387 3463 1576 3505 usura
1605 3445 1726 3505 emi

202 3556 320 3598 rem
348 3539 512 3600 intra
536 3538 818 3618 pretium
846 3538 1130 3598 infimum
1153 3537 1394 3617 justum
1425 3538 1506 3598 ob
1527 3538 1727 3598 solam

204 3632 372 3709 pretii
428 3630 844 3710 anticipatam
896 3629 1272 3691 solutionem
1299 3676 1314 3706 ‚
1373 3631 1520 3709 quia
1573 3630 1726 3691 illud

205 3725 373 3802 pretii
400 3723 880 3784 decrementum
918 3722 1296 3784 retineretur
1336 3724 1415 3783 ab
1446 3728 1725 3802 emptore

202 3816 273 3876 ob
323 3823 616 3878 mutuum
662 3816 927 3878 virtuale
977 3834 1099 3897 quo
1158 3817 1429 3895 pretium
1483 3820 1728 3878 mutuat

204 3914 321 3971 toto
349 3911 452 3971 illo
485 3915 775 3990 tempore
802 3915 948 3971 ante
977 3915 1262 3989 receptas
1289 3928 1548 3972 merces,

273 4004 614 4067 Sciendum
644 4009 855 4065 autem
885 4007 998 4079 est,
1034 4003 1306 4082 pretium
1329 4003 1570 4083 justum
1600 4022 1724 4064 non

201 4113 325 4156 esse
350 4097 739 4158 sumendum
782 4114 854 4157 ex
883 4096 1099 4156 valore
1128 4097 1424 4176 praesenti
1443 4143 1458 4173 ,
1510 4097 1622 4157 sed
1651 4116 1726 4157 ex

201 4190 399 4251 valore
430 4208 627 4271 quem
654 4208 755 4250 res
784 4188 1045 4250 habebit
1070 4193 1354 4270 tempore
1412 4207 1536 4270 quo
1593 4208 1726 4250 em-

201 4284 352 4362 ptori
402 4283 718 4345 tradenda
769 4287 865 4344 est
905 4303 918 4344 :
978 4282 1124 4362 quia
1178 4301 1322 4344 cum
1362 4301 1462 4344 res
1503 4301 1716 4343 eman-

201 4383 295 4436 tur
366 4377 427 4437 in
499 4394 687 4437 usum
708 4421 724 4453 ‚
783 4378 847 4436 et
890 4378 1044 4437 tunc
1099 4375 1300 4436 solum
1345 4375 1603 4437 veniant
1657 4376 1721 4436 in

200 4487 367 4529 usum
396 4469 700 4548 emptoris
722 4514 737 4545 ,
770 4467 1022 4548 quando
1040 4468 1098 4528 ei
1115 4469 1484 4541 traduntur;
1511 4487 1622 4548 pro
1647 4486 1721 4532 eo

200 4563 385 4622 solum
403 4567 693 4641 tempore
710 4579 929 4622 earum
955 4561 1133 4622 valor
1161 4561 1566 4622 {estimandus
1602 4567 1716 4624 est.

200 4656 386 4732 Unde,
418 4656 567 4718 licet
593 4673 760 4715 nunc
787 4655 1062 4716 triticum
1093 4655 1309 4715 valeat
1328 4660 1470 4715 octo
1501 4673 1722 4733 argen-

201 4748 329 4824 teis,
362 4768 485 4810 non
516 4748 755 4829 poteris
798 4766 872 4810 eo
902 4750 1104 4828 pretio
1134 4748 1286 4807 illud
1317 4765 1484 4810 nunc
1515 4767 1722 4809 emere

201 4842 567 4902 tradendum
599 4842 717 4904 tibi
743 4860 958 4902 mense
987 4841 1196 4917 Junio,
1232 4841 1483 4920 quando
1514 4860 1722 4921 spera-

202 4938 295 4995 tur
308 4936 645 4997 valiturum
669 4934 1025 4996 duodecim.
1058 4936 1108 4995 E
1128 4939 1348 4996 contra
1372 4952 1544 5011 vero,
1578 4935 1724 4996 licet

203 5046 357 5088 nunc
397 5029 612 5089 valeat
637 5028 858 5107 viginti
887 5029 1118 5107 poteris
1148 5046 1313 5090 nunc
1342 5046 1551 5088 emere
1581 5032 1721 5091 octo

201 5122 498 5199 argenteis
527 5121 907 5182 tradendum
937 5126 1220 5200 tempore
1249 5121 1491 5198 messis,
1527 5140 1726 5202 quan·

201 5212 274 5273 do
301 5214 451 5275 illud
479 5215 762 5275 futurum
793 5215 1072 5276 creditur
1100 5215 1234 5293 ejus
1264 5215 1557 5294 pretium.

270 5306 444 5369 Unde
468 5354 485 5384 ,
546 5307 710 5369 sicut
758 5326 951 5388 supra
992 5309 1262 5369 diximus
1293 5310 1372 5369 de
1402 5308 1602 5387 pretio
1630 5308 1722 5369 rei

200 5417 378 5478 quam
405 5399 699 5461 venditor
741 5419 992 5462 servare
1023 5401 1416 5477 decreverat,
1459 5401 1548 5462 sic
1576 5420 1720 5462 cum

200 5494 593 5572 proportione
639 5493 978 5555 dicendum
1023 5497 1118 5555 est
1147 5494 1222 5554 do
1254 5492 1453 5573 pretio
1487 5493 1577 5553 rei
1606 5512 1720 5573 po-

175 5589 322 5647 'stea
349 5586 675 5652 tradendoe
710 5606 724 5650 ε
757 5591 964 5669 potest
983 5587 1154 5650 enim
1181 5586 1283 5649 vel
1300 5585 1716 5650 determinate

3239 388 3355 449 299

1829 560 2019 622 statui
2040 560 2222 639 juxta
2267 561 2333 622 id
2363 561 2533 643 quod
2561 562 2702 642 plus
2730 563 3017 625 minusve
3045 562 3149 624 illo
3198 565 3357 626 tem-

1827 671 1980 732 pore
2008 654 2277 717 valitura
2305 656 2616 730 creditur;
2669 660 2731 718 et
2768 661 2920 720 tuno
2966 661 3096 719 esto
3137 660 3357 737 postea

1827 746 2024 808 multo
2054 748 2193 827 plus
2221 750 2323 809 vel
2351 749 2558 811 minus
2585 750 2813 826 valeat,
2848 753 3202 814 contractus
3230 767 3355 810 ser-

1825 840 2070 900 vandus
2124 845 2221 903 est
2273 845 2530 922 propter
2584 843 3005 923 oequalitatem
3075 861 3261 923 quam
3316 860 3357 903 a

1826 933 2131 1012 principio
2163 933 2402 997 habuit.
2437 936 2550 997 Vel
2579 940 2784 1014 potest
2811 935 3000 998 etiam
3029 936 3150 996 emi
3188 952 3355 997 nunc

1826 1044 1927 1086 res
1956 1026 2265 1088 tradenda
2294 1031 2435 1106 post
2478 1046 2584 1089 sex
2627 1046 2872 1090 menses
2913 1047 3036 1089 non
3065 1028 3355 1089 determi-

1827 1119 2034 1180 nando
2062 1120 2353 1199 pretium,
2388 1121 2499 1182 sed
2526 1122 2727 1200 pretio
2758 1122 2957 1183 solum
2978 1120 3251 1183 currenti
3280 1137 3353 1181 eo

1825 1216 2108 1292 tempore
2139 1213 2307 1292 quod
2338 1214 2417 1274 ad
2438 1214 2528 1274 rei
2544 1215 2946 1275 traditionem
2966 1214 3350 1293 designatur.

1825 1308 1974 1367 Hoec
2014 1310 2225 1367 autem
2268 1307 2479 1367 omnia
2507 1307 2858 1386 procedunt
2883 1307 3107 1369 eodem
3135 1307 3349 1385 mod0,

1825 1399 1973 1460 licet
1999 1399 2271 1478 pretium
2295 1400 2634 1479 anticipata
2665 1400 2974 1462 solutione
3001 1419 3125 1461 non
3146 1400 3350 1477 detur,

1824 1491 1934 1553 sed
1965 1495 2322 1553 contractus
2350 1493 2552 1553 solum
2579 1493 2689 1556 fiat
2709 1493 2855 1555 data
2874 1493 2973 1554 vel
3009 1493 3198 1556 etiam
3230 1510 3355 1553 non

1826 1584 1973 1646 data
2002 1583 2193 1644 arrha
2213 1630 2228 1661 ‚
2280 1585 2502 1646 eodem
2535 1585 2700 1646 enim
2740 1586 2928 1647 modo
2957 1586 3229 1666 pretium
3260 1604 3355 1647 re·

1826 1677 2172 1756 gulandum
2201 1678 2318 1739 erit
2337 1678 2518 1758 juxta
2552 1679 2833 1739 valorem
2868 1681 3215 1759 speratum,
3255 1679 3356 1740 vel

1823 1769 2101 1833 futurum
2129 1774 2412 1850 tempore
2442 1772 2533 1832 rei
2559 1771 2883 1834 tradendas
2916 1773 3266 1853 designatO.

1905 1864 2063 1925 Hinc
2089 1868 2301 1927 autem
2329 1864 2544 1925 inferri
2568 1868 2794 1944 potest,
2826 1865 2880 1926 si
2908 1884 3073 1927 nunc
3103 1866 3354 1946 quando

1825 1956 2097 2018 triticum
2127 1956 2296 2017 valet
2337 1960 2434 2018 10.
2496 1975 2668 2018 emas
2724 1957 2877 2018 illud
2935 1976 3007 2019 eo
3063 1958 3263 2038 pretio
3318 1976 3355 2019 a

1825 2049 2066 2112 Joanne
2111 2049 2492 2111 tradendum
2548 2049 2662 2112 tibi
2707 2068 2920 2111 mense
2965 2051 3170 2129 Maio,
3231 2068 3355 2132 quo

1826 2146 2114 2222 speratur
2139 2143 2460 2203 moraliter
2471 2142 2810 2205 valiturum
2826 2143 3208 2227 quindecim,
3244 2144 3356 2204 de-

1824 2236 1974 2296 bere
2000 2236 2150 2296 dare
2168 2239 2230 2297 te
2256 2237 2484 2298 Joanni
2504 2240 2722 2315 postea
2746 2237 2869 2297 alia
2889 2237 3185 2317 quinque,
3215 2236 3360 2298 licet

1825 2347 2039 2389 mense
2069 2329 2232 2391 Maio
2260 2330 2466 2391 valeat
2494 2330 2695 2391 solum
2725 2331 2966 2406 decem,
3012 2329 3160 2409 quia
3195 2332 3356 2391 tem-

1827 2440 1979 2502 pore
2009 2426 2370 2484 contractus
2400 2423 2555 2485 illud
2583 2428 2719 2485 erut
2755 2424 3024 2502 pretium
3051 2422 3354 2499 debitum,

1827 2519 2015 2595 prout
2043 2519 2180 2577 erat
2206 2517 2267 2575 in
2298 2534 2429 2594 spe.
2463 2518 2640 2593 Item,
2674 2517 2725 2577 si
2745 2517 2983 2577 vendas
3012 2534 3178 2576 nunc
3204 2516 3359 2576 triti·-

1828 2628 1969 2669 cum
1990 2626 2103 2688 pro
2124 2608 2347 2686 viginti
2384 2608 2761 2669 tradendum
2776 2627 2991 2669 mense
3017 2608 3200 2685 Maio,
3235 2624 3357 2686 quo

1827 2705 2115 2781 speratur
2142 2701 2481 2761 valiturum
2522 2701 2880 2781 quindecim
2910 2701 3139 2761 debere
3168 2705 3229 2762 te
3256 2717 3357 2758 re-

1827 2794 2082 2856 stituere
2138 2794 2403 2873 emptori
2458 2794 2733 2875 quinque
2767 2839 2783 2871 ,
2844 2794 3087 2855 etiamsi
3139 2809 3355 2852 mense

1827 2887 1990 2949 Maio
2017 2886 2224 2947 valeat
2249 2885 2468 2964 viginti
2498 2906 2637 2966 quae
2676 2886 2991 2965 accepisti.
3023 2887 3115 2946 Ita
3144 2904 3216 2945 ex
3239 2884 3353 2946 Sil-

1826 2984 2065 3056 vestro,
2116 2978 2349 3040 Molina
2378 2979 2540 3057 disp.
2576 2980 2716 3040 352.
2748 2979 2805 3057 ἓ.
2839 2977 3140 3039 Secundus
3165 2996 3348 3042 casus.

1828 3076 1892 3132 et
1919 3072 2094 3132 Salas
2122 3089 2267 3131 curn
2297 3070 2433 3131 aliis
2462 3070 2613 3133 dub.
2652 3087 2775 3132 ux.

1906 3164 2250 3226 Difficultas
2279 3163 2541 3226 celebris
2587 3164 2650 3225 in
2681 3163 2802 3225 hoc
2829 3167 3062 3244 puncto
3092 3168 3187 3229 est
3207 3212 3224 3243 ‚
3276 3181 3355 3227 an

1826 3276 2067 3319 merces
2095 3257 2215 3318 illae
2259 3276 2399 3338 quae
2444 3258 2782 3337 anticipata
2822 3258 3129 3319 solutione
3174 3258 3358 3339 pretii

1826 3351 1948 3412 emi
1985 3351 2187 3411 solent
2209 3397 2223 3426 ,
2281 3351 2523 3430 possint
2576 3351 2915 3431 aliquando
2969 3353 3151 3414 vilius
3206 3353 3351 3431 emi,

1826 3462 2016 3525 quam
2057 3448 2277 3524 postea
2316 3448 2600 3523 tempore
2641 3445 2996 3506 traditionis
3033 3446 3352 3524 valebunt,

1826 3537 2077 3618 quando
2108 3554 2183 3596 eo
2211 3539 2457 3597 tantum
2478 3537 2666 3598 modo
2697 3557 2797 3598 res
2828 3538 2949 3599 illae
2979 3539 3102 3599 emi
3129 3540 3352 3617 solent,

1826 3630 1995 3710 quod
2022 3629 2270 3691 videtur
2298 3629 2497 3690 simile
2522 3630 2713 3692 dubio
2740 3630 2827 3690 illi
2857 3632 3024 3693 circa
3047 3633 3361 3695 venditio-

1826 3741 1968 3784 nem
1999 3722 2223 3783 cariori
2268 3722 2468 3802 pretio
2500 3727 2759 3802 propter
2803 3723 3062 3786 dilatam
3109 3725 3359 3786 solutio-

1826 3834 1969 3876 nem
1999 3835 2187 3896 supra
2219 3817 2475 3895 agitato.
2510 3817 2621 3877 Est
2640 3819 2851 3876 autem
2876 3817 3191 3897 praeoipua
3218 3835 3362 3878 con-

1825 3909 2130 3972 troversia
2170 3909 2248 3969 de
2275 3910 2456 3985 lana,
2510 3928 2701 3990 quam
2743 3913 3124 3971 mercatores
3164 3911 3360 3972 exteri

1826 4021 2032 4064 emere
2063 4002 2265 4064 solent
2291 4003 2354 4062 in
2384 4002 2686 4082 Hispania
2715 4020 2751 4062 a
2772 4001 3040 4063 dominis
3060 4020 3359 4081 pecorum

1826 4096 2167 4174 anticipata
2194 4095 2502 4157 solutione
2544 4095 2727 4175 pretIi
2769 4114 2884 4175 per
2920 4096 3158 4175 aliquot
3183 4115 3362 4156 men-

1825 4208 1922 4250 ses
1951 4189 2155 4250 viliori
2182 4188 2408 4268 pretio,
2443 4207 2633 4268 quam
2662 4189 2871 4250 valeat
2906 4192 3191 4269 tempore
3234 4207 3358 4269 quo

1825 4283 2211 4363 emptoribus
2240 4282 2545 4343 tradenda
2576 4286 2708 4356 est3
2755 4282 2834 4343 de
2883 4300 3006 4361 quo
3037 4286 3359 4344 contractu

1823 4377 1988 4436 ultra
2016 4374 2173 4436 alios
2202 4375 2334 4452 agit
2359 4375 2483 4435 late
2512 4374 2745 4436 Molina
2775 4374 2934 4452 disp.
2960 4376 3099 4436 359.
3127 4379 3189 4436 et
3215 4378 3354 4436 360.

1823 4467 1931 4528 ubi
1959 4470 2094 4546 ejus
2122 4468 2364 4546 praxim
2394 4473 2456 4528 et
2484 4467 2985 4528 circumstantias
3011 4468 3359 4547 peculiares

1821 4561 1944 4622 late
1975 4560 2292 4622 describit.
2329 4563 2526 4635 Quem
2556 4564 2950 4623 contractum
2980 4561 3261 4622 absolute
3290 4565 3359 4622 ut

1821 4655 2179 4715 usurarium
2203 4655 2622 4733 reprobarunt
2647 4654 2888 4733 plume,
2939 4655 3199 4715 Navarr.
3235 4656 3359 4714 Va-

1820 4748 1970 4809 lent.
2019 4749 2346 4824 MercadO,
2383 4749 2616 4809 Gutier.
2661 4747 2898 4809 Rebell.
2934 4752 3196 4827 uterque
3224 4748 3356 4807 Me-

1821 4841 1990 4917 diua,
2015 4841 2310 4917 Palatios,
2344 4845 2408 4901 et
2426 4841 2561 4914 alii3
2585 4856 2741 4920 quos
2764 4843 3036 4901 afferunt
3055 4838 3206 4899 dub.
3232 4854 3352 4899 xm.

1822 4952 1994 4995 num.
2033 4937 2090 4995 1.
2126 4937 2191 4995 et
2216 4933 2337 4995 Th.
2364 4933 2592 4995 Sanch.
2629 4934 2691 4994 d.
2726 4951 2781 4995 c.
2817 4935 2949 4997 vll.
2993 4932 3141 4993 dub.
3174 4948 3352 4993 xvm.

1822 5032 1885 5088 et
1913 5026 2184 5105 probant
2198 5029 2401 5107 primo
2432 5046 2508 5088 ex
2538 5027 2740 5104 dictis,
2775 5027 2923 5107 quia
2942 5026 3214 5105 pretium
3227 5024 3356 5103 jus-

1819 5124 1954 5182 tum
1982 5120 2146 5180 sumi
2175 5119 2365 5181 debet
2392 5138 2467 5180 ex
2497 5121 2709 5180 valore
2738 5118 2864 5195 rei,
2909 5136 3033 5179 non
3072 5121 3354 5197 tempore

1821 5218 2201 5288 contractus,
2226 5213 2332 5274 sed
2348 5219 2630 5292 tempore
2647 5212 2998 5273 traditionis
3015 5210 3318 5272 faciendae
3334 5231 3350 5284 ς

1820 5307 1873 5365 si
1928 5324 2078 5385 ergo
2124 5306 2271 5366 lana
2319 5310 2567 5367 ematur
2620 5323 2786 5365 nunc
2838 5304 3155 5366 sexdecim
3213 5321 3355 5383 quoe

1818 5403 2100 5479 tempore
2130 5399 2483 5461 traditionis
2500 5398 2732 5460 valebit
2749 5397 3163 5475 undeviginti,
3199 5397 3354 5460 nihil

1820 5492 1989 5552 aliud
2018 5492 2165 5568 erit,
2207 5509 2397 5572 quam
2427 5496 2715 5553 mutuare
2746 5507 2912 5552 nunc
2940 5489 3259 5550 sexdecim
3285 5495 3356 5551 ut

1817 5587 1961 5664 post
1998 5584 2242 5667 aliquot
2281 5602 2533 5649 menses
2578 5584 2923 5649 reddantur
2958 5581 3354 5664 undeviginti

3503 3180 3622 3240 ΗΟ

3404 3306 3467 3351 De
3492 3310 3702 3349 contractu

3448 3360 3667 3415 emptionis

3406 3413 3700 3521 ἓῗὲᾞῖῖᾞήῶἓ

3459 3521 3663 3563 sententia

3481 3579 3620 3629 necat.
