4263 6376
1144 270 1616 332 DISPUTATIO
1660 271 1991 348 XXXVIII,
2041 270 2316 334 SECTIO
2359 273 2436 335 11.

186 449 520 525 diendum,
550 447 719 528 quod
734 447 918 509 aliter
941 447 1126 510 vitari
1156 466 1279 508 non
1299 450 1527 526 potest,
1552 451 1615 509 et
1643 448 1728 508 si-

184 562 268 602 ne
298 559 534 621 magno
582 559 693 602 suo
725 541 958 603 damno
989 540 1459 620 proportionato
1517 541 1727 602 taliter

186 634 625 698 denuntiando
653 634 960 713 impedire
986 634 1372 714 possunt.Ad
1403 635 1572 714 quod
1600 652 1726 694 non

186 734 488 790 tenc-ntur
515 748 591 788 ex
614 726 879 807 justitia,
916 732 985 788 ut
1002 731 1197 805 patet,
1232 727 1344 788 scd
1392 727 1596 788 solum
1652 746 1726 786 ox

185 821 536 895 charitate;
583 839 778 901 quare
811 838 884 882 ex
915 821 1250 882 omissione
1308 819 1724 881 denuntiatio·

186 914 286 974 nis
305 914 536 975 debitae
564 914 737 975 nulla
763 917 978 975 manet
1011 912 1307 992 obligatio
1328 912 1720 974 restituendi.

187 1007 496 1070 Videatur
524 1007 755 1069 Sanch.
793 1007 904 1069 lib.
938 1009 1014 1070 V.
1046 1005 1244 1066 consil.
1280 1024 1334 1067 c.
1369 1023 1439 1067 11.
1473 1006 1718 1067 dub.1x.

267 1099 609 1161 Dubitatur
629 1101 855 1180 primo,
889 1118 969 1160 an
1004 1099 1069 1176 ii,
1102 1099 1211 1179 qui
1237 1116 1364 1160 non
1391 1098 1726 1164 admittun-

117 1267 139 1276 ·
185 1198 291 1256 tur
324 1192 390 1253 in
419 1192 558 1273 jure
591 1196 895 1272 tanquam
913 1196 1103 1254 testes
1132 1192 1394 1271 legitimi
1432 1210 1725 1253 excusen-

116 1320 134 1330 -
187 1290 289 1348 tur
338 1304 376 1344 a
430 1285 883 1362 denuntiando,
939 1286 1034 1345 vel
1081 1285 1302 1346 saltem
1338 1285 1379 1344 ii
1438 1286 1544 1364 qui
1601 1303 1725 1347 non

115 1417 138 1446 2
187 1379 551 1457 obligantur
579 1378 660 1439 ad
716 1378 1183 1441 testificandum
1203 1379 1233 1438 ⁴?
1261 1378 1721 1457 Respondetur,

122 1489 135 1503 ·
186 1489 312 1530 non
344 1472 645 1548 excusari,
680 1471 827 1551 quia
857 1471 992 1531 haec
1032 1470 1330 1550 obligatio
1392 1471 1591 1532 oritur
1650 1490 1727 1530 ex

178 1562 324 1642 juro
355 1569 614 1642 naturae,
647 1570 709 1626 et
737 1582 811 1624 ex
840 1568 1156 1644 praecepto
1177 1563 1503 1625 charitatis
1532 1564 1724 1643 impe-

186 1656 406 1716 diendi
434 1658 736 1718 damnum
791 1656 1245 1735 proximorum,
1279 1655 1534 1737 quando
1587 1657 1723 1717 sine

186 1749 367 1828 gravi
426 1749 753 1831 dispendio
811 1753 1022 1838 nostro
1096 1768 1449 1830 possumus,
1522 1750 1725 1824 Quare

188 1841 520 1922 privilegia
542 1843 724 1922 juriS,
757 1844 857 1904 vel
887 1843 1185 1922 quaslibet
1236 1843 1360 1903 alia
1414 1842 1721 1923 exceptiO,

187 1953 314 1994 non
340 1937 785 2015 possunthanc
815 1935 1263 2016 obligationem
1286 1936 1726 2015 tollere,quan-

187 2026 266 2087 do
301 2027 693 2092 denuntiatio
726 2029 1079 2091 necessaria
1125 2033 1187 2090 et
1212 2029 1541 2109 profutura
1568 2028 1729 2090 exis-

189 2119 453 2182 timatur
480 2124 561 2183 ad
590 2142 733 2184 eum
760 2124 974 2184 finem.

273 2218 608 2281 Dubitatur
621 2217 919 2294 secundo,
944 2235 1024 2277 an
1059 2216 1268 2279 clerici
1295 2219 1629 2280 teneantur
1646 2216 1726 2277 ad

188 2311 725 2376 denuntiationem
757 2310 1407 2391 canonicam,quando
1429 2310 1727 2372 delictum

191 2414 284 2469 est
315 2407 580 2485 dignum
633 2422 823 2482 poena
868 2404 1237 2482 sanguinis?
1265 2403 1722 2483 Respondetur,

116 2497 146 2576 s.
193 2500 419 2575 teneri,
455 2497 707 2577 quando
738 2497 920 2558 aliter
953 2498 1193 2558 malum
1240 2514 1574 2559 commune
1627 2497 1727 2556 vel

116 2611 144 2680 ὅ·
193 2596 512 2675 privatum
555 2591 925 2672 impendens
981 2590 1275 2669 impediri
1315 2609 1441 2652 non
1495 2594 1722 2670 potest,

116 2694 147 2737 i·
193 2690 360 2750 facta
390 2691 601 2749 tamen
632 2684 1080 2764 protestatione
1110 2684 1341 2760 debita,
1375 2684 1545 2763 quod
1600 2702 1726 2745 non

194 2781 530 2844 intendunt
555 2777 897 2839 vindictam
926 2782 1033 2839 aut
1052 2795 1329 2856 poenam,
1357 2777 1468 2838 sed
1497 2777 1721 2853 solum,

196 2876 363 2957 quod
421 2872 802 2952 impediatur
856 2871 1156 2931 damnum
1212 2870 1544 2931 imminens
1566 2915 1584 2946 ‚
1641 2870 1728 2931 ita

195 2968 551 3049 Cajetanus,
612 2967 947 3041 NavarruS,
1024 2966 1234 3041 SotuS,
1301 2967 1366 3025 et
1419 2965 1723 3039 Navarra,

196 3081 351 3142 quos
386 3061 571 3122 affert
595 3063 659 3120 et
682 3058 964 3137 sequitur
992 3057 1219 3120 Sanch.
1256 3056 1423 3118 dicto
1480 3074 1619 3135 cap.
1653 3072 1723 3117 11.

197 3157 345 3217 dub.
381 3172 442 3217 x.
469 3153 617 3235 quia
644 3170 790 3214 cum
820 3150 955 3213 haec
983 3150 1283 3231 obligatio
1312 3150 1393 3213 sit
1432 3150 1595 3231 juris
1624 3168 1730 3211 na·

198 3254 374 3327 turae,
409 3268 534 3310 non
562 3247 767 3326 potuit
784 3247 929 3325 jure
959 3245 1225 3325 positivo
1255 3244 1572 3324 impediri.
1606 3243 1729 3305 Ad-

197 3344 286 3404 dit
305 3342 611 3418 Sanchez,
635 3358 758 3401 non
771 3338 1003 3400 incurri
1018 3337 1726 3417 tuncirregularitatem,

194 3436 339 3497 licet
366 3435 667 3514 sequatur
725 3450 913 3511 poena
971 3431 1315 3510 sanguiniS,
1375 3431 1522 3510 quia
1570 3430 1732 3492 sicut

196 3529 459 3589 clericus
481 3529 681 3605 potest
710 3525 1003 3604 prosequi
1032 3542 1290 3585 causam
1318 3541 1520 3599 suam,
1553 3524 1640 3585 ita
1664 3527 1732 3584 et

197 3640 453 3683 causam
476 3619 925 3699 proximorum.
984 3620 1117 3678 Hoc
1172 3620 1383 3678 tamen
1406 3618 1539 3696 ‚iam
1571 3616 1732 3695 reje-

197 3715 399 3775 cimus
432 3730 623 3791 supra
640 3711 914 3772 sectione
942 3709 1347 3788 praecedenti,
1381 3728 1496 3770 nec
1527 3713 1621 3770 est
1648 3709 1729 3770 ad

197 3826 350 3885 rem,
389 3804 535 3885 quia
563 3804 625 3863 in
656 3821 845 3864 causa
898 3802 1154 3880 propria
1209 3806 1417 3880 potest
1471 3802 1731 3863 clericus

198 3899 591 3973 denuntiare,
635 3897 824 3958 etiam
854 3895 1107 3975 quando
1161 3913 1285 3957 non
1339 3898 1613 3972 tenetur,
1670 3900 1733 3956 et

198 3992 452 4072 quando
474 4009 598 4051 non
627 3993 722 4051 est
744 3986 1096 4050 necessaria
1126 3988 1513 4050 denuntiatio
1535 3988 1617 4049 ad
1644 3988 1733 4048 vi·

196 4086 462 4147 tandum
493 4082 817 4163 proprium
845 4080 1177 4155 damnum;
1212 4082 1376 4143 hanc
1427 4082 1595 4142 enim
1624 4101 1735 4142 ne-

198 4180 551 4240 cessitatem
592 4177 738 4255 jura
791 4193 917 4237 non
991 4175 1269 4254 exigunt.
1333 4176 1732 4237 Denuntiatio

199 4276 434 4348 autem,
472 4270 550 4331 de
583 4288 709 4349 qua
754 4286 921 4330 nunc
971 4268 1308 4348 loquimur,
1342 4272 1492 4329 tunc
1531 4269 1733 4330 solum

198 4366 364 4426 licita
390 4368 482 4425 est
511 4363 737 4423 clerico
789 4362 851 4421 in
883 4380 1072 4421 causa
1099 4361 1444 4441 sanguiniS,
1481 4362 1732 4441 quando

201 4460 383 4521 aliter
411 4457 577 4518 malo
607 4454 958 4516 imminenti
989 4453 1228 4515 obviari
1263 4474 1386 4516 non
1416 4460 1643 4533 potest,
1665 4458 1736 4516 ut

199 4553 430 4614 fatetur
472 4551 602 4629 ipse
634 4548 917 4610 Sanchez
945 4547 1030 4608 ibi
1091 4548 1365 4624 addens,
1401 4565 1517 4609 nec
1545 4548 1733 4609 licere

202 4646 553 4725 exprimere
590 4660 822 4704 nomen
878 4641 1318 4720 delinquentiS,
1372 4642 1625 4720 quando
1659 4659 1733 4702 eo

200 4741 390 4802 tacito
421 4740 624 4817 potest
689 4735 925 4795 malum
977 4734 1288 4812 impediri.
1335 4734 1513 4796 Ratio
1556 4751 1730 4813 ergo,

201 4852 313 4895 cur
338 4850 466 4893 non
498 4831 779 4890 incurrat
821 4826 1348 4907 irregularitatem
1369 4874 1385 4904 ,
1439 4832 1553 4904 est,
1588 4827 1736 4907 quia

202 4923 630 5006 irregularitas
670 4939 797 4983 non
828 4923 922 4982 est
962 4920 1257 5000 imposita
1309 4939 1422 4999 pro
1454 4939 1528 4982 eo
1558 4938 1730 4996 casu,

203 5039 321 5099 quo
349 5017 457 5097 jus
485 5019 725 5078 naturae
756 5014 992 5093 obligat
1019 5012 1136 5074 sub
1157 5019 1415 5093 peccato
1437 5014 1731 5076 clericum

205 5114 282 5173 ad
310 5107 852 5173 denuntiationem
879 5106 1252 5168 faciendam.

284 5208 465 5267 Nunc
491 5202 619 5281 iam
650 5200 985 5262 dicendum
1003 5203 1097 5262 est
1111 5200 1189 5260 de
1218 5199 1595 5279 obligatione
1627 5199 1739 5261 de-

117 5361 138 5389 ,
208 5296 559 5373 nuntiandi,
594 5313 733 5375 quae
764 5293 962 5355 oritur
990 5312 1065 5354 ex
1093 5298 1407 5373 praecepto
1427 5340 1443 5370 ,
1474 5292 1573 5353 vel
1605 5293 1738 5354 edi-

116 5415 145 5443 u
208 5393 319 5456 ctis
348 5391 753 5472 praelatorum
772 5391 836 5450 et
853 5388 1269 5466 superiorum,
1290 5405 1429 5467 quae
1444 5387 1738 5465 frequen-

116 5476 138 5551 ἶ
208 5487 324 5549 tior
371 5489 502 5561 est,
564 5487 627 5545 et
671 5481 752 5543 ad
788 5481 1033 5562 praxim
1073 5480 1344 5542 maxime
1384 5479 1739 5542 necessaria

3238 281 3356 340 749

1825 447 1961 526 ejus
1990 449 2231 526 notitia,
2267 449 2344 509 de
2375 466 2501 528 qua
2529 455 2725 528 agunt
2751 450 2873 512 late
2906 451 3215 512 Guttierez
3241 453 3352 513 lib.

1828 539 2258 603 Cataonia-mmm
2287 542 2667 623 quoestionum
2714 561 2851 623 cap.
2884 560 2970 605 xl.
3003 547 3262 605 Navarr.
3297 563 3353 606 c.

1823 635 1987 696 Inter
2014 633 2222 712 verba,
2268 635 2470 697 concl.
2508 653 2596 698 vx.
2631 637 2845 698 coroll.
2878 640 2976 699 64.
3011 656 3047 697 a
3075 658 3181 699 nu.
3213 641 3353 699 232.

1826 732 1889 789 et
1914 728 2128 789 coroll.
2162 731 2263 789 66.
2321 746 2357 787 a
2400 747 2574 790 num.
2604 733 2741 791 280.
2775 730 2955 791 Avila
2994 729 3066 790 de
3108 730 3361 790 censuris

1822 822 1899 882 II.
1932 825 2093 899 part.
2127 839 2267 900 cap.
2303 838 2365 883 v.
2399 821 2630 900 disput.
2667 839 2752 884 ιν.
2789 826 2939 885 etv.
2975 823 3267 886 Corduba
3293 824 3358 883 in

1823 913 2066 974 Summa
2097 918 2317 993 quaest.
2351 931 2512 976 Lxrv.
2545 917 2779 977 suarez
2823 920 2976 978 tom.
3009 918 3087 978 V.
3129 914 3201 977 de
3228 935 3361 977 cen-

1821 1006 2223 1086 surtsdisput.
2258 1024 2359 1068 xx.
2409 1012 2561 1070 sect.
2598 1011 2657 1069 3.
2709 1008 2933 1071 Thom.
2967 1008 3196 1072 Sanch.
3243 1009 3352 1070 lib.

1823 1100 1927 1162 vl.
1960 1099 2180 1161 Consil.
2216 1119 2354 1179 cap.
2389 1117 2459 1162 11.
2492 1101 2642 1163 dub.
2678 1117 2765 1163 1v.
2818 1106 2880 1164 et
2908 1102 3258 1182 sequentib.
3296 1105 3360 1164 et

1822 1192 2157 1272 Fagundez
2185 1197 2662 1273 praeceptovlll.
2698 1213 2753 1256 c.
2780 1212 2884 1257 m.
2909 1200 3113 1257 etmn.
3147 1195 3359 1258 etDia-

1826 1289 2018 1347 nato,
2054 1302 2098 1347 1.
2125 1286 2595 1365 tra.integrode
2614 1286 3162 1349 denuntiationibus.
3198 1290 3359 1368 Sup-

1823 1378 2185 1457 ponendum
2215 1382 2309 1440 est
2335 1383 2549 1440 tamen
2575 1425 2590 1456 ,
2649 1381 2958 1461 imprimis
2991 1382 3317 1461 episcopos
3336 1426 3352 1458 ,

1823 1471 2114 1548 vicariOS,
2178 1472 2534 1535 visitatores
2555 1519 2571 1549 ,
2623 1474 3046 1554 inquisitoreS,
3079 1475 3358 1554 aliosque

1824 1564 2115 1643 praelatos
2158 1565 2649 1643 ecclesiasticos,
2710 1567 2836 1628 imo
2888 1569 3076 1629 etiam
3113 1567 3360 1649 judices

1822 1657 2152 1718 saeculares
2177 1675 2360 1736 posse
2382 1659 2723 1737 praecipere
2763 1661 2878 1721 sub
2909 1662 3099 1721 variis
3128 1661 3354 1740 poeniS‚

1824 1755 1896 1813 ut
1922 1750 2029 1829 qui
2058 1749 2263 1811 sciunt
2285 1750 2410 1811 tale
2431 1751 2529 1812 vel
2546 1752 2669 1814 tale
2698 1753 3018 1831 delictum,
3041 1754 3193 1814 illud
3224 1772 3359 1814 ma·
3426 1761 3429 1764 '

1824 1844 2119 1905 nifestent
2140 1889 2156 1919 ,
2190 1846 2258 1904 ut
2283 1843 2512 1921 probat
2541 1847 2591 1905 N
2598 1862 2859 1907 avarrus
2889 1847 2997 1907 uhi
3026 1865 3215 1925 supra
3244 1866 3351 1908 nu.

1825 1940 1962 1999 280.
1996 1956 2072 1997 ex
2100 1936 2312 2015 glossa
2337 1937 2404 1996 in
2433 1938 2477 2001 1.
2511 1935 2718 2015 Civile,
2753 1940 2819 2000 C.
2853 1938 2924 2000 de
2948 1940 3357 2020 furtis,quam

1818 2029 2060 2109 juristae
2090 2030 2547 2092 coommuniter
2563 2036 2931 2112 sequuntur,
2956 2037 3018 2095 et
3041 2034 3358 2095 Panormi-

1825 2128 2010 2185 tanus
2037 2125 2103 2184 in
2133 2142 2272 2203 cap.
2305 2123 2549 2185 Delie-tis
2572 2171 2590 2199 ,
2627 2125 3116 2189 deeaecessoribus
3131 2126 3361 2209 praela-

1825 2226 2041 2294 torum,
2085 2219 2234 2279 Soto
2274 2216 2344 2278 de
2367 2217 2584 2297 siqillo,
2613 2219 2896 2282 membro
2924 2222 3000 2281 II.
3035 2240 3141 2300 qu.
3178 2237 3261 2281 v1.
3295 2220 3358 2279 in

1826 2311 1934 2371 fin.
1968 2314 2032 2371 et
2062 2327 2122 2371 v.
2154 2308 2225 2369 de
2235 2309 2479 2390 justitia
2507 2329 2669 2390 quae.
2706 2329 2793 2374 v1.
2842 2317 2960 2375 art.
2995 2329 3063 2373 11.
3098 2317 3260 2391 post.
3297 2330 3357 2374 v.

1827 2404 2026 2466 concl.
2058 2405 2149 2463 Ex
2178 2403 2459 2480 Eugenio
2493 2406 2664 2484 Papa
2690 2403 2755 2465 in
2784 2423 2922 2484 cap.
2971 2404 3051 2466 Si
3070 2404 3357 2479 sacerdos,

1824 2495 1894 2557 de
1919 2496 2119 2577 officio
2147 2494 2410 2556 ordiner.
2463 2501 2526 2557 et
2570 2516 2646 2557 ex
2676 2500 2916 2576 Gregor
2942 2498 3007 2558 in
3037 2516 3176 2578 cap.
3217 2498 3359 2572 Qui-

1825 2588 1960 2649 dam
1986 2587 2251 2669 maliqnt‘,
2286 2605 2346 2649 v.
2384 2591 2604 2666 quaest.
2642 2593 2699 2652 1.
2746 2594 2809 2653 et
2853 2596 3100 2653 constat
3134 2610 3209 2651 ex
3246 2611 3360 2653 usu

1826 2687 1890 2744 et
1915 2680 2367 2745 consuetudine
2394 2683 2741 2762 approbata
2759 2683 2825 2743 in
2841 2684 3010 2746 Trid.
3038 2702 3189 2746 sess.
3210 2702 3355 2748 xxv.

1826 2794 1881 2838 c.
1916 2780 1975 2839 3.

1901 2869 2214 2946 Secundo,
2265 2870 2611 2933 notandum
2656 2874 2751 2932 est
2789 2889 2933 2932 cum
2963 2874 3225 2936 Navarr.
3260 2873 3357 2935 di-

1828 2968 1929 3025 cto
1958 2963 2174 3024 coroll.
2209 2980 2371 3026 val.
2407 2981 2583 3025 num.
2617 2967 2754 3026 280.
2805 2969 2869 3028 et
2910 2966 3261 3046 sequentib.
3294 2967 3359 3027 in

1830 3054 2141 3135 ejusmodi
2167 3057 2388 3120 edictis
2415 3057 2763 3119 curandum
2790 3058 3098 3139 imprimis
3130 3079 3265 3121 esse
3293 3063 3364 3122 ut

1829 3149 2171 3229 superioris
2188 3195 2205 3228 ,
2267 3151 2365 3212 vel
2389 3151 2633 3231 praelati
2661 3169 2839 3213 mens
2868 3153 3363 3233 comprehenda-

1829 3248 1953 3305 tur.
1988 3244 2344 3324 Aliquando
2375 3245 2542 3305 enim
2572 3244 2861 3323 intendit,
2895 3248 3088 3327 utqui
3120 3248 3366 3310 noverit

1831 3337 2058 3398 delicta
2108 3357 2185 3398 ea
2213 3338 2600 3411 manifestet;
2662 3339 3001 3419 aliquando
3034 3341 3201 3420 quod
3232 3360 3367 3403 ma-

1830 3429 2080 3491 nifestet
2105 3429 2340 3490 famam
2370 3435 2431 3492 et
2459 3431 2899 3493 notorietatem
2946 3433 3193 3509 delicti,
3254 3435 3368 3495 ali-

1831 3522 2083 3601 quando
2130 3523 2301 3602 quod
2349 3523 2428 3584 de
2470 3522 2715 3585 delictis
2753 3529 2816 3585 et
2845 3525 3031 3586 famae
3059 3526 3361 3600 audierit;

1832 3615 2170 3694 aliquando
2217 3616 2502 3695 praecipit
2539 3616 3073 3679 denuntiationem
3096 3619 3369 3699 judicia-

1828 3708 1975 3785 lem,
2010 3708 2346 3788 aliquando
2368 3714 2694 3788 paternam
2714 3729 2730 3783 ;
2751 3710 3089 3789 aliquando
3110 3730 3369 3773 accusa-

1827 3801 2086 3876 tionem,
2119 3800 2458 3879 aliquando
2475 3800 2996 3880 testificationem,
3025 3804 3364 3883 aliquando

1832 3897 2189 3973 utrumque.
2238 3894 2487 3957 Praelati
2523 3899 2734 3956 autem
2763 3914 2940 3956 mens
2971 3897 3360 3977 intelligitur,

1828 3987 1929 4048 vel
1961 4006 2033 4046 ex
2065 3986 2274 4047 verbis
2303 3986 2512 4064 edicti,
2539 3987 2639 4048 vel
2658 3988 2865 4066 ipsum
2893 3989 3361 4069 interrogandO,

1830 4080 1931 4140 vel
1960 4098 2035 4139 ex
2066 4080 2539 4156 consuetudine,
2559 4079 2659 4141 vel
2688 4081 2958 4160 denique
3000 4101 3075 4143 ex
3102 4084 3368 4145 materia

1833 4173 2135 4252 subjecta,
2183 4177 2251 4234 ut
2278 4174 2330 4234 si
2373 4174 2659 4252 praecipit
2692 4174 2919 4236 delicta
2954 4177 3361 4255 manifestari,

1834 4268 2084 4347 quando
2103 4285 2228 4328 non
2240 4267 2680 4329 desiderantur
2695 4275 3112 4348 accusatores,
3135 4272 3245 4333 sed
3277 4276 3368 4334 te-

1833 4364 1977 4436 stes,
1996 4360 2247 4438 signum
2266 4364 2360 4421 est
2373 4378 2497 4422 non
2510 4361 2765 4440 praecipi
2780 4364 3243 4426 accusationem
3256 4366 3367 4426 sed

1831 4453 2368 4526 testificationem
2409 4454 2499 4515 sic
2520 4454 2709 4529 etjam
2740 4474 2814 4515 ex
2843 4459 3107 4519 materia
3136 4459 3367 4538 colligi-

1835 4550 1939 4609 tur
1954 4546 2298 4625 aliquando
2319 4546 2855 4610 denuntiationem
2879 4550 3040 4609 sumi
3070 4569 3181 4629 pro
3204 4550 3370 4612 testi-

1833 4640 2123 4701 ficatione
2149 4686 2164 4716 ,
2197 4640 2295 4701 vel
2317 4659 2351 4701 e
2381 4644 2632 4713 contra;
2670 4659 2836 4701 nunc
2856 4646 3067 4703 autem
3085 4642 3180 4722 {de
3201 4643 3365 4706 facto

1834 4737 2075 4794 certum
2104 4752 2239 4794 esse
2266 4733 2679 4795 intentionem
2709 4752 2865 4810 esse,
2889 4739 3365 4817 utquacumque

1833 4826 1937 4887 via
1983 4826 2227 4887 meliori
2278 4826 2759 4888 manifestentur
2811 4826 3038 4891 delicta
3057 4875 3073 4906 ‚
3137 4829 3367 4892 fatetur

1836 4918 2065 4982 Sanch.
2102 4936 2248 4978 cum
2279 4920 2593 4996 Navarro,
2628 4923 2691 4981 et
2718 4919 2856 4980 aliis
2885 4920 2990 4982 lib.
3024 4924 3127 4985 vl.
3161 4940 3257 4984 ca.
3291 4940 3361 4985 11.

1834 5013 1986 5074 duh.
2019 5029 2214 5073 xxvn.
2248 5031 2355 5073 nu.
2388 5016 2447 5074 4.

1915 5105 2123 5167 Tertio
2172 5108 2414 5167 certum
2459 5107 2593 5182 est,
2637 5105 2988 5185 superiores
3017 5107 3081 5168 in
3112 5108 3208 5170 his
3239 5110 3366 5172 edi-

1835 5200 1949 5262 ctis
1976 5217 2229 5278 semper
2255 5198 2492 5260 habere
2527 5198 2782 5260 tacitam
2804 5245 2821 5272 ,
2879 5201 2978 5261 vel
3009 5217 3365 5283 expressam

1834 5293 2266 5368 intentionem,
2292 5293 2460 5372 quod
2490 5291 2716 5353 delicta
2742 5293 3217 5358 manifestentur
3240 5316 3365 5359 ser-

1835 5390 1979 5448 vato
2002 5385 2164 5465 juris
2194 5386 2412 5447 ordine
2432 5430 2448 5463 ,
2482 5386 2569 5447 ita
2602 5391 2672 5448 ut
2697 5387 2950 5466 quando
2981 5391 3367 5468 praemitten-

1837 5478 1920 5542 da
1947 5482 2042 5541 est
2067 5480 2343 5541 fraterna
2369 5478 2654 5557 monitio,
2687 5480 3106 5558 praemittatur
3126 5529 3143 5562 ‚
3186 5489 3250 5548 et
3276 5486 3366 5549 sic

3508 2889 3585 2951 18

3576 3015 3660 3060 sint

3411 3071 3705 3114 consideranda

3411 3124 3455 3167 iu
3471 3124 3523 3167 iis
3540 3125 3703 3169 edictis.
