4263 6376
1112 263 1580 325 DISPUTA'PIO
1623 262 1839 339 xx1v,
1888 263 2163 324 SECTIO
2208 263 2336 326 vn.
3231 272 3306 331 97

239 449 332 510 vita
360 444 522 525 spurii
575 441 1023 523 periclitaretur
1076 441 1156 502 ob
1211 439 1669 516 necessitatem,

237 547 418 604 certum
441 536 684 610 ridetur,
739 534 904 613 quod
935 538 1114 612 pater
1161 537 1370 612 posset
1413 532 1497 593 illi
1529 533 1676 592 sub-

237 633 415 705 venire,
467 628 698 708 quando
727 628 833 688 alii
884 627 994 687 filii
1042 625 1300 704 legitimi
1357 626 1420 686 in
1450 624 1678 705 aequali

236 724 527 786 necessitate
554 740 670 781 non
700 725 928 781 essent.

110 827 149 883 32
295 816 456 888 Quaeri
510 817 723 892 potest,
782 813 835 873 si
889 818 1067 892 pater
1094 810 1326 872 habeat
1377 809 1673 890 quinque,

110 961 205 1041 Εἴ
234 906 1084 1063 v?}PIurIZffligSl{1g·itim·os{an
1104 909 1305 1057 stsziilnte
1328 904 1678 1054 dictzlilggae(i

111 1016 145 1053 ἒ)
378 1021 408 1060 u
609 1018 754 1058 an1
856 1018 955 1058 um
995 1017 1099 1057 um
1223 1015 1369 1056 uss
1419 1015 1534 1056 uu

111 1056 201 1166 ff&
232 1021 480 1168 ΞΙίωᾶἓηίθ,
509 1096 711 1170 posset
736 1018 890 1152 dae-e
921 1091 1206 1171 quintum
1228 1016 1541 1167 integrum
1572 1085 1681 1146 uni

111 1173 171 1200 ω’
232 1188 323 1248 filio
345 1186 563 1265 spurio?
602 1187 666 1244 P.
702 1185 987 1261 vasquez
1018 1181 1167 1243 dub.
1200 1198 1285 1242 xl.
1323 1201 1383 1242 n.
1421 1183 1555 1241 142.
1587 1198 1681 1239 re-

231 1281 317 1340 fert
337 1298 394 1339 ex
420 1277 572 1338 Tello
602 1278 665 1336 in
721 1277 861 1354 lege
891 1293 950 1336 x.
992 1275 1193 1350 Tauri,
1255 1292 1426 1334 num.
1461 1276 1520 1333 5.
1557 1290 1680 1331 non

230 1391 383 1450 posse,
431 1371 478 1431 si
501 1371 616 1429 siut
671 1370 883 1447 plures
910 1386 1098 1448 quam
1153 1366 1430 1447 quinque
1460 1363 1567 1425 filii
1597 1364 1680 1423 le-

227 1464 409 1543 gitimi3
459 1463 592 1542 quia
636 1463 771 1540 jam
804 1461 1010 1539 potior
1065 1464 1229 1520 esset
1282 1476 1430 1538 pars
1458 1456 1675 1535 spurii,

228 1574 371 1634 quam
394 1554 813 1632 legitimorum.
877 1555 1013 1631 Ipse
1044 1558 1253 1613 tamen
1278 1553 1469 1629 Vasq.
1503 1550 1675 1624 dicit,

226 1649 264 1707 si
284 1649 448 1707 minor
476 1666 610 1725 pars
639 1665 765 1706 non
786 1645 1017 1705 sufficit
1037 1645 1116 1704 ad
1137 1644 1434 1704 alimenta
1461 1640 1677 1720 spurii,

225 1742 402 1801 debere
427 1745 653 1818 patrem
683 1739 959 1817 aequales
1015 1756 1121 1798 eos
1150 1737 1391 1809 facere;
1453 1734 1500 1794 si
1537 1751 1680 1793 vero

225 1833 380 1892 minor
402 1851 547 1910 pars,
606 1849 797 1910 quam
827 1830 964 1890 aliis
994 1830 1358 1903 obveniens,
1417 1827 1685 1887 sufficiat

223 1925 283 1983 ad
304 1925 576 1999 alimenta,
633 1941 819 2002 posse
847 1928 1089 2002 patrem
1147 1921 1457 1980 minorem
1496 1917 1685 1977 relin-

223 2035 385 2097 quere.
414 2017 472 2076 ln
501 2033 618 2094 quo
650 2014 870 2075 ultimo
903 2033 1024 2073 non
1057 2019 1150 2075 est
1179 2011 1533 2086 difficultas,
1569 2027 1684 2070 nec

221 2110 423 2168 dubium
449 2113 574 2168 erat
599 2107 680 2167 de
721 2107 841 2167 hoc
900 2128 913 2168 :
975 2107 1086 2166 sed
1127 2125 1205 2165 an
1254 2111 1464 2184 posset
1509 2108 1686 2182 pater

221 2207 371 2261 totum
396 2201 664 2279 quintum
687 2200 1041 2278 relinquere
1072 2199 1313 2278 spuriO,
1343 2195 1587 2258 etiamsi
1609 2214 1684 2254 ex

219 2295 307 2354 hoe
328 2293 599 2372 majorem
655 2293 1010 2371 portionem
1043 2291 1273 2352 habeat
1326 2307 1516 2369 quam
1558 2289 1685 2348 sin-

218 2386 316 2463 guli
336 2385 428 2445 filii
451 2385 752 2463 legitimi?
808 2402 932 2463 quo
964 2394 1110 2444 casu'
1151 2384 1284 2462 jam
1335 2401 1454 2442 non
1505 2384 1687 2442 erunt

218 2477 453 2556 aequales,
483 2477 587 2537 sed
612 2476 945 2537 inferiores
973 2475 1232 2555 legitimi
1262 2475 1495 2553 spurio.
1558 2473 1683 2534 Sed

218 2577 376 2630 tamen
403 2575 559 2648 puto,
594 2569 768 2648 quod
804 2569 1017 2646 possit,
1065 2569 1212 2648 quia
1241 2586 1364 2628 non
1398 2566 1684 2627 obstante

215 2662 544 2723 multitudine
560 2664 836 2724 filiorum
858 2666 1068 2742 posset
1086 2666 1265 2740 pater
1285 2665 1488 2721 totum
1508 2658 1684 2738 quin-

215 2758 313 2813 tum
335 2755 464 2815 dare
488 2761 785 2817 extraneo
848 2774 862 2815 :
923 2771 1071 2832 ergo
1113 2756 1314 2814 stante
1348 2753 1485 2831 lege
1515 2749 1684 2831 quod

215 2849 362 2924 possit
383 2847 521 2908 dare
549 2849 840 2929 quintum
868 2847 1101 2926 spurio,
1136 2845 1387 2925 quando
1418 2844 1473 2904 ei
1497 2844 1685 2904 debet

213 2939 452 3000 alimenta
476 2942 647 3017 dare,
707 2946 770 3001 et
796 2940 1085 3018 quintum
1130 2957 1256 2998 non
1303 2936 1551 2997 excedit
1575 2935 1684 2996 ali-

213 3037 393 3109 menta,
437 3035 660 3111 poterit
686 3038 889 3094 totum
936 3031 1221 3111 quintum
1263 3031 1415 3090 dare
1444 3028 1678 3109 spui-in,

212 3123 321 3184 licet
342 3144 406 3184 ex
431 3127 541 3186 hoc
595 3126 906 3205 majorem
949 3125 1299 3205 portionem
1330 3138 1679 3201 consequa-

212 3224 301 3291 tur,
327 3238 492 3298 quam
520 3219 749 3298 singuli
780 3218 1068 3296 legitimi,
1101 3236 1244 3277 cum
1274 3220 1487 3295 posset
1504 3220 1685 3293 pater

210 3310 387 3388 facere,
417 3314 575 3392 quod
606 3316 944 3373 extraneus
973 3311 1160 3371 etiam
1181 3309 1279 3370 cui
1303 3314 1483 3370 daret
1502 3309 1684 3388 quin-

208 3407 325 3482 tum,
353 3404 595 3467 haberet
622 3404 935 3484 majorem
962 3402 1311 3482 portionem
1341 3420 1533 3480 quam
1561 3402 1682 3462 sin-

207 3497 304 3572 guli
327 3498 418 3557 filii
445 3497 729 3577 legitimi.

110 3582 124 3639 3
268 3591 558 3652 Dubitatur
583 3595 763 3651 sexto
782 3635 799 3665 ,
834 3607 912 3648 an
943 3588 994 3648 si
1023 3593 1202 3666 pater
1230 3586 1337 3648 det
1362 3587 1506 3648 flliae
1535 3606 1684 3667 spu-

206 3685 287 3745 riae
309 3685 517 3756 dotem,
550 3701 698 3763 quae
726 3679 973 3742 excedit
998 3680 1060 3740 id
1081 3679 1247 3759 quod
1277 3680 1358 3740 ad
1386 3680 1684 3740 alimenta

209 3781 406 3854 poterat
430 3778 485 3837 ei
509 3777 663 3837 dare
689 3822 704 3850 ,
754 3773 951 3852 possit
991 3778 1053 3833 et
1093 3772 1322 3834 debeat
1349 3772 1543 3851 repeti
1572 3772 1681 3832 du-

203 3874 340 3929 rante
363 3868 780 3941 matrimonio‚
816 3869 879 3927 et
905 3865 1132 3925 auferri
1164 3884 1200 3923 a
1231 3866 1360 3925 viro
1391 3882 1694 3924 excessus·

203 3959 327 4021 dotis
351 3980 524 4041 quam
552 3959 930 4039 acceperat?
974 3960 1224 4020 Certum
1255 3961 1382 4033 est,
1433 3962 1680 4018 mortuo

203 4054 337 4130 xixo,
374 4073 545 4133 posse
588 4059 655 4113 et
684 4053 914 4112 debere
943 4050 1136 4128 repeti
1168 4067 1489 4110 excessum
1520 4049 1681 4111 dotis

203 4146 274 4205 vel
296 4165 329 4206 a
351 4152 535 4225 patre,
570 4146 681 4225 qui
710 4146 861 4205 dare
892 4163 1014 4204 non
1032 4142 1255 4223 potuit,
1281 4143 1380 4203 vel
1411 4161 1483 4203 eo
1513 4161 1681 4202 mor-

200 4244 298 4315 tuo,
322 4259 358 4300 a
378 4241 512 4300 filiis
537 4237 858 4317 legitimiS‚
883 4237 980 4297 vel
1013 4236 1091 4295 ab
1121 4235 1257 4295 aliis
1288 4235 1675 4296 haeredibus:

200 4331 329 4408 quod
353 4336 550 4393 tamen
581 4330 820 4392 Molina
847 4329 1014 4389 dicta
1043 4328 1202 4405 disp.
1239 4344 1486 4387 ctxvm.
1519 4328 1573 4404 ἓ.
1607 4326 1680 4386 In

198 4421 376 4497 dorm,
420 4425 680 4494 limitat,
729 4427 803 4482 ut
845 4440 969 4482 non
1016 4419 1317 4499 procedat
1335 4420 1584 4497 quando
1615 4418 1678 4478 id

199 4532 293 4575 non
314 4518 482 4577 cessit
506 4517 572 4575 in
601 4513 1040 4594 praejudicium
1067 4513 1338 4572 filiorum
1368 4511 1676 4590 legitimo-

196 4626 322 4684 rum,
350 4615 404 4671 et
429 4608 683 4669 aliunde
713 4626 787 4666 ex
819 4606 922 4666 illo
945 4603 1342 4665 matrimonio
1364 4620 1677 4663 remanse-

197 4706 310 4761 mnt
327 4701 425 4761 filii
440 4701 694 4760 adhunc
713 4702 1017 4773 extantes,
1042 4697 1188 4776 quia
1216 4696 1474 4756 maritus
1499 4695 1678 4773 igno-

195 4810 307 4852 rans
348 4793 739 4854 invicibiliter
789 4789 1120 4869 conjugem
1184 4807 1318 4848 esse
1371 4787 1671 4866 spuriam,

193 4882 376 4961 injuste
400 4886 582 4946 laesus
610 4884 731 4943 fuit
761 4883 839 4943 ab
868 4881 1004 4961 ejus
1035 4886 1233 4959 patre,
1269 4885 1331 4941 et
1361 4880 1549 4942 habet
1571 4879 1676 4959 jus

194 4975 441 5039 adversus
458 4977 660 5052 illum,
688 4994 763 5035 ne
793 4974 926 5052 ipse
951 4975 1048 5034 vel
1077 4973 1212 5049 ejus
1238 4972 1348 5033 filii
1376 4972 1676 5033 damnum

192 5071 455 5144 patiantur
483 5089 559 5130 ex
588 5085 804 5129 errore
833 5066 937 5127 illo
963 5113 978 5142 ,
1021 5070 1209 5145 atque
1241 5065 1380 5127 ideo
1418 5066 1471 5125 si
1499 5070 1678 5144 pater

190 5161 308 5221 alias
331 5162 512 5223 libere
541 5164 793 5242 poterat
818 5159 1152 5238 disponere
1167 5159 1245 5218 de
1266 5158 1369 5219 illo
1392 5177 1670 5235 excessu,

190 5250 338 5315 debet
359 5256 660 5316 resarcire
688 5254 989 5315 damnum
1025 5252 1211 5319 illud,
1263 5250 1673 5330 relinquendo

189 5364 300 5407 eum
337 5348 495 5427 apud
542 5348 706 5409 filios
751 5351 932 5407 natos
974 5364 1050 5406 ex
1097 5345 1204 5406 tali
1249 5344 1668 5420 matrimonio,

453 5444 613 5502 Tox.
661 5441 793 5502 vll.

1776 457 2043 519 quorum
2090 440 2389 501 damnum
2417 441 2686 521 pertinet
2713 443 2793 504 ad
2822 461 3037 505 eorum
3068 449 3311 525 patrem

1778 533 2004 612 injuste
2033 534 2270 595 laesum.
2319 535 2590 595 Dubium
2635 554 2783 614 ergo
2815 542 2947 614 est,
2999 557 3080 597 an
3107 543 3311 601 stante

1778 626 2176 687 matrimonio
2206 628 2583 706 repetendus
2610 629 2690 689 sit
2709 648 2996 690 excessus
3025 632 3188 693 dotis
3204 633 3310 692 da-

1782 724 1859 777 tae
1888 718 2030 778 filiae
2059 718 2327 797 spuriae?
2356 720 2562 780 Prima
2591 723 2900 784 sententia
2926 722 3097 799 dicit,
3130 743 3311 804 repe-

1779 810 2038 870 tendum
2070 829 2241 886 esse,
2292 812 2422 871 sive
2452 812 2546 873 vir
2593 814 2800 875 scierit
2845 815 2974 875 sive
3024 817 3315 880 nescierit

1781 904 2113 981 conjugem
2145 922 2277 964 esse
2308 905 2605 983 spuriam.
2664 908 2756 967 lta
2783 907 2997 987 aliqui,
3029 928 3185 988 quos
3214 928 3313 971 re-

1780 995 1902 1057 fert
1941 996 2221 1057 Sanchez
2264 997 2413 1057 dub.
2448 1014 2653 1059 xxxix.
2704 1018 2875 1060 num.
2917 1004 3007 1061 ll.
3068 1002 3189 1062 Alii
3218 1002 3312 1062 di-

1777 1087 2105 1166 stinguunt
2134 1093 2195 1149 et
2223 1089 2474 1165 dicunt,
2535 1090 2582 1150 si
2622 1092 2881 1153 maritus
2916 1093 3152 1155 sciebat
3178 1113 3313 1155 esse

1781 1181 2094 1258 spuriam,
2154 1200 2335 1261 posse
2374 1184 2605 1261 repeti,
2655 1203 2836 1245 secus
2877 1186 2928 1245 si
2959 1185 3306 1265 ignorabat.

1780 1274 1873 1333 Ita
1900 1273 2206 1333 Antonius
2238 1275 2464 1334 Gomez
2491 1321 2505 1350 ‚
2554 1276 2731 1354 Ripa,
2767 1279 3101 1354 CumanuS‚
3135 1279 3313 1339 Pala-

1778 1365 1899 1427 tios
1934 1366 2164 1426 Rubios
2188 1412 2203 1442 ,
2265 1372 2327 1427 et
2364 1368 2466 1426 alii
2507 1369 2674 1446 apud
2711 1369 3002 1429 eumdem
3033 1371 3313 1432 Sanchez

1781 1477 1886 1518 nu.
1924 1462 2019 1520 10.
2055 1477 2244 1537 quam
2276 1461 2648 1521 sententiam
2678 1461 2961 1540 sequitur
2994 1463 3126 1541 ipse
3159 1465 3316 1524 San-

1781 1551 1953 1626 chez‚
1973 1552 2225 1629 quando
2249 1557 2425 1630 pater
2445 1571 2568 1614 non
2592 1552 2781 1615 hahet
2801 1554 2959 1615 tilios
2978 1554 3311 1634 legitimos:

1779 1643 1833 1701 si
1862 1643 2027 1703 enim
2062 1643 2273 1719 habet,
2319 1644 2728 1722 repetendum
2777 1664 3098 1708 excessum
3138 1649 3309 1727 dicit,

1781 1735 1948 1813 quod
1965 1736 2154 1795 etiam
2176 1736 2605 1797 sentitMolina
2637 1738 2771 1798 loco
2792 1739 3001 1800 citato.
3029 1743 3315 1821 vasquez

1781 1831 1991 1886 autem
2021 1827 2170 1888 dub.
2204 1845 2355 1889 xvn.
2391 1848 2452 1889 n.
2502 1833 2645 1891 159.
2691 1830 2885 1892 relata
2915 1832 3146 1910 duplici
3174 1853 3316 1895 sen·

1783 1920 1977 1979 tentia
2006 1919 2159 1979 nihil
2189 1920 2467 1982 resolvit.

1861 2012 2071 2072 Tertia
2097 2017 2192 2072 est
2216 2013 2523 2074 sententia
2543 2014 2798 2081 Bartoli.
2832 2018 3075 2096 Angeli,
3109 2020 3310 2096 Baldi,

1782 2108 1846 2164 et
1872 2104 2167 2176 aliorum,
2200 2124 2355 2184 quos
2383 2106 2576 2167 refert
2604 2106 2769 2166 idem
2800 2110 3080 2169 Sanchez
3112 2131 3216 2173 nu.
3250 2116 3309 2174 9.

1784 2197 1889 2274 qui
1918 2196 2156 2273 dicunt,
2180 2202 2381 2258 stante
2411 2198 2806 2259 matrimonio
2851 2219 2973 2261 non
3003 2221 3185 2280 posse
3216 2222 3317 2265 re-

1781 2288 1929 2368 peti,
1964 2289 2112 2368 quia
2140 2289 2257 2351 fuit
2286 2294 2643 2351 contractus
2665 2309 2963 2355 onerosus
2981 2314 3123 2355 cum
3154 2297 3311 2374 viro,

1783 2382 1888 2460 qui
1916 2381 2189 2461 suscepit
2206 2399 2395 2441 onera
2425 2383 2825 2458 matrimonii,
2848 2404 2987 2463 quoe
3009 2389 3315 2450 sententia

1781 2473 1935 2532 mihi
1964 2474 2191 2552 placet,
2225 2475 2476 2552 quando
2508 2475 2769 2536 maritus
2794 2476 3051 2554 ignarus
3080 2480 3218 2556 fuit,
3254 2486 3317 2544 et

1782 2564 1902 2626 hoc
1928 2566 2058 2625 sive
2088 2566 2213 2626 sint
2240 2567 2341 2625 alii
2372 2567 2480 2626 filii
2508 2567 2791 2646 legitimi,
2824 2571 2954 2630 sive
2987 2590 3108 2632 non
3140 2574 3263 2636 sint
3293 2596 3307 2635 ε

1782 2657 2031 2738 quando
2064 2658 2230 2718 enim
2260 2659 2545 2719 conscius
2574 2660 2689 2721 fuit
2716 2662 2974 2739 fraudiS,
3010 2667 3200 2743 repeti
3233 2667 3312 2727 ab

1781 2769 1853 2811 eo
1885 2756 2120 2830 potest,
2176 2769 2378 2830 neque
2421 2753 2484 2811 in
2528 2752 2647 2812 hoc
2689 2754 2816 2813 ulla
2860 2756 2930 2816 fit
2975 2756 3027 2817 ei
3060 2757 3306 2838 injuria,

1779 2861 1921 2903 cum
1968 2843 2101 2921 ipse
2144 2844 2395 2904 sciverit
2437 2850 2682 2922 patrem
2729 2864 2852 2907 non
2901 2866 3082 2927 posse
3123 2851 3312 2912 talem

1779 2954 2102 2996 excessum
2140 2935 2312 2996 dare.
2370 2937 2630 3010 Quando
2678 2956 2826 3000 vero
2874 2940 3130 3019 ignarus
3172 2944 3307 3021 fuit,

1780 3028 1948 3107 quod
1978 3027 2205 3108 conjux
2237 3047 2371 3088 esse
2400 3030 2614 3108 spuria
2636 3077 2651 3107 ,
2703 3031 2951 3094 videtur
2979 3053 3101 3095 non
3130 3054 3312 3115 posse

1780 3121 2043 3201 obligari
2073 3121 2153 3181 ad
2182 3121 2574 3182 reddendum
2596 3142 2951 3200 excessum;
2984 3129 3150 3207 quod
3172 3149 3310 3209 pro-

1778 3215 1915 3275 bari
1946 3219 2170 3294 potest.
2192 3214 2337 3293 quia
2357 3216 2404 3275 si
2435 3222 2611 3295 pater
2630 3223 2883 3296 pactum
2902 3219 3149 3283 fecisset
3168 3241 3310 3284 cum

1780 3308 2010 3387 aliqu0,
2047 3311 2112 3366 ut
2141 3307 2468 3368 inserviret
2495 3326 2622 3368 suae
2652 3309 2793 3370 filiae
2822 3312 3049 3390 spuriae
3078 3317 3311 3375 statuto

1780 3399 1978 3479 pretio
2009 3399 2105 3459 sui
2138 3399 2473 3461 famulatus
2496 3447 2510 3475 ,
2573 3407 2635 3462 et
2684 3401 2786 3464 hic
2815 3404 3174 3468 inservisset
3200 3426 3313 3486 per

1780 3494 1936 3553 duos
1965 3492 2064 3552 vel
2086 3496 2216 3553 tres
2245 3511 2441 3553 annos
2471 3499 2727 3573 accepto
2756 3497 3065 3574 stipendio
3091 3546 3107 3576 ,
3141 3505 3309 3561 certe

1779 3586 1924 3645 licet
1951 3589 2130 3662 pater
2157 3583 2368 3646 illicite
2407 3586 2468 3645 id
2509 3587 2906 3665 expendisset
2935 3590 2996 3649 in
3027 3609 3308 3653 commo-

1780 3677 1926 3737 dum
1948 3676 2092 3736 filiae
2117 3676 2367 3755 spuriae,
2399 3697 2523 3738 non
2554 3684 2760 3740 tamen
2783 3687 2992 3759 posset
3018 3682 3170 3762 ipse,
3195 3702 3310 3745 nec

1779 3769 1913 3850 ejus
1941 3769 2083 3842 filii,
2118 3776 2229 3831 aut
2259 3771 2537 3831 haeredes
2564 3777 2846 3849 repetere
2878 3792 2914 3833 a
2940 3774 3172 3835 famulo
3201 3777 3311 3838 sti-

1778 3863 2076 3941 pendium
2106 3863 2280 3938 illud,
2317 3863 2463 3941 quia
2490 3863 2608 3923 fuit
2636 3864 2905 3942 pretium
2953 3865 3045 3926 sui
3077 3867 3308 3928 laboris

1780 3960 1842 4016 et
1870 3954 2154 4033 obsequii
2185 3953 2471 4026 exhibiti3
2526 3954 2802 4034 alioquin
2844 3956 2888 4015 ii
2918 3957 3105 4019 etiam
3137 4009 3151 4035 ‚
3203 3962 3309 4039 qui

1779 4048 1922 4109 filiae
1952 4047 2369 4108 vendiderunt
2396 4051 2599 4107 vestes
2619 4094 2633 4123 ,
2668 4046 2871 4126 cibos,
2904 4055 2968 4111 et
2994 4051 3116 4111 alia
3143 4053 3305 4112 simi-

1778 4141 1860 4200 lia
1892 4158 2032 4219 quae
2061 4139 2326 4218 pecunia
2352 4140 2547 4218 patris
2577 4138 2857 4218 emebat,
2890 4143 3027 4222 cogi
3059 4152 3311 4223 possent

1780 4233 1860 4292 ad
1890 4232 2212 4292 reddenda
2260 4231 2497 4309 pretia,
2545 4232 2713 4311 quod
2760 4233 3009 4296 videtur
3053 4238 3307 4299 omnino

1779 4326 2005 4386 falsum
2031 4346 2044 4387 ε
2071 4326 2420 4402 emptiones
2451 4325 2615 4385 enim
2649 4343 2770 4387 non
2801 4326 3162 4403 irritantur;
3197 4331 3309 4392 sed

1779 4438 1880 4478 res
1910 4423 2134 4497 emptoe
2163 4418 2531 4478 auferuntur
2559 4436 2595 4477 a
2623 4420 2866 4496 spurio,
2904 4427 2970 4481 ut
2998 4423 3309 4501 colligitur

1780 4531 1856 4571 ex
1883 4512 1923 4572 l.
1961 4515 2015 4571 1.
2052 4513 2117 4572 C.
2151 4509 2220 4570 de
2246 4509 2607 4569 naturalibus
2638 4510 2851 4573 liber-2⁶3.
2887 4513 3181 4575 Similiter
3211 4535 3310 4576 cr-

1777 4622 1857 4684 go
1891 4605 1950 4664 in
1998 4622 2145 4664 casu
2186 4608 2395 4664 nostro
2428 4608 2606 4680 pater
2631 4605 3099 4667 matrimonium
3130 4609 3304 4669 vide-

1777 4703 1879 4758 tur
1908 4697 2131 4756 emisse
2160 4697 2302 4756 flliae
2317 4700 2491 4756 tanta
2512 4696 2679 4770 dote,
2705 4701 2766 4757 et
2784 4699 3044 4760 maritus
3064 4719 3137 4762 eo
3159 4721 3308 4783 qua·

1777 4790 1827 4850 si
1860 4790 2057 4867 pretio
2082 4788 2354 4866 suscepit
2378 4787 2437 4846 in
2469 4806 2533 4847 se
2555 4788 2999 4867 obligationem
3030 4797 3092 4855 et
3118 4814 3309 4856 onera

1777 4880 2197 4956 matrimonii,
2248 4898 2387 4959 quae
2417 4879 2610 4940 semel
2638 4887 2926 4960 suscepta
2954 4903 3076 4945 non
3106 4891 3311 4963 potest

1777 4977 2096 5044 excutere;
2155 4991 2303 5050 ergo
2353 4972 2543 5033 habet
2575 4971 2678 5052 jus
2724 4972 2803 5032 ad
2834 4976 3101 5051 pretium
3132 4995 3311 5039 acce·-

1776 5070 1953 5144 ptum
1978 5111 1993 5141 ,
2026 5064 2188 5125 sicut
2216 5064 2317 5124 alii
2349 5064 2905 5144 qui-vendiderunt
2935 5069 3032 5128 vel
3061 5069 3309 5133 locave-

1774 5162 1920 5218 runt
1947 5175 2170 5236 operas
2197 5174 2363 5232 suas,
2400 5162 2507 5217 aut
2534 5156 2876 5236 quidquam
2904 5158 3074 5220 aliud
3101 5161 3166 5221 in
3195 5163 3312 5225 uti-

1772 5250 2011 5311 litatem
2041 5249 2322 5328 ejusdem
2352 5249 2515 5309 filiae.

1853 5342 2050 5403 Aliter
2095 5340 2475 5419 respondere
2520 5340 2768 5402 videtur
2811 5342 2980 5404 idem
3026 5347 3308 5410 Sanchez

2953 5442 2990 5498 7

3468 2021 3579 2082 134

3442 5357 3555 5416 135
