<?xml version="1.0" encoding="UTF-8"?>
<!DOCTYPE html PUBLIC "-//W3C//DTD XHTML 1.0 Transitional//EN"
    "http://www.w3.org/TR/xhtml1/DTD/xhtml1-transitional.dtd">
<html xmlns="http://www.w3.org/1999/xhtml" xml:lang="en" lang="en">
 <head>
  <title>
</title>
<meta http-equiv="Content-Type" content="text/html;charset=utf-8" />
  <meta name='ocr-system' content='tesseract 3.04.00' />
  <meta name='ocr-capabilities' content='ocr_page ocr_carea ocr_par ocr_line ocrx_word'/>
</head>
<body>
  <div class='ocr_page' id='page_1' title='image "./joannisdelugodi00lugogoog_0191.png"; bbox 0 0 4263 6376; ppageno 0'>
   <div class='ocr_carea' id='block_1_1' title="bbox 101 1220 152 1277">
    <p class='ocr_par' dir='ltr' id='par_1_1' title="bbox 101 1220 152 1277">
     <span class='ocr_line' id='line_1_1' title="bbox 101 1220 152 1277; baseline 0 -1"><span class='ocrx_word' id='word_1_1' title='bbox 101 1220 152 1277; x_wconf 69' lang='lat'>26</span> 
     </span>
    </p>
   </div>
   <div class='ocr_carea' id='block_1_2' title="bbox 64 1345 220 1609">
    <p class='ocr_par' dir='ltr' id='par_1_2' title="bbox 64 1345 220 1609">
     <span class='ocr_line' id='line_1_2' title="bbox 64 1345 220 1396; baseline 0.006 -11"><span class='ocrx_word' id='word_1_2' title='bbox 64 1345 220 1396; x_wconf 58' lang='lat' dir='ltr'>&#39;ev-ohliga-</span> 
     </span>
     <span class='ocr_line' id='line_1_3' title="bbox 65 1401 214 1438; baseline -0.007 0"><span class='ocrx_word' id='word_1_3' title='bbox 65 1401 125 1438; x_wconf 60' lang='lat' dir='ltr'>he</span> <span class='ocrx_word' id='word_1_4' title='bbox 150 1410 214 1437; x_wconf 71' lang='lat' dir='ltr'>u·</span> 
     </span>
     <span class='ocr_line' id='line_1_4' title="bbox 65 1453 196 1515; baseline -0.038 0"><span class='ocrx_word' id='word_1_5' title='bbox 65 1453 196 1515; x_wconf 44' lang='grc' dir='ltr'>Μὴ</span> 
     </span>
     <span class='ocr_line' id='line_1_5' title="bbox 65 1512 215 1545; baseline -0.007 0"><span class='ocrx_word' id='word_1_6' title='bbox 65 1512 215 1545; x_wconf 57' lang='lat' dir='ltr'>fidam·</span> 
     </span>
     <span class='ocr_line' id='line_1_6' title="bbox 97 1569 171 1609; baseline 0 -11"><span class='ocrx_word' id='word_1_7' title='bbox 97 1569 171 1609; x_wconf 64' lang='lat' dir='ltr'>m.</span> 
     </span>
    </p>
   </div>
   <div class='ocr_carea' id='block_1_3' title="bbox 1226 292 2405 370">
    <p class='ocr_par' dir='ltr' id='par_1_3' title="bbox 1226 292 2405 370">
     <span class='ocr_line' id='line_1_7' title="bbox 1226 292 2405 370; baseline -0.002 -12"><span class='ocrx_word' id='word_1_8' title='bbox 1226 293 1699 360; x_wconf 79' lang='lat' dir='ltr'>DISPUTATIO</span> <span class='ocrx_word' id='word_1_9' title='bbox 1745 293 1934 370; x_wconf 85' lang='lat' dir='ltr'>XXV,</span> <span class='ocrx_word' id='word_1_10' title='bbox 1984 292 2259 357; x_wconf 79' lang='lat' dir='ltr'>SECTIO</span> <span class='ocrx_word' id='word_1_11' title='bbox 2301 292 2405 356; x_wconf 88' lang='lat'>111.</span> 
     </span>
    </p>
   </div>
   <div class='ocr_carea' id='block_1_4' title="bbox 235 473 1777 5472">
    <p class='ocr_par' dir='ltr' id='par_1_4' title="bbox 270 473 1752 1201">
     <span class='ocr_line' id='line_1_8' title="bbox 271 473 1738 556; baseline -0.001 -22"><span class='ocrx_word' id='word_1_12' title='bbox 271 474 648 556; x_wconf 82' lang='lat' dir='ltr'>gravissimum</span> <span class='ocrx_word' id='word_1_13' title='bbox 702 478 813 535; x_wconf 85' lang='lat' dir='ltr'>est.</span> <span class='ocrx_word' id='word_1_14' title='bbox 875 476 959 536; x_wconf 87' lang='lat' dir='ltr'>At</span> <span class='ocrx_word' id='word_1_15' title='bbox 1004 492 1152 534; x_wconf 88' lang='lat' dir='ltr'>vero</span> <span class='ocrx_word' id='word_1_16' title='bbox 1210 473 1272 533; x_wconf 91' lang='lat' dir='ltr'>in</span> <span class='ocrx_word' id='word_1_17' title='bbox 1325 491 1473 534; x_wconf 89' lang='lat' dir='ltr'>casu</span> <span class='ocrx_word' id='word_1_18' title='bbox 1531 477 1738 534; x_wconf 88' lang='lat' dir='ltr'>nostro</span> 
     </span>
     <span class='ocr_line' id='line_1_9' title="bbox 272 566 1739 646; baseline -0.003 -17"><span class='ocrx_word' id='word_1_19' title='bbox 272 568 516 646; x_wconf 78' lang='lat' dir='ltr'>obligatio</span> <span class='ocrx_word' id='word_1_20' title='bbox 546 585 666 627; x_wconf 90' lang='lat' dir='ltr'>non</span> <span class='ocrx_word' id='word_1_21' title='bbox 693 566 1015 645; x_wconf 88' lang='lat' dir='ltr'>repetendi</span> <span class='ocrx_word' id='word_1_22' title='bbox 1059 570 1344 627; x_wconf 90' lang='lat' dir='ltr'>mutuum</span> <span class='ocrx_word' id='word_1_23' title='bbox 1375 571 1548 628; x_wconf 89' lang='lat' dir='ltr'>tanto</span> <span class='ocrx_word' id='word_1_24' title='bbox 1579 571 1739 627; x_wconf 90' lang='lat' dir='ltr'>tem-</span> 
     </span>
     <span class='ocr_line' id='line_1_10' title="bbox 271 658 1746 740; baseline -0.001 -20"><span class='ocrx_word' id='word_1_25' title='bbox 271 678 389 740; x_wconf 88' lang='lat' dir='ltr'>pore</span> <span class='ocrx_word' id='word_1_26' title='bbox 413 665 495 719; x_wconf 87' lang='lat' dir='ltr'>est</span> <span class='ocrx_word' id='word_1_27' title='bbox 519 660 846 719; x_wconf 86' lang='lat' dir='ltr'>intrinseca</span> <span class='ocrx_word' id='word_1_28' title='bbox 875 658 1020 718; x_wconf 87' lang='lat' dir='ltr'>huic</span> <span class='ocrx_word' id='word_1_29' title='bbox 1048 664 1263 719; x_wconf 87' lang='lat' dir='ltr'>mutuo</span> <span class='ocrx_word' id='word_1_30' title='bbox 1286 663 1354 720; x_wconf 91' lang='lat' dir='ltr'>ut</span> <span class='ocrx_word' id='word_1_31' title='bbox 1381 659 1502 720; x_wconf 86' lang='lat' dir='ltr'>tale</span> <span class='ocrx_word' id='word_1_32' title='bbox 1533 663 1648 735; x_wconf 85' lang='lat' dir='ltr'>est,</span> <span class='ocrx_word' id='word_1_33' title='bbox 1683 661 1746 719; x_wconf 88' lang='lat' dir='ltr'>et</span> 
     </span>
     <span class='ocr_line' id='line_1_11' title="bbox 271 751 1747 828; baseline -0.001 -16"><span class='ocrx_word' id='word_1_34' title='bbox 271 754 464 812; x_wconf 89' lang='lat' dir='ltr'>nullum</span> <span class='ocrx_word' id='word_1_35' title='bbox 491 771 640 812; x_wconf 90' lang='lat' dir='ltr'>onus</span> <span class='ocrx_word' id='word_1_36' title='bbox 670 753 853 813; x_wconf 77' lang='lat' dir='ltr'>affert</span> <span class='ocrx_word' id='word_1_37' title='bbox 879 751 1212 828; x_wconf 82' lang='lat' dir='ltr'><strong>mutuanti,</strong></span> <span class='ocrx_word' id='word_1_38' title='bbox 1267 753 1384 812; x_wconf 88' lang='lat' dir='ltr'>nisi</span> <span class='ocrx_word' id='word_1_39' title='bbox 1414 771 1624 812; x_wconf 90' lang='lat' dir='ltr'>carere</span> <span class='ocrx_word' id='word_1_40' title='bbox 1654 751 1747 811; x_wconf 89' lang='lat' dir='ltr'>fa·-</span> 
     </span>
     <span class='ocr_line' id='line_1_12' title="bbox 271 844 1745 924; baseline -0.001 -18"><span class='ocrx_word' id='word_1_41' title='bbox 271 846 455 906; x_wconf 84' lang='lat' dir='ltr'>cultate</span> <span class='ocrx_word' id='word_1_42' title='bbox 481 844 592 904; x_wconf 89' lang='lat' dir='ltr'>hoc</span> <span class='ocrx_word' id='word_1_43' title='bbox 619 849 901 924; x_wconf 91' lang='lat' dir='ltr'>tempore</span> <span class='ocrx_word' id='word_1_44' title='bbox 933 845 1146 905; x_wconf 89' lang='lat' dir='ltr'>utendi</span> <span class='ocrx_word' id='word_1_45' title='bbox 1177 863 1243 905; x_wconf 90' lang='lat' dir='ltr'>re</span> <span class='ocrx_word' id='word_1_46' title='bbox 1274 864 1407 922; x_wconf 90' lang='lat' dir='ltr'>sua,</span> <span class='ocrx_word' id='word_1_47' title='bbox 1443 846 1540 906; x_wconf 93' lang='lat' dir='ltr'>cui</span> <span class='ocrx_word' id='word_1_48' title='bbox 1571 844 1745 906; x_wconf 84' lang='lat' dir='ltr'>oneri</span> 
     </span>
     <span class='ocr_line' id='line_1_13' title="bbox 271 937 1752 1018; baseline 0 -19"><span class='ocrx_word' id='word_1_49' title='bbox 271 938 466 1018; x_wconf 85' lang='lat' dir='ltr'>aequale</span> <span class='ocrx_word' id='word_1_50' title='bbox 493 937 694 998; x_wconf 82' lang='lat' dir='ltr'>reddit</span> <span class='ocrx_word' id='word_1_51' title='bbox 724 939 1164 1014; x_wconf 80' lang='lat' dir='ltr'>mutuatarius,</span> <span class='ocrx_word' id='word_1_52' title='bbox 1217 939 1426 1000; x_wconf 89' lang='lat' dir='ltr'>dando</span> <span class='ocrx_word' id='word_1_53' title='bbox 1457 939 1513 999; x_wconf 91' lang='lat' dir='ltr'>ei</span> <span class='ocrx_word' id='word_1_54' title='bbox 1539 956 1752 1018; x_wconf 60' lang='lat' dir='ltr'>aequa-</span> 
     </span>
     <span class='ocr_line' id='line_1_14' title="bbox 270 1030 1749 1110; baseline 0.001 -21"><span class='ocrx_word' id='word_1_55' title='bbox 270 1032 367 1091; x_wconf 83' lang='lat' dir='ltr'>lem</span> <span class='ocrx_word' id='word_1_56' title='bbox 400 1031 709 1110; x_wconf 89' lang='lat' dir='ltr'>pecuniam</span> <span class='ocrx_word' id='word_1_57' title='bbox 759 1048 905 1090; x_wconf 89' lang='lat' dir='ltr'>cum</span> <span class='ocrx_word' id='word_1_58' title='bbox 950 1031 1244 1091; x_wconf 74' lang='lat' dir='ltr'>facultate</span> <span class='ocrx_word' id='word_1_59' title='bbox 1292 1032 1488 1092; x_wconf 89' lang='lat' dir='ltr'>libera</span> <span class='ocrx_word' id='word_1_60' title='bbox 1537 1030 1749 1093; x_wconf 88' lang='lat' dir='ltr'>utendi</span> 
     </span>
     <span class='ocr_line' id='line_1_15' title="bbox 270 1124 1358 1201; baseline 0.003 -20"><span class='ocrx_word' id='word_1_61' title='bbox 270 1124 352 1183; x_wconf 87' lang='lat' dir='ltr'>illa</span> <span class='ocrx_word' id='word_1_62' title='bbox 373 1125 425 1182; x_wconf 88' lang='lat' dir='ltr'>in</span> <span class='ocrx_word' id='word_1_63' title='bbox 451 1128 841 1201; x_wconf 87' lang='lat' dir='ltr'>perpetuum,</span> <span class='ocrx_word' id='word_1_64' title='bbox 875 1141 986 1200; x_wconf 89' lang='lat' dir='ltr'>pro</span> <span class='ocrx_word' id='word_1_65' title='bbox 1018 1141 1129 1183; x_wconf 89' lang='lat' dir='ltr'>suo</span> <span class='ocrx_word' id='word_1_66' title='bbox 1161 1124 1358 1185; x_wconf 81' lang='lat' dir='ltr'>libito.</span> 
     </span>
    </p>

    <p class='ocr_par' dir='ltr' id='par_1_5' title="bbox 243 1215 1763 3411">
     <span class='ocr_line' id='line_1_16' title="bbox 331 1215 1754 1296; baseline 0.001 -21"><span class='ocrx_word' id='word_1_67' title='bbox 331 1215 500 1286; x_wconf 76' lang='lat' dir='ltr'>DiceS,</span> <span class='ocrx_word' id='word_1_68' title='bbox 556 1216 763 1294; x_wconf 90' lang='lat' dir='ltr'>quoad</span> <span class='ocrx_word' id='word_1_69' title='bbox 794 1216 1036 1295; x_wconf 86' lang='lat' dir='ltr'>praxim</span> <span class='ocrx_word' id='word_1_70' title='bbox 1083 1215 1303 1276; x_wconf 89' lang='lat' dir='ltr'>eadem</span> <span class='ocrx_word' id='word_1_71' title='bbox 1333 1216 1506 1296; x_wconf 89' lang='lat' dir='ltr'>sequi</span> <span class='ocrx_word' id='word_1_72' title='bbox 1539 1216 1754 1277; x_wconf 89' lang='lat' dir='ltr'>incon-</span> 
     </span>
     <span class='ocr_line' id='line_1_17' title="bbox 269 1308 1752 1388; baseline 0.003 -22"><span class='ocrx_word' id='word_1_73' title='bbox 269 1308 550 1383; x_wconf 71' lang='lat' dir='ltr'>venientia,</span> <span class='ocrx_word' id='word_1_74' title='bbox 583 1309 634 1368; x_wconf 92' lang='lat' dir='ltr'>si</span> <span class='ocrx_word' id='word_1_75' title='bbox 659 1309 849 1370; x_wconf 90' lang='lat' dir='ltr'>liceat</span> <span class='ocrx_word' id='word_1_76' title='bbox 878 1308 1162 1388; x_wconf 87' lang='lat' dir='ltr'>accipere</span> <span class='ocrx_word' id='word_1_77' title='bbox 1191 1309 1353 1369; x_wconf 90' lang='lat' dir='ltr'>ultra</span> <span class='ocrx_word' id='word_1_78' title='bbox 1380 1314 1607 1371; x_wconf 90' lang='lat' dir='ltr'>sortem</span> <span class='ocrx_word' id='word_1_79' title='bbox 1638 1328 1752 1388; x_wconf 91' lang='lat' dir='ltr'>pro</span> 
     </span>
     <span class='ocr_line' id='line_1_18' title="bbox 270 1400 1754 1478; baseline 0.001 -18"><span class='ocrx_word' id='word_1_80' title='bbox 270 1400 596 1478; x_wconf 81' lang='lat' dir='ltr'>obligatione</span> <span class='ocrx_word' id='word_1_81' title='bbox 658 1401 990 1461; x_wconf 88' lang='lat' dir='ltr'>mutuandi</span> <span class='ocrx_word' id='word_1_82' title='bbox 1021 1447 1036 1477; x_wconf 91' lang='lat'>‚</span> <span class='ocrx_word' id='word_1_83' title='bbox 1098 1420 1240 1462; x_wconf 90' lang='lat' dir='ltr'>nam</span> <span class='ocrx_word' id='word_1_84' title='bbox 1295 1402 1376 1462; x_wconf 90' lang='lat' dir='ltr'>ad</span> <span class='ocrx_word' id='word_1_85' title='bbox 1431 1403 1754 1463; x_wconf 85' lang='lat' dir='ltr'>vitandam</span> 
     </span>
     <span class='ocr_line' id='line_1_19' title="bbox 267 1494 1758 1573; baseline 0.003 -21"><span class='ocrx_word' id='word_1_86' title='bbox 267 1512 476 1552; x_wconf 84' lang='lat' dir='ltr'>usuram</span> <span class='ocrx_word' id='word_1_87' title='bbox 503 1499 795 1554; x_wconf 88' lang='lat' dir='ltr'>mutuans</span> <span class='ocrx_word' id='word_1_88' title='bbox 825 1495 1064 1573; x_wconf 90' lang='lat' dir='ltr'>poterit</span> <span class='ocrx_word' id='word_1_89' title='bbox 1110 1494 1318 1554; x_wconf 83' lang='lat' dir='ltr'>dicere</span> <span class='ocrx_word' id='word_1_90' title='bbox 1378 1513 1393 1559; x_wconf 72' lang='grc' dir='ltr'>ε</span> <span class='ocrx_word' id='word_1_91' title='bbox 1452 1498 1583 1573; x_wconf 86' lang='lat' dir='ltr'>Ego</span> <span class='ocrx_word' id='word_1_92' title='bbox 1616 1496 1758 1557; x_wconf 92' lang='lat' dir='ltr'>nolo</span> 
     </span>
     <span class='ocr_line' id='line_1_20' title="bbox 265 1585 1754 1666; baseline 0.004 -23"><span class='ocrx_word' id='word_1_93' title='bbox 265 1585 458 1664; x_wconf 86' lang='lat' dir='ltr'>aliquid</span> <span class='ocrx_word' id='word_1_94' title='bbox 485 1585 641 1646; x_wconf 87' lang='lat' dir='ltr'>ultra</span> <span class='ocrx_word' id='word_1_95' title='bbox 662 1590 897 1645; x_wconf 88' lang='lat' dir='ltr'>sortem</span> <span class='ocrx_word' id='word_1_96' title='bbox 927 1585 1213 1664; x_wconf 90' lang='lat' dir='ltr'>accipere</span> <span class='ocrx_word' id='word_1_97' title='bbox 1235 1606 1347 1666; x_wconf 90' lang='lat' dir='ltr'>pro</span> <span class='ocrx_word' id='word_1_98' title='bbox 1370 1594 1609 1665; x_wconf 84' lang='lat' dir='ltr'>mutuo,</span> <span class='ocrx_word' id='word_1_99' title='bbox 1643 1588 1754 1649; x_wconf 90' lang='lat' dir='ltr'>sed</span> 
     </span>
     <span class='ocr_line' id='line_1_21' title="bbox 263 1677 1756 1758; baseline 0.003 -20"><span class='ocrx_word' id='word_1_100' title='bbox 263 1679 374 1739; x_wconf 82' lang='lat' dir='ltr'>volo</span> <span class='ocrx_word' id='word_1_101' title='bbox 399 1677 496 1739; x_wconf 82' lang='lat' dir='ltr'>tibi</span> <span class='ocrx_word' id='word_1_102' title='bbox 526 1679 726 1757; x_wconf 88' lang='lat' dir='ltr'>gratis</span> <span class='ocrx_word' id='word_1_103' title='bbox 754 1684 1045 1739; x_wconf 89' lang='lat' dir='ltr'>mutuare</span> <span class='ocrx_word' id='word_1_104' title='bbox 1077 1679 1155 1739; x_wconf 89' lang='lat' dir='ltr'>ad</span> <span class='ocrx_word' id='word_1_105' title='bbox 1184 1698 1487 1758; x_wconf 89' lang='lat' dir='ltr'>mensem,</span> <span class='ocrx_word' id='word_1_106' title='bbox 1534 1686 1598 1742; x_wconf 91' lang='lat' dir='ltr'>et</span> <span class='ocrx_word' id='word_1_107' title='bbox 1625 1701 1756 1742; x_wconf 91' lang='lat' dir='ltr'>rur·</span> 
     </span>
     <span class='ocr_line' id='line_1_22' title="bbox 261 1771 1757 1852; baseline 0.003 -22"><span class='ocrx_word' id='word_1_108' title='bbox 261 1790 372 1830; x_wconf 84' lang='lat' dir='ltr'>sum</span> <span class='ocrx_word' id='word_1_109' title='bbox 398 1790 486 1830; x_wconf 89' lang='lat' dir='ltr'>me</span> <span class='ocrx_word' id='word_1_110' title='bbox 516 1771 796 1850; x_wconf 87' lang='lat' dir='ltr'>obligare</span> <span class='ocrx_word' id='word_1_111' title='bbox 828 1771 907 1831; x_wconf 87' lang='lat' dir='ltr'>ad</span> <span class='ocrx_word' id='word_1_112' title='bbox 955 1775 1423 1852; x_wconf 85' lang='lat' dir='ltr'>prorogandum</span> <span class='ocrx_word' id='word_1_113' title='bbox 1470 1780 1757 1836; x_wconf 91' lang='lat' dir='ltr'>mutuum</span> 
     </span>
     <span class='ocr_line' id='line_1_23' title="bbox 257 1864 1752 1945; baseline 0.003 -22"><span class='ocrx_word' id='word_1_114' title='bbox 257 1884 350 1945; x_wconf 85' lang='lat' dir='ltr'>per</span> <span class='ocrx_word' id='word_1_115' title='bbox 369 1864 692 1925; x_wconf 88' lang='lat' dir='ltr'>duodecim</span> <span class='ocrx_word' id='word_1_116' title='bbox 739 1865 897 1925; x_wconf 88' lang='lat' dir='ltr'>alios</span> <span class='ocrx_word' id='word_1_117' title='bbox 925 1884 1193 1942; x_wconf 88' lang='lat' dir='ltr'>menses,</span> <span class='ocrx_word' id='word_1_118' title='bbox 1255 1867 1305 1926; x_wconf 90' lang='lat' dir='ltr'>si</span> <span class='ocrx_word' id='word_1_119' title='bbox 1347 1873 1412 1928; x_wconf 90' lang='lat' dir='ltr'>tu</span> <span class='ocrx_word' id='word_1_120' title='bbox 1460 1868 1752 1945; x_wconf 89' lang='lat' dir='ltr'>volueris,</span> 
     </span>
     <span class='ocr_line' id='line_1_24' title="bbox 259 1958 1759 2038; baseline 0.005 -23"><span class='ocrx_word' id='word_1_121' title='bbox 259 1963 308 2016; x_wconf 79' lang='lat' dir='ltr'>et</span> <span class='ocrx_word' id='word_1_122' title='bbox 329 1963 457 2017; x_wconf 88' lang='lat' dir='ltr'>tunc</span> <span class='ocrx_word' id='word_1_123' title='bbox 485 1959 624 2018; x_wconf 87' lang='lat' dir='ltr'>volo</span> <span class='ocrx_word' id='word_1_124' title='bbox 686 1977 798 2037; x_wconf 91' lang='lat' dir='ltr'>pro</span> <span class='ocrx_word' id='word_1_125' title='bbox 847 1958 968 2018; x_wconf 89' lang='lat' dir='ltr'>hac</span> <span class='ocrx_word' id='word_1_126' title='bbox 1023 1959 1403 2038; x_wconf 81' lang='lat' dir='ltr'>obligatione</span> <span class='ocrx_word' id='word_1_127' title='bbox 1461 1979 1624 2021; x_wconf 86' lang='lat' dir='ltr'>nova</span> <span class='ocrx_word' id='word_1_128' title='bbox 1659 1981 1759 2022; x_wconf 89' lang='lat' dir='ltr'>su-</span> 
     </span>
     <span class='ocr_line' id='line_1_25' title="bbox 257 2050 1751 2129; baseline 0.003 -20"><span class='ocrx_word' id='word_1_129' title='bbox 257 2050 466 2110; x_wconf 86' lang='lat' dir='ltr'>beunda</span> <span class='ocrx_word' id='word_1_130' title='bbox 495 2051 760 2129; x_wconf 88' lang='lat' dir='ltr'>singulis</span> <span class='ocrx_word' id='word_1_131' title='bbox 807 2051 1150 2128; x_wconf 90' lang='lat' dir='ltr'>mensibus,</span> <span class='ocrx_word' id='word_1_132' title='bbox 1202 2071 1463 2113; x_wconf 88' lang='lat' dir='ltr'>aureum</span> <span class='ocrx_word' id='word_1_133' title='bbox 1511 2072 1751 2115; x_wconf 90' lang='lat' dir='ltr'>unum:</span> 
     </span>
     <span class='ocr_line' id='line_1_26' title="bbox 257 2144 1759 2223; baseline 0.003 -21"><span class='ocrx_word' id='word_1_134' title='bbox 257 2161 356 2221; x_wconf 88' lang='lat' dir='ltr'>quo</span> <span class='ocrx_word' id='word_1_135' title='bbox 383 2149 554 2222; x_wconf 85' lang='lat' dir='ltr'>pacto</span> <span class='ocrx_word' id='word_1_136' title='bbox 586 2144 891 2206; x_wconf 78' lang='lat' dir='ltr'>vitabitur</span> <span class='ocrx_word' id='word_1_137' title='bbox 937 2163 1185 2223; x_wconf 82' lang='lat' dir='ltr'>semper</span> <span class='ocrx_word' id='word_1_138' title='bbox 1213 2165 1420 2222; x_wconf 90' lang='lat' dir='ltr'>usura,</span> <span class='ocrx_word' id='word_1_139' title='bbox 1476 2150 1539 2207; x_wconf 87' lang='lat' dir='ltr'>et</span> <span class='ocrx_word' id='word_1_140' title='bbox 1569 2147 1759 2207; x_wconf 86' lang='lat' dir='ltr'>habe-</span> 
     </span>
     <span class='ocr_line' id='line_1_27' title="bbox 254 2235 1761 2316; baseline 0.002 -20"><span class='ocrx_word' id='word_1_141' title='bbox 254 2235 330 2296; x_wconf 88' lang='lat' dir='ltr'>bit</span> <span class='ocrx_word' id='word_1_142' title='bbox 353 2235 504 2296; x_wconf 89' lang='lat' dir='ltr'>idem</span> <span class='ocrx_word' id='word_1_143' title='bbox 534 2237 796 2298; x_wconf 90' lang='lat' dir='ltr'>omnino</span> <span class='ocrx_word' id='word_1_144' title='bbox 826 2238 1073 2297; x_wconf 88' lang='lat' dir='ltr'>lucrum</span> <span class='ocrx_word' id='word_1_145' title='bbox 1101 2256 1211 2316; x_wconf 91' lang='lat' dir='ltr'>pro</span> <span class='ocrx_word' id='word_1_146' title='bbox 1229 2238 1609 2316; x_wconf 79' lang='lat' dir='ltr'>obligatione</span> <span class='ocrx_word' id='word_1_147' title='bbox 1638 2239 1761 2299; x_wconf 89' lang='lat' dir='ltr'>sin-</span> 
     </span>
     <span class='ocr_line' id='line_1_28' title="bbox 253 2330 1760 2411; baseline 0.002 -23"><span class='ocrx_word' id='word_1_148' title='bbox 253 2330 386 2406; x_wconf 88' lang='lat' dir='ltr'>gulis</span> <span class='ocrx_word' id='word_1_149' title='bbox 410 2330 731 2389; x_wconf 89' lang='lat' dir='ltr'>mensibus</span> <span class='ocrx_word' id='word_1_150' title='bbox 774 2334 1090 2402; x_wconf 87' lang='lat' dir='ltr'>revocata,</span> <span class='ocrx_word' id='word_1_151' title='bbox 1138 2330 1307 2409; x_wconf 90' lang='lat' dir='ltr'>quod</span> <span class='ocrx_word' id='word_1_152' title='bbox 1353 2333 1657 2411; x_wconf 90' lang='lat' dir='ltr'>potuisset</span> <span class='ocrx_word' id='word_1_153' title='bbox 1685 2351 1760 2392; x_wconf 88' lang='lat' dir='ltr'>ex</span> 
     </span>
     <span class='ocr_line' id='line_1_29' title="bbox 250 2422 1757 2501; baseline 0.002 -19"><span class='ocrx_word' id='word_1_154' title='bbox 250 2425 435 2482; x_wconf 86' lang='lat' dir='ltr'>mutuo</span> <span class='ocrx_word' id='word_1_155' title='bbox 461 2423 734 2500; x_wconf 86' lang='lat' dir='ltr'>sperari;</span> <span class='ocrx_word' id='word_1_156' title='bbox 786 2428 974 2501; x_wconf 85' lang='lat' dir='ltr'>atque</span> <span class='ocrx_word' id='word_1_157' title='bbox 1027 2422 1168 2484; x_wconf 90' lang='lat' dir='ltr'>ideo</span> <span class='ocrx_word' id='word_1_158' title='bbox 1205 2429 1337 2484; x_wconf 90' lang='lat' dir='ltr'>tota</span> <span class='ocrx_word' id='word_1_159' title='bbox 1366 2425 1652 2485; x_wconf 87' lang='lat' dir='ltr'>doctrina</span> <span class='ocrx_word' id='word_1_160' title='bbox 1680 2425 1757 2485; x_wconf 91' lang='lat' dir='ltr'>de</span> 
     </span>
     <span class='ocr_line' id='line_1_30' title="bbox 253 2515 1758 2594; baseline 0.002 -20"><span class='ocrx_word' id='word_1_161' title='bbox 253 2516 422 2574; x_wconf 83' lang='lat' dir='ltr'>usuris</span> <span class='ocrx_word' id='word_1_162' title='bbox 450 2515 688 2576; x_wconf 86' lang='lat' dir='ltr'>inutilis</span> <span class='ocrx_word' id='word_1_163' title='bbox 719 2515 858 2591; x_wconf 87' lang='lat' dir='ltr'>erit,</span> <span class='ocrx_word' id='word_1_164' title='bbox 892 2533 1034 2575; x_wconf 90' lang='lat' dir='ltr'>cum</span> <span class='ocrx_word' id='word_1_165' title='bbox 1055 2515 1250 2594; x_wconf 81' lang='lat' dir='ltr'>possit</span> <span class='ocrx_word' id='word_1_166' title='bbox 1274 2515 1392 2575; x_wconf 89' lang='lat' dir='ltr'>hac</span> <span class='ocrx_word' id='word_1_167' title='bbox 1414 2517 1758 2578; x_wconf 76' lang='lat' dir='ltr'>mutatione</span> 
     </span>
     <span class='ocr_line' id='line_1_31' title="bbox 251 2607 1763 2687; baseline 0.001 -21"><span class='ocrx_word' id='word_1_168' title='bbox 251 2608 391 2685; x_wconf 85' lang='lat' dir='ltr'>pacti</span> <span class='ocrx_word' id='word_1_169' title='bbox 416 2613 613 2668; x_wconf 88' lang='lat' dir='ltr'>totum</span> <span class='ocrx_word' id='word_1_170' title='bbox 646 2627 855 2668; x_wconf 81' lang='lat' dir='ltr'>usurae</span> <span class='ocrx_word' id='word_1_171' title='bbox 904 2607 1149 2667; x_wconf 85' lang='lat' dir='ltr'>lucrum</span> <span class='ocrx_word' id='word_1_172' title='bbox 1198 2608 1329 2667; x_wconf 88' lang='lat' dir='ltr'>sine</span> <span class='ocrx_word' id='word_1_173' title='bbox 1359 2615 1617 2687; x_wconf 89' lang='lat' dir='ltr'>peccato</span> <span class='ocrx_word' id='word_1_174' title='bbox 1650 2609 1763 2670; x_wconf 83' lang='lat' dir='ltr'>ob-</span> 
     </span>
     <span class='ocr_line' id='line_1_32' title="bbox 251 2700 1760 2782; baseline 0.003 -23"><span class='ocrx_word' id='word_1_175' title='bbox 251 2700 423 2760; x_wconf 81' lang='lat' dir='ltr'>tineri.</span> <span class='ocrx_word' id='word_1_176' title='bbox 457 2703 700 2760; x_wconf 85' lang='lat' dir='ltr'>Rursus</span> <span class='ocrx_word' id='word_1_177' title='bbox 730 2706 1068 2779; x_wconf 84' lang='lat' dir='ltr'>antequam</span> <span class='ocrx_word' id='word_1_178' title='bbox 1100 2705 1389 2761; x_wconf 88' lang='lat' dir='ltr'>mutuum</span> <span class='ocrx_word' id='word_1_179' title='bbox 1419 2702 1546 2775; x_wconf 84' lang='lat' dir='ltr'>det,</span> <span class='ocrx_word' id='word_1_180' title='bbox 1580 2707 1760 2782; x_wconf 83' lang='lat' dir='ltr'>pote-</span> 
     </span>
     <span class='ocr_line' id='line_1_33' title="bbox 249 2792 1759 2872; baseline 0.003 -20"><span class='ocrx_word' id='word_1_181' title='bbox 249 2792 315 2854; x_wconf 86' lang='lat' dir='ltr'>rit</span> <span class='ocrx_word' id='word_1_182' title='bbox 338 2793 531 2854; x_wconf 79' lang='lat' dir='ltr'>dicere</span> <span class='ocrx_word' id='word_1_183' title='bbox 595 2815 609 2855; x_wconf 91' lang='lat'>:</span> <span class='ocrx_word' id='word_1_184' title='bbox 675 2795 808 2871; x_wconf 82' lang='lat' dir='ltr'>Ego</span> <span class='ocrx_word' id='word_1_185' title='bbox 838 2811 953 2872; x_wconf 91' lang='lat' dir='ltr'>pro</span> <span class='ocrx_word' id='word_1_186' title='bbox 976 2798 1192 2854; x_wconf 90' lang='lat' dir='ltr'>mutuo</span> <span class='ocrx_word' id='word_1_187' title='bbox 1226 2794 1379 2853; x_wconf 91' lang='lat' dir='ltr'>nihil</span> <span class='ocrx_word' id='word_1_188' title='bbox 1409 2795 1588 2867; x_wconf 84' lang='lat' dir='ltr'>volo;</span> <span class='ocrx_word' id='word_1_189' title='bbox 1648 2796 1759 2856; x_wconf 90' lang='lat' dir='ltr'>sed</span> 
     </span>
     <span class='ocr_line' id='line_1_34' title="bbox 248 2885 1760 2967; baseline 0.003 -22"><span class='ocrx_word' id='word_1_190' title='bbox 248 2891 427 2946; x_wconf 88' lang='lat' dir='ltr'>tamen</span> <span class='ocrx_word' id='word_1_191' title='bbox 456 2887 516 2945; x_wconf 91' lang='lat' dir='ltr'>in</span> <span class='ocrx_word' id='word_1_192' title='bbox 545 2888 642 2948; x_wconf 89' lang='lat' dir='ltr'>tui</span> <span class='ocrx_word' id='word_1_193' title='bbox 675 2886 946 2964; x_wconf 82' lang='lat' dir='ltr'>gratiam</span> <span class='ocrx_word' id='word_1_194' title='bbox 975 2885 1115 2946; x_wconf 87' lang='lat' dir='ltr'>volo</span> <span class='ocrx_word' id='word_1_195' title='bbox 1149 2887 1323 2965; x_wconf 88' lang='lat' dir='ltr'>prius</span> <span class='ocrx_word' id='word_1_196' title='bbox 1349 2905 1449 2947; x_wconf 88' lang='lat' dir='ltr'>me</span> <span class='ocrx_word' id='word_1_197' title='bbox 1481 2888 1760 2967; x_wconf 87' lang='lat' dir='ltr'>obligare</span> 
     </span>
     <span class='ocr_line' id='line_1_35' title="bbox 248 2976 1761 3059; baseline 0.003 -22"><span class='ocrx_word' id='word_1_198' title='bbox 248 2976 314 3036; x_wconf 87' lang='lat' dir='ltr'>ad</span> <span class='ocrx_word' id='word_1_199' title='bbox 339 2979 750 3038; x_wconf 87' lang='lat' dir='ltr'>mutuandum</span> <span class='ocrx_word' id='word_1_200' title='bbox 779 2997 893 3057; x_wconf 89' lang='lat' dir='ltr'>per</span> <span class='ocrx_word' id='word_1_201' title='bbox 922 2997 1178 3054; x_wconf 91' lang='lat' dir='ltr'>annum,</span> <span class='ocrx_word' id='word_1_202' title='bbox 1228 2983 1289 3039; x_wconf 90' lang='lat' dir='ltr'>et</span> <span class='ocrx_word' id='word_1_203' title='bbox 1316 2999 1428 3059; x_wconf 91' lang='lat' dir='ltr'>pro</span> <span class='ocrx_word' id='word_1_204' title='bbox 1460 2980 1577 3041; x_wconf 92' lang='lat' dir='ltr'>hac</span> <span class='ocrx_word' id='word_1_205' title='bbox 1610 2981 1761 3042; x_wconf 90' lang='lat' dir='ltr'>obli-</span> 
     </span>
     <span class='ocr_line' id='line_1_36' title="bbox 245 3071 1757 3151; baseline 0.005 -23"><span class='ocrx_word' id='word_1_206' title='bbox 245 3071 466 3147; x_wconf 84' lang='lat' dir='ltr'>gatione</span> <span class='ocrx_word' id='word_1_207' title='bbox 520 3072 859 3132; x_wconf 86' lang='lat' dir='ltr'>subeunda</span> <span class='ocrx_word' id='word_1_208' title='bbox 888 3071 1031 3131; x_wconf 91' lang='lat' dir='ltr'>volo</span> <span class='ocrx_word' id='word_1_209' title='bbox 1081 3091 1116 3131; x_wconf 88' lang='lat' dir='ltr'>a</span> <span class='ocrx_word' id='word_1_210' title='bbox 1145 3077 1206 3133; x_wconf 90' lang='lat' dir='ltr'>te</span> <span class='ocrx_word' id='word_1_211' title='bbox 1251 3072 1470 3133; x_wconf 90' lang='lat' dir='ltr'>decem</span> <span class='ocrx_word' id='word_1_212' title='bbox 1513 3093 1757 3151; x_wconf 84' lang='lat' dir='ltr'>aureOS,</span> 
     </span>
     <span class='ocr_line' id='line_1_37' title="bbox 246 3163 1763 3244; baseline 0.003 -21"><span class='ocrx_word' id='word_1_213' title='bbox 246 3181 350 3242; x_wconf 83' lang='lat' dir='ltr'>quo</span> <span class='ocrx_word' id='word_1_214' title='bbox 375 3171 552 3244; x_wconf 63' lang='lat' dir='ltr'>pasto</span> <span class='ocrx_word' id='word_1_215' title='bbox 602 3164 868 3226; x_wconf 86' lang='lat' dir='ltr'>habebit</span> <span class='ocrx_word' id='word_1_216' title='bbox 913 3163 1081 3225; x_wconf 91' lang='lat' dir='ltr'>idem</span> <span class='ocrx_word' id='word_1_217' title='bbox 1109 3165 1354 3226; x_wconf 89' lang='lat' dir='ltr'>lucrum</span> <span class='ocrx_word' id='word_1_218' title='bbox 1402 3166 1581 3229; x_wconf 87' lang='lat' dir='ltr'>titulo</span> <span class='ocrx_word' id='word_1_219' title='bbox 1612 3167 1763 3229; x_wconf 92' lang='lat' dir='ltr'>obli-</span> 
     </span>
     <span class='ocr_line' id='line_1_38' title="bbox 243 3258 1763 3340; baseline 0.003 -23"><span class='ocrx_word' id='word_1_220' title='bbox 243 3258 504 3334; x_wconf 79' lang='lat' dir='ltr'>gationis,</span> <span class='ocrx_word' id='word_1_221' title='bbox 534 3258 715 3337; x_wconf 89' lang='lat' dir='ltr'>quod</span> <span class='ocrx_word' id='word_1_222' title='bbox 743 3275 999 3337; x_wconf 89' lang='lat' dir='ltr'>sperare</span> <span class='ocrx_word' id='word_1_223' title='bbox 1027 3259 1332 3338; x_wconf 88' lang='lat' dir='ltr'>potuisset</span> <span class='ocrx_word' id='word_1_224' title='bbox 1361 3279 1434 3320; x_wconf 89' lang='lat' dir='ltr'>ex</span> <span class='ocrx_word' id='word_1_225' title='bbox 1465 3260 1598 3340; x_wconf 92' lang='lat' dir='ltr'>ipso</span> <span class='ocrx_word' id='word_1_226' title='bbox 1630 3280 1763 3322; x_wconf 91' lang='lat' dir='ltr'>mu-</span> 
     </span>
     <span class='ocr_line' id='line_1_39' title="bbox 245 3356 354 3411; baseline 0 0"><span class='ocrx_word' id='word_1_227' title='bbox 245 3356 354 3411; x_wconf 80' lang='lat' dir='ltr'>tuo,</span> 
     </span>
    </p>

    <p class='ocr_par' dir='ltr' id='par_1_6' title="bbox 235 3443 1777 5472">
     <span class='ocr_line' id='line_1_40' title="bbox 306 3443 1764 3524; baseline 0.002 -20"><span class='ocrx_word' id='word_1_228' title='bbox 306 3444 760 3524; x_wconf 88' lang='lat' dir='ltr'>Respondetur,</span> <span class='ocrx_word' id='word_1_229' title='bbox 786 3443 953 3504; x_wconf 90' lang='lat' dir='ltr'>idem</span> <span class='ocrx_word' id='word_1_230' title='bbox 972 3450 1414 3522; x_wconf 85' lang='lat' dir='ltr'>argumentum</span> <span class='ocrx_word' id='word_1_231' title='bbox 1431 3445 1562 3506; x_wconf 83' lang='lat' dir='ltr'>fieri</span> <span class='ocrx_word' id='word_1_232' title='bbox 1582 3464 1764 3524; x_wconf 88' lang='lat' dir='ltr'>posse</span> 
     </span>
     <span class='ocr_line' id='line_1_41' title="bbox 243 3535 1769 3617; baseline 0.003 -21"><span class='ocrx_word' id='word_1_233' title='bbox 243 3535 292 3596; x_wconf 89' lang='lat' dir='ltr'>in</span> <span class='ocrx_word' id='word_1_234' title='bbox 319 3537 678 3599; x_wconf 75' lang='lat' dir='ltr'>venditione</span> <span class='ocrx_word' id='word_1_235' title='bbox 707 3538 874 3598; x_wconf 87' lang='lat' dir='ltr'>facta</span> <span class='ocrx_word' id='word_1_236' title='bbox 903 3538 1100 3616; x_wconf 89' lang='lat' dir='ltr'>pretio</span> <span class='ocrx_word' id='word_1_237' title='bbox 1133 3538 1450 3599; x_wconf 84' lang='lat' dir='ltr'>excessivo</span> <span class='ocrx_word' id='word_1_238' title='bbox 1497 3558 1511 3597; x_wconf 89' lang='lat'>:</span> <span class='ocrx_word' id='word_1_239' title='bbox 1559 3543 1769 3617; x_wconf 86' lang='lat' dir='ltr'>posset</span> 
     </span>
     <span class='ocr_line' id='line_1_42' title="bbox 241 3629 1765 3711; baseline 0.002 -22"><span class='ocrx_word' id='word_1_240' title='bbox 241 3631 387 3689; x_wconf 85' lang='lat' dir='ltr'>enim</span> <span class='ocrx_word' id='word_1_241' title='bbox 413 3630 714 3691; x_wconf 82' lang='lat' dir='ltr'>venditor</span> <span class='ocrx_word' id='word_1_242' title='bbox 734 3629 966 3706; x_wconf 85' lang='lat' dir='ltr'>dicere,</span> <span class='ocrx_word' id='word_1_243' title='bbox 999 3648 1064 3689; x_wconf 90' lang='lat' dir='ltr'>se</span> <span class='ocrx_word' id='word_1_244' title='bbox 1094 3630 1252 3689; x_wconf 85' lang='lat' dir='ltr'>velle</span> <span class='ocrx_word' id='word_1_245' title='bbox 1273 3631 1543 3690; x_wconf 87' lang='lat' dir='ltr'>vendere</span> <span class='ocrx_word' id='word_1_246' title='bbox 1565 3631 1765 3711; x_wconf 88' lang='lat' dir='ltr'>pretio</span> 
     </span>
     <span class='ocr_line' id='line_1_43' title="bbox 235 3721 1768 3801; baseline 0.003 -21"><span class='ocrx_word' id='word_1_247' title='bbox 235 3721 416 3800; x_wconf 86' lang='lat' dir='ltr'>justo;</span> <span class='ocrx_word' id='word_1_248' title='bbox 462 3724 621 3783; x_wconf 86' lang='lat' dir='ltr'>velle</span> <span class='ocrx_word' id='word_1_249' title='bbox 659 3726 869 3782; x_wconf 89' lang='lat' dir='ltr'>tamen</span> <span class='ocrx_word' id='word_1_250' title='bbox 901 3722 1072 3800; x_wconf 90' lang='lat' dir='ltr'>prius</span> <span class='ocrx_word' id='word_1_251' title='bbox 1102 3723 1382 3801; x_wconf 88' lang='lat' dir='ltr'>obligare</span> <span class='ocrx_word' id='word_1_252' title='bbox 1412 3743 1478 3784; x_wconf 90' lang='lat' dir='ltr'>se</span> <span class='ocrx_word' id='word_1_253' title='bbox 1506 3724 1584 3784; x_wconf 89' lang='lat' dir='ltr'>ad</span> <span class='ocrx_word' id='word_1_254' title='bbox 1616 3743 1768 3784; x_wconf 90' lang='lat' dir='ltr'>ven-</span> 
     </span>
     <span class='ocr_line' id='line_1_44' title="bbox 241 3814 1770 3894; baseline 0.003 -21"><span class='ocrx_word' id='word_1_255' title='bbox 241 3816 515 3892; x_wconf 90' lang='lat' dir='ltr'>dendum,</span> <span class='ocrx_word' id='word_1_256' title='bbox 567 3821 636 3876; x_wconf 86' lang='lat' dir='ltr'>et</span> <span class='ocrx_word' id='word_1_257' title='bbox 668 3833 780 3894; x_wconf 90' lang='lat' dir='ltr'>pro</span> <span class='ocrx_word' id='word_1_258' title='bbox 813 3814 932 3875; x_wconf 88' lang='lat' dir='ltr'>hac</span> <span class='ocrx_word' id='word_1_259' title='bbox 963 3815 1341 3893; x_wconf 82' lang='lat' dir='ltr'>obligatione</span> <span class='ocrx_word' id='word_1_260' title='bbox 1373 3817 1529 3877; x_wconf 92' lang='lat' dir='ltr'>velle</span> <span class='ocrx_word' id='word_1_261' title='bbox 1559 3837 1625 3877; x_wconf 89' lang='lat' dir='ltr'>se</span> <span class='ocrx_word' id='word_1_262' title='bbox 1654 3817 1770 3878; x_wconf 89' lang='lat' dir='ltr'>ali-</span> 
     </span>
     <span class='ocr_line' id='line_1_45' title="bbox 242 3908 1769 3988; baseline 0.003 -22"><span class='ocrx_word' id='word_1_263' title='bbox 242 3926 404 3986; x_wconf 84' lang='lat' dir='ltr'>quam</span> <span class='ocrx_word' id='word_1_264' title='bbox 421 3908 1011 3987; x_wconf 81' lang='lat' dir='ltr'>compensationem</span> <span class='ocrx_word' id='word_1_265' title='bbox 1040 3908 1310 3986; x_wconf 85' lang='lat' dir='ltr'>exigere,</span> <span class='ocrx_word' id='word_1_266' title='bbox 1345 3929 1485 3988; x_wconf 84' lang='lat' dir='ltr'>quae</span> <span class='ocrx_word' id='word_1_267' title='bbox 1507 3910 1586 3971; x_wconf 90' lang='lat' dir='ltr'>sit</span> <span class='ocrx_word' id='word_1_268' title='bbox 1605 3912 1769 3972; x_wconf 88' lang='lat' dir='ltr'>ultra</span> 
     </span>
     <span class='ocr_line' id='line_1_46' title="bbox 241 4001 1767 4084; baseline 0.003 -23"><span class='ocrx_word' id='word_1_269' title='bbox 241 4003 490 4078; x_wconf 85' lang='lat' dir='ltr'>pretium</span> <span class='ocrx_word' id='word_1_270' title='bbox 519 4003 618 4062; x_wconf 88' lang='lat' dir='ltr'>rei</span> <span class='ocrx_word' id='word_1_271' title='bbox 650 4001 1027 4078; x_wconf 80' lang='lat' dir='ltr'>vendendae,</span> <span class='ocrx_word' id='word_1_272' title='bbox 1078 4020 1225 4061; x_wconf 90' lang='lat' dir='ltr'>nam</span> <span class='ocrx_word' id='word_1_273' title='bbox 1275 4003 1383 4081; x_wconf 87' lang='lat' dir='ltr'>qui</span> <span class='ocrx_word' id='word_1_274' title='bbox 1413 4003 1628 4064; x_wconf 91' lang='lat' dir='ltr'>dicunt</span> <span class='ocrx_word' id='word_1_275' title='bbox 1654 4022 1767 4084; x_wconf 84' lang='lat' dir='ltr'>pro</span> 
     </span>
     <span class='ocr_line' id='line_1_47' title="bbox 242 4093 1769 4176; baseline 0.003 -24"><span class='ocrx_word' id='word_1_276' title='bbox 242 4094 604 4173; x_wconf 86' lang='lat' dir='ltr'>obligatione</span> <span class='ocrx_word' id='word_1_277' title='bbox 639 4093 837 4154; x_wconf 89' lang='lat' dir='ltr'>dandi</span> <span class='ocrx_word' id='word_1_278' title='bbox 866 4099 1154 4155; x_wconf 91' lang='lat' dir='ltr'>mutuum</span> <span class='ocrx_word' id='word_1_279' title='bbox 1190 4113 1373 4174; x_wconf 90' lang='lat' dir='ltr'>posse</span> <span class='ocrx_word' id='word_1_280' title='bbox 1405 4095 1638 4176; x_wconf 85' lang='lat' dir='ltr'>aliquid</span> <span class='ocrx_word' id='word_1_281' title='bbox 1669 4115 1769 4157; x_wconf 90' lang='lat' dir='ltr'>ac-</span> 
     </span>
     <span class='ocr_line' id='line_1_48' title="bbox 240 4186 1771 4265; baseline 0.003 -20"><span class='ocrx_word' id='word_1_282' title='bbox 240 4186 364 4265; x_wconf 84' lang='lat' dir='ltr'>cipi,</span> <span class='ocrx_word' id='word_1_283' title='bbox 404 4186 576 4246; x_wconf 88' lang='lat' dir='ltr'>idem</span> <span class='ocrx_word' id='word_1_284' title='bbox 611 4186 837 4246; x_wconf 90' lang='lat' dir='ltr'>dicunt</span> <span class='ocrx_word' id='word_1_285' title='bbox 865 4186 944 4245; x_wconf 92' lang='lat' dir='ltr'>de</span> <span class='ocrx_word' id='word_1_286' title='bbox 976 4186 1356 4265; x_wconf 87' lang='lat' dir='ltr'>obligatione</span> <span class='ocrx_word' id='word_1_287' title='bbox 1386 4187 1466 4247; x_wconf 90' lang='lat' dir='ltr'>ad</span> <span class='ocrx_word' id='word_1_288' title='bbox 1497 4188 1771 4249; x_wconf 89' lang='lat' dir='ltr'>venden-</span> 
     </span>
     <span class='ocr_line' id='line_1_49' title="bbox 239 4278 1772 4358; baseline 0.003 -22"><span class='ocrx_word' id='word_1_289' title='bbox 239 4278 392 4354; x_wconf 90' lang='lat' dir='ltr'>dum,</span> <span class='ocrx_word' id='word_1_290' title='bbox 418 4297 607 4358; x_wconf 88' lang='lat' dir='ltr'>posse</span> <span class='ocrx_word' id='word_1_291' title='bbox 636 4278 876 4357; x_wconf 87' lang='lat' dir='ltr'>aliquid</span> <span class='ocrx_word' id='word_1_292' title='bbox 896 4278 1061 4357; x_wconf 84' lang='lat' dir='ltr'>exigi</span> <span class='ocrx_word' id='word_1_293' title='bbox 1080 4297 1193 4357; x_wconf 89' lang='lat' dir='ltr'>pro</span> <span class='ocrx_word' id='word_1_294' title='bbox 1217 4279 1595 4358; x_wconf 84' lang='lat' dir='ltr'>obligatione</span> <span class='ocrx_word' id='word_1_295' title='bbox 1624 4301 1772 4343; x_wconf 88' lang='lat' dir='ltr'>ven-</span> 
     </span>
     <span class='ocr_line' id='line_1_50' title="bbox 238 4371 1773 4451; baseline 0.003 -20"><span class='ocrx_word' id='word_1_296' title='bbox 238 4371 694 4446; x_wconf 75' lang='lat' dir='ltr'>dendicarneS,</span> <span class='ocrx_word' id='word_1_297' title='bbox 744 4371 844 4430; x_wconf 89' lang='lat' dir='ltr'>vel</span> <span class='ocrx_word' id='word_1_298' title='bbox 871 4372 1101 4446; x_wconf 90' lang='lat' dir='ltr'>oleum,</span> <span class='ocrx_word' id='word_1_299' title='bbox 1154 4372 1399 4451; x_wconf 85' lang='lat' dir='ltr'>quoties</span> <span class='ocrx_word' id='word_1_300' title='bbox 1430 4373 1532 4432; x_wconf 91' lang='lat' dir='ltr'>alii</span> <span class='ocrx_word' id='word_1_301' title='bbox 1578 4375 1773 4436; x_wconf 87' lang='lat' dir='ltr'>velint</span> 
     </span>
     <span class='ocr_line' id='line_1_51' title="bbox 239 4465 1772 4543; baseline 0.003 -20"><span class='ocrx_word' id='word_1_302' title='bbox 239 4483 449 4526; x_wconf 86' lang='lat' dir='ltr'>emere.</span> <span class='ocrx_word' id='word_1_303' title='bbox 500 4468 575 4525; x_wconf 90' lang='lat' dir='ltr'>ln</span> <span class='ocrx_word' id='word_1_304' title='bbox 612 4469 882 4543; x_wconf 91' lang='lat' dir='ltr'>utraque</span> <span class='ocrx_word' id='word_1_305' title='bbox 912 4468 1119 4525; x_wconf 88' lang='lat' dir='ltr'>autem</span> <span class='ocrx_word' id='word_1_306' title='bbox 1150 4465 1530 4543; x_wconf 85' lang='lat' dir='ltr'>obligatione</span> <span class='ocrx_word' id='word_1_307' title='bbox 1559 4466 1772 4528; x_wconf 91' lang='lat' dir='ltr'>dicen-</span> 
     </span>
     <span class='ocr_line' id='line_1_52' title="bbox 237 4556 1774 4636; baseline 0.003 -21"><span class='ocrx_word' id='word_1_308' title='bbox 237 4556 372 4618; x_wconf 90' lang='lat' dir='ltr'>dum</span> <span class='ocrx_word' id='word_1_309' title='bbox 399 4562 517 4634; x_wconf 88' lang='lat' dir='ltr'>est,</span> <span class='ocrx_word' id='word_1_310' title='bbox 581 4557 642 4617; x_wconf 90' lang='lat' dir='ltr'>si</span> <span class='ocrx_word' id='word_1_311' title='bbox 672 4575 748 4616; x_wconf 89' lang='lat' dir='ltr'>ea</span> <span class='ocrx_word' id='word_1_312' title='bbox 794 4556 1093 4634; x_wconf 83' lang='lat' dir='ltr'>obligatio</span> <span class='ocrx_word' id='word_1_313' title='bbox 1140 4557 1515 4636; x_wconf 83' lang='lat' dir='ltr'>suscipiatur</span> <span class='ocrx_word' id='word_1_314' title='bbox 1560 4558 1774 4620; x_wconf 90' lang='lat' dir='ltr'>imme-</span> 
     </span>
     <span class='ocr_line' id='line_1_53' title="bbox 239 4649 1773 4730; baseline 0.003 -22"><span class='ocrx_word' id='word_1_315' title='bbox 239 4649 388 4712; x_wconf 84' lang='lat' dir='ltr'>diate</span> <span class='ocrx_word' id='word_1_316' title='bbox 415 4656 567 4711; x_wconf 69' lang='lat' dir='ltr'>ante</span> <span class='ocrx_word' id='word_1_317' title='bbox 619 4654 937 4727; x_wconf 87' lang='lat' dir='ltr'>mutuum,</span> <span class='ocrx_word' id='word_1_318' title='bbox 989 4650 1087 4710; x_wconf 89' lang='lat' dir='ltr'>vel</span> <span class='ocrx_word' id='word_1_319' title='bbox 1116 4650 1566 4730; x_wconf 87' lang='lat' dir='ltr'>venditionem,</span> <span class='ocrx_word' id='word_1_320' title='bbox 1619 4652 1773 4713; x_wconf 92' lang='lat' dir='ltr'>nihil</span> 
     </span>
     <span class='ocr_line' id='line_1_54' title="bbox 238 4742 1775 4822; baseline 0.003 -19"><span class='ocrx_word' id='word_1_321' title='bbox 238 4761 402 4820; x_wconf 85' lang='lat' dir='ltr'>posse</span> <span class='ocrx_word' id='word_1_322' title='bbox 433 4762 552 4822; x_wconf 89' lang='lat' dir='ltr'>pro</span> <span class='ocrx_word' id='word_1_323' title='bbox 583 4761 666 4802; x_wconf 87' lang='lat' dir='ltr'>ea</span> <span class='ocrx_word' id='word_1_324' title='bbox 696 4742 917 4822; x_wconf 89' lang='lat' dir='ltr'>accipi,</span> <span class='ocrx_word' id='word_1_325' title='bbox 972 4761 1173 4821; x_wconf 87' lang='lat' dir='ltr'>neque</span> <span class='ocrx_word' id='word_1_326' title='bbox 1202 4762 1337 4803; x_wconf 89' lang='lat' dir='ltr'>esse</span> <span class='ocrx_word' id='word_1_327' title='bbox 1384 4745 1583 4822; x_wconf 90' lang='lat' dir='ltr'>pretio</span> <span class='ocrx_word' id='word_1_328' title='bbox 1614 4746 1775 4807; x_wconf 61' lang='lat' dir='ltr'>aesti-</span> 
     </span>
     <span class='ocr_line' id='line_1_55' title="bbox 239 4835 1774 4913; baseline 0.004 -19"><span class='ocrx_word' id='word_1_329' title='bbox 239 4836 544 4913; x_wconf 87' lang='lat' dir='ltr'>mabilem,</span> <span class='ocrx_word' id='word_1_330' title='bbox 576 4840 655 4896; x_wconf 87' lang='lat' dir='ltr'>ut</span> <span class='ocrx_word' id='word_1_331' title='bbox 684 4853 827 4895; x_wconf 87' lang='lat' dir='ltr'>cum</span> <span class='ocrx_word' id='word_1_332' title='bbox 859 4835 996 4894; x_wconf 89' lang='lat' dir='ltr'>aliis</span> <span class='ocrx_word' id='word_1_333' title='bbox 1015 4835 1201 4898; x_wconf 88' lang='lat' dir='ltr'>docet</span> <span class='ocrx_word' id='word_1_334' title='bbox 1229 4836 1405 4897; x_wconf 89' lang='lat' dir='ltr'>Salas</span> <span class='ocrx_word' id='word_1_335' title='bbox 1426 4836 1575 4898; x_wconf 87' lang='lat' dir='ltr'>dub.</span> <span class='ocrx_word' id='word_1_336' title='bbox 1600 4855 1660 4900; x_wconf 87' lang='lat' dir='ltr'>x.</span> <span class='ocrx_word' id='word_1_337' title='bbox 1696 4839 1774 4900; x_wconf 88' lang='lat' dir='ltr'>de</span> 
     </span>
     <span class='ocr_line' id='line_1_56' title="bbox 238 4927 1777 5007; baseline 0.003 -19"><span class='ocrx_word' id='word_1_338' title='bbox 238 4929 448 5005; x_wconf 86' lang='lat' dir='ltr'>usuris,</span> <span class='ocrx_word' id='word_1_339' title='bbox 513 4929 584 4988; x_wconf 90' lang='lat' dir='ltr'>in</span> <span class='ocrx_word' id='word_1_340' title='bbox 633 4928 762 4987; x_wconf 88' lang='lat' dir='ltr'>fine</span> <span class='ocrx_word' id='word_1_341' title='bbox 822 4945 837 4989; x_wconf 91' lang='lat'>:</span> <span class='ocrx_word' id='word_1_342' title='bbox 897 4927 999 4987; x_wconf 89' lang='lat' dir='ltr'>ille</span> <span class='ocrx_word' id='word_1_343' title='bbox 1048 4928 1214 4988; x_wconf 91' lang='lat' dir='ltr'>enim</span> <span class='ocrx_word' id='word_1_344' title='bbox 1264 4928 1368 5007; x_wconf 91' lang='lat' dir='ltr'>qui</span> <span class='ocrx_word' id='word_1_345' title='bbox 1401 4931 1611 4991; x_wconf 88' lang='lat' dir='ltr'>statim</span> <span class='ocrx_word' id='word_1_346' title='bbox 1643 4933 1777 4994; x_wconf 90' lang='lat' dir='ltr'>vult</span> 
     </span>
     <span class='ocr_line' id='line_1_57' title="bbox 237 5021 1777 5105; baseline 0.004 -24"><span class='ocrx_word' id='word_1_347' title='bbox 237 5024 520 5099; x_wconf 85' lang='lat' dir='ltr'>vendere,</span> <span class='ocrx_word' id='word_1_348' title='bbox 557 5022 666 5083; x_wconf 85' lang='lat' dir='ltr'>vel</span> <span class='ocrx_word' id='word_1_349' title='bbox 694 5024 913 5083; x_wconf 89' lang='lat' dir='ltr'>mutuo</span> <span class='ocrx_word' id='word_1_350' title='bbox 947 5021 1121 5098; x_wconf 88' lang='lat' dir='ltr'>dare,</span> <span class='ocrx_word' id='word_1_351' title='bbox 1155 5039 1269 5100; x_wconf 90' lang='lat' dir='ltr'>pro</span> <span class='ocrx_word' id='word_1_352' title='bbox 1303 5022 1496 5083; x_wconf 88' lang='lat' dir='ltr'>nihilo</span> <span class='ocrx_word' id='word_1_353' title='bbox 1527 5029 1777 5105; x_wconf 85' lang='lat' dir='ltr'>reputat</span> 
     </span>
     <span class='ocr_line' id='line_1_58' title="bbox 236 5113 1776 5195; baseline 0.003 -20"><span class='ocrx_word' id='word_1_354' title='bbox 236 5114 505 5195; x_wconf 87' lang='lat' dir='ltr'>obligare</span> <span class='ocrx_word' id='word_1_355' title='bbox 549 5134 624 5176; x_wconf 90' lang='lat' dir='ltr'>se</span> <span class='ocrx_word' id='word_1_356' title='bbox 671 5114 753 5173; x_wconf 88' lang='lat' dir='ltr'>ad</span> <span class='ocrx_word' id='word_1_357' title='bbox 796 5114 862 5173; x_wconf 90' lang='lat' dir='ltr'>id</span> <span class='ocrx_word' id='word_1_358' title='bbox 907 5113 1290 5190; x_wconf 85' lang='lat' dir='ltr'>faciendum,</span> <span class='ocrx_word' id='word_1_359' title='bbox 1352 5115 1518 5193; x_wconf 90' lang='lat' dir='ltr'>quod</span> <span class='ocrx_word' id='word_1_360' title='bbox 1565 5118 1776 5179; x_wconf 89' lang='lat' dir='ltr'>statim</span> 
     </span>
     <span class='ocr_line' id='line_1_59' title="bbox 237 5206 1771 5289; baseline 0.003 -22"><span class='ocrx_word' id='word_1_361' title='bbox 237 5209 504 5270; x_wconf 84' lang='lat' dir='ltr'>facturus</span> <span class='ocrx_word' id='word_1_362' title='bbox 535 5213 670 5282; x_wconf 87' lang='lat' dir='ltr'>est;</span> <span class='ocrx_word' id='word_1_363' title='bbox 706 5208 869 5268; x_wconf 86' lang='lat' dir='ltr'>sicut</span> <span class='ocrx_word' id='word_1_364' title='bbox 888 5206 1077 5268; x_wconf 88' lang='lat' dir='ltr'>etiam</span> <span class='ocrx_word' id='word_1_365' title='bbox 1107 5225 1311 5287; x_wconf 88' lang='lat' dir='ltr'>neque</span> <span class='ocrx_word' id='word_1_366' title='bbox 1331 5211 1771 5289; x_wconf 63' lang='lat' dir='ltr'>mutuatarius,</span> 
     </span>
     <span class='ocr_line' id='line_1_60' title="bbox 242 5299 1775 5383; baseline 0.004 -24"><span class='ocrx_word' id='word_1_367' title='bbox 242 5302 324 5362; x_wconf 78' lang='lat' dir='ltr'>vel</span> <span class='ocrx_word' id='word_1_368' title='bbox 353 5306 612 5381; x_wconf 88' lang='lat' dir='ltr'>emptor</span> <span class='ocrx_word' id='word_1_369' title='bbox 637 5299 911 5362; x_wconf 65' lang='lat' dir='ltr'>aestimat</span> <span class='ocrx_word' id='word_1_370' title='bbox 950 5318 1023 5360; x_wconf 91' lang='lat' dir='ltr'>eo</span> <span class='ocrx_word' id='word_1_371' title='bbox 1054 5318 1201 5361; x_wconf 89' lang='lat' dir='ltr'>casu</span> <span class='ocrx_word' id='word_1_372' title='bbox 1231 5301 1421 5361; x_wconf 87' lang='lat' dir='ltr'>talem</span> <span class='ocrx_word' id='word_1_373' title='bbox 1452 5302 1775 5383; x_wconf 88' lang='lat' dir='ltr'>obligatio-</span> 
     </span>
     <span class='ocr_line' id='line_1_61' title="bbox 239 5393 1776 5472; baseline 0.001 -16"><span class='ocrx_word' id='word_1_374' title='bbox 239 5412 393 5472; x_wconf 79' lang='lat' dir='ltr'>nem,</span> <span class='ocrx_word' id='word_1_375' title='bbox 455 5414 612 5456; x_wconf 67' lang='lat' dir='ltr'>cam</span> <span class='ocrx_word' id='word_1_376' title='bbox 637 5394 878 5455; x_wconf 90' lang='lat' dir='ltr'>nullam</span> <span class='ocrx_word' id='word_1_377' title='bbox 927 5393 1257 5455; x_wconf 84' lang='lat' dir='ltr'>utilitatem</span> <span class='ocrx_word' id='word_1_378' title='bbox 1304 5395 1547 5458; x_wconf 86' lang='lat' dir='ltr'>afferat.</span> <span class='ocrx_word' id='word_1_379' title='bbox 1609 5397 1776 5458; x_wconf 85' lang='lat' dir='ltr'>Diffi-</span> 
     </span>
    </p>
   </div>
   <div class='ocr_carea' id='block_1_5' title="bbox 3254 296 3369 357">
    <p class='ocr_par' dir='ltr' id='par_1_7' title="bbox 3254 296 3369 357">
     <span class='ocr_line' id='line_1_62' title="bbox 3254 296 3369 357; baseline -0.017 0"><span class='ocrx_word' id='word_1_380' title='bbox 3254 296 3369 357; x_wconf 75' lang='lat'>175</span> 
     </span>
    </p>
   </div>
   <div class='ocr_carea' id='block_1_6' title="bbox 1843 472 3419 5472">
    <p class='ocr_par' dir='ltr' id='par_1_8' title="bbox 1843 472 3419 5472">
     <span class='ocr_line' id='line_1_63' title="bbox 1844 472 3373 552; baseline 0.001 -19"><span class='ocrx_word' id='word_1_381' title='bbox 1844 472 2043 534; x_wconf 87' lang='lat' dir='ltr'>cultas</span> <span class='ocrx_word' id='word_1_382' title='bbox 2093 477 2278 549; x_wconf 86' lang='lat' dir='ltr'>esset,</span> <span class='ocrx_word' id='word_1_383' title='bbox 2339 472 2591 552; x_wconf 87' lang='lat' dir='ltr'>quando</span> <span class='ocrx_word' id='word_1_384' title='bbox 2637 472 2933 552; x_wconf 88' lang='lat' dir='ltr'>obligatio</span> <span class='ocrx_word' id='word_1_385' title='bbox 2981 492 3105 535; x_wconf 91' lang='lat' dir='ltr'>non</span> <span class='ocrx_word' id='word_1_386' title='bbox 3151 478 3245 535; x_wconf 87' lang='lat' dir='ltr'>est</span> <span class='ocrx_word' id='word_1_387' title='bbox 3294 473 3373 534; x_wconf 89' lang='lat' dir='ltr'>ad</span> 
     </span>
     <span class='ocr_line' id='line_1_64' title="bbox 1845 565 3378 648; baseline 0.002 -23"><span class='ocrx_word' id='word_1_388' title='bbox 1845 566 2052 626; x_wconf 83' lang='lat' dir='ltr'>statim</span> <span class='ocrx_word' id='word_1_389' title='bbox 2083 570 2301 627; x_wconf 91' lang='lat' dir='ltr'>mutuo</span> <span class='ocrx_word' id='word_1_390' title='bbox 2350 565 2650 644; x_wconf 89' lang='lat' dir='ltr'>dandum,</span> <span class='ocrx_word' id='word_1_391' title='bbox 2703 566 2811 626; x_wconf 89' lang='lat' dir='ltr'>sed</span> <span class='ocrx_word' id='word_1_392' title='bbox 2849 572 3101 646; x_wconf 59' lang='lat' dir='ltr'>postem</span> <span class='ocrx_word' id='word_1_393' title='bbox 3154 573 3216 630; x_wconf 91' lang='lat' dir='ltr'>et</span> <span class='ocrx_word' id='word_1_394' title='bbox 3245 568 3378 648; x_wconf 87' lang='lat' dir='ltr'>qui-</span> 
     </span>
     <span class='ocr_line' id='line_1_65' title="bbox 1845 658 3373 739; baseline 0.001 -20"><span class='ocrx_word' id='word_1_395' title='bbox 1845 658 1988 719; x_wconf 89' lang='lat' dir='ltr'>dem</span> <span class='ocrx_word' id='word_1_396' title='bbox 2019 659 2080 718; x_wconf 90' lang='lat' dir='ltr'>in</span> <span class='ocrx_word' id='word_1_397' title='bbox 2130 658 2508 737; x_wconf 88' lang='lat' dir='ltr'>obligatione</span> <span class='ocrx_word' id='word_1_398' title='bbox 2556 660 2636 719; x_wconf 89' lang='lat' dir='ltr'>ad</span> <span class='ocrx_word' id='word_1_399' title='bbox 2681 659 3080 719; x_wconf 83' lang='lat' dir='ltr'>vendendum</span> <span class='ocrx_word' id='word_1_400' title='bbox 3109 661 3373 739; x_wconf 81' lang='lat' dir='ltr'>faciliuS,</span> 
     </span>
     <span class='ocr_line' id='line_1_66' title="bbox 1846 750 3373 831; baseline 0.004 -21"><span class='ocrx_word' id='word_1_401' title='bbox 1846 751 1944 810; x_wconf 90' lang='lat' dir='ltr'>vel</span> <span class='ocrx_word' id='word_1_402' title='bbox 1974 750 2175 828; x_wconf 88' lang='lat' dir='ltr'>magis</span> <span class='ocrx_word' id='word_1_403' title='bbox 2204 756 2579 830; x_wconf 88' lang='lat' dir='ltr'>apparenter</span> <span class='ocrx_word' id='word_1_404' title='bbox 2617 756 2825 830; x_wconf 90' lang='lat' dir='ltr'>posset</span> <span class='ocrx_word' id='word_1_405' title='bbox 2860 752 3010 831; x_wconf 88' lang='lat' dir='ltr'>fingi</span> <span class='ocrx_word' id='word_1_406' title='bbox 3039 753 3141 814; x_wconf 88' lang='lat' dir='ltr'>ille</span> <span class='ocrx_word' id='word_1_407' title='bbox 3171 772 3373 817; x_wconf 74' lang='lat' dir='ltr'>casus,</span> 
     </span>
     <span class='ocr_line' id='line_1_67' title="bbox 1849 843 3381 924; baseline 0.003 -21"><span class='ocrx_word' id='word_1_408' title='bbox 1849 843 1910 904; x_wconf 91' lang='lat' dir='ltr'>Si</span> <span class='ocrx_word' id='word_1_409' title='bbox 1943 843 2231 904; x_wconf 89' lang='lat' dir='ltr'>venditor</span> <span class='ocrx_word' id='word_1_410' title='bbox 2258 843 2363 905; x_wconf 89' lang='lat' dir='ltr'>det</span> <span class='ocrx_word' id='word_1_411' title='bbox 2390 847 2654 924; x_wconf 86' lang='lat' dir='ltr'>emptori</span> <span class='ocrx_word' id='word_1_412' title='bbox 2704 849 2955 906; x_wconf 89' lang='lat' dir='ltr'>centum</span> <span class='ocrx_word' id='word_1_413' title='bbox 2999 846 3242 907; x_wconf 88' lang='lat' dir='ltr'>modios</span> <span class='ocrx_word' id='word_1_414' title='bbox 3271 847 3381 909; x_wconf 89' lang='lat' dir='ltr'>tri-</span> 
     </span>
     <span class='ocr_line' id='line_1_68' title="bbox 1843 936 3380 1018; baseline 0.003 -21"><span class='ocrx_word' id='word_1_415' title='bbox 1843 936 1972 1013; x_wconf 86' lang='lat' dir='ltr'>tici,</span> <span class='ocrx_word' id='word_1_416' title='bbox 2007 955 2163 1015; x_wconf 87' lang='lat' dir='ltr'>quos</span> <span class='ocrx_word' id='word_1_417' title='bbox 2192 937 2359 1017; x_wconf 88' lang='lat' dir='ltr'>apud</span> <span class='ocrx_word' id='word_1_418' title='bbox 2388 957 2453 997; x_wconf 91' lang='lat' dir='ltr'>se</span> <span class='ocrx_word' id='word_1_419' title='bbox 2485 937 2715 999; x_wconf 85' lang='lat' dir='ltr'>habeat</span> <span class='ocrx_word' id='word_1_420' title='bbox 2744 938 2803 997; x_wconf 88' lang='lat' dir='ltr'>in</span> <span class='ocrx_word' id='word_1_421' title='bbox 2836 938 3144 1018; x_wconf 87' lang='lat' dir='ltr'>deposito,</span> <span class='ocrx_word' id='word_1_422' title='bbox 3181 945 3244 1001; x_wconf 92' lang='lat' dir='ltr'>et</span> <span class='ocrx_word' id='word_1_423' title='bbox 3274 941 3380 1001; x_wconf 89' lang='lat' dir='ltr'>ob-</span> 
     </span>
     <span class='ocr_line' id='line_1_69' title="bbox 1844 1028 3382 1107; baseline 0.003 -18"><span class='ocrx_word' id='word_1_424' title='bbox 1844 1028 1998 1107; x_wconf 88' lang='lat' dir='ltr'>liget</span> <span class='ocrx_word' id='word_1_425' title='bbox 2026 1048 2090 1088; x_wconf 91' lang='lat' dir='ltr'>se</span> <span class='ocrx_word' id='word_1_426' title='bbox 2119 1029 2201 1088; x_wconf 88' lang='lat' dir='ltr'>ad</span> <span class='ocrx_word' id='word_1_427' title='bbox 2230 1029 2631 1090; x_wconf 85' lang='lat' dir='ltr'>vendendum</span> <span class='ocrx_word' id='word_1_428' title='bbox 2683 1031 2902 1091; x_wconf 90' lang='lat' dir='ltr'>decem</span> <span class='ocrx_word' id='word_1_429' title='bbox 2933 1032 3174 1093; x_wconf 89' lang='lat' dir='ltr'>modios</span> <span class='ocrx_word' id='word_1_430' title='bbox 3205 1053 3278 1093; x_wconf 89' lang='lat' dir='ltr'>ex</span> <span class='ocrx_word' id='word_1_431' title='bbox 3309 1033 3382 1094; x_wconf 90' lang='lat' dir='ltr'>iis</span> 
     </span>
     <span class='ocr_line' id='line_1_70' title="bbox 1849 1121 3382 1203; baseline 0.003 -22"><span class='ocrx_word' id='word_1_432' title='bbox 1849 1121 2109 1199; x_wconf 88' lang='lat' dir='ltr'>singulis</span> <span class='ocrx_word' id='word_1_433' title='bbox 2138 1122 2453 1181; x_wconf 77' lang='lat' dir='ltr'>mensibus</span> <span class='ocrx_word' id='word_1_434' title='bbox 2482 1123 2680 1201; x_wconf 90' lang='lat' dir='ltr'>pretio</span> <span class='ocrx_word' id='word_1_435' title='bbox 2704 1122 2896 1202; x_wconf 81' lang='lat' dir='ltr'>justo,</span> <span class='ocrx_word' id='word_1_436' title='bbox 2932 1123 2979 1183; x_wconf 91' lang='lat' dir='ltr'>si</span> <span class='ocrx_word' id='word_1_437' title='bbox 3011 1125 3142 1203; x_wconf 89' lang='lat' dir='ltr'>ipse</span> <span class='ocrx_word' id='word_1_438' title='bbox 3174 1145 3382 1186; x_wconf 88' lang='lat' dir='ltr'>emere</span> 
     </span>
     <span class='ocr_line' id='line_1_71' title="bbox 1849 1213 3383 1289; baseline 0.003 -15"><span class='ocrx_word' id='word_1_439' title='bbox 1849 1213 2018 1289; x_wconf 90' lang='lat' dir='ltr'>velit,</span> <span class='ocrx_word' id='word_1_440' title='bbox 2071 1218 2136 1275; x_wconf 90' lang='lat' dir='ltr'>et</span> <span class='ocrx_word' id='word_1_441' title='bbox 2164 1214 2268 1275; x_wconf 90' lang='lat' dir='ltr'>det</span> <span class='ocrx_word' id='word_1_442' title='bbox 2295 1215 2654 1276; x_wconf 84' lang='lat' dir='ltr'>facultatem</span> <span class='ocrx_word' id='word_1_443' title='bbox 2707 1234 2814 1276; x_wconf 90' lang='lat' dir='ltr'>eos</span> <span class='ocrx_word' id='word_1_444' title='bbox 2860 1217 2973 1277; x_wconf 89' lang='lat' dir='ltr'>tibi</span> <span class='ocrx_word' id='word_1_445' title='bbox 3022 1237 3094 1277; x_wconf 87' lang='lat' dir='ltr'>ex</span> <span class='ocrx_word' id='word_1_446' title='bbox 3138 1217 3243 1279; x_wconf 92' lang='lat' dir='ltr'>illo</span> <span class='ocrx_word' id='word_1_447' title='bbox 3275 1237 3383 1280; x_wconf 89' lang='lat' dir='ltr'>cu-</span> 
     </span>
     <span class='ocr_line' id='line_1_72' title="bbox 1851 1303 3383 1389; baseline 0.005 -24"><span class='ocrx_word' id='word_1_448' title='bbox 1851 1306 2019 1365; x_wconf 90' lang='lat' dir='ltr'>mulo</span> <span class='ocrx_word' id='word_1_449' title='bbox 2052 1303 2420 1385; x_wconf 85' lang='lat' dir='ltr'>accipiendi,</span> <span class='ocrx_word' id='word_1_450' title='bbox 2481 1326 2593 1387; x_wconf 91' lang='lat' dir='ltr'>pro</span> <span class='ocrx_word' id='word_1_451' title='bbox 2642 1308 2759 1368; x_wconf 87' lang='lat' dir='ltr'>hac</span> <span class='ocrx_word' id='word_1_452' title='bbox 2804 1327 2953 1369; x_wconf 89' lang='lat' dir='ltr'>vero</span> <span class='ocrx_word' id='word_1_453' title='bbox 3003 1310 3383 1389; x_wconf 88' lang='lat' dir='ltr'>obligatione</span> 
     </span>
     <span class='ocr_line' id='line_1_73' title="bbox 1855 1398 3383 1481; baseline 0.004 -23"><span class='ocrx_word' id='word_1_454' title='bbox 1855 1400 2063 1477; x_wconf 87' lang='lat' dir='ltr'>exigat</span> <span class='ocrx_word' id='word_1_455' title='bbox 2089 1398 2311 1478; x_wconf 88' lang='lat' dir='ltr'>viginti</span> <span class='ocrx_word' id='word_1_456' title='bbox 2338 1419 2565 1462; x_wconf 89' lang='lat' dir='ltr'>aureos</span> <span class='ocrx_word' id='word_1_457' title='bbox 2598 1422 2610 1463; x_wconf 94' lang='lat'>:</span> <span class='ocrx_word' id='word_1_458' title='bbox 2647 1420 2770 1481; x_wconf 91' lang='lat' dir='ltr'>quo</span> <span class='ocrx_word' id='word_1_459' title='bbox 2794 1420 2941 1462; x_wconf 87' lang='lat' dir='ltr'>casu</span> <span class='ocrx_word' id='word_1_460' title='bbox 2962 1404 3236 1465; x_wconf 78' lang='lat' dir='ltr'>venditio</span> <span class='ocrx_word' id='word_1_461' title='bbox 3260 1424 3383 1466; x_wconf 88' lang='lat' dir='ltr'>non</span> 
     </span>
     <span class='ocr_line' id='line_1_74' title="bbox 1853 1490 3385 1572; baseline 0.004 -21"><span class='ocrx_word' id='word_1_462' title='bbox 1853 1491 2106 1571; x_wconf 90' lang='lat' dir='ltr'>ponitur</span> <span class='ocrx_word' id='word_1_463' title='bbox 2133 1491 2212 1551; x_wconf 90' lang='lat' dir='ltr'>ab</span> <span class='ocrx_word' id='word_1_464' title='bbox 2243 1490 2441 1568; x_wconf 78' lang='lat' dir='ltr'>initio,</span> <span class='ocrx_word' id='word_1_465' title='bbox 2476 1493 2587 1553; x_wconf 91' lang='lat' dir='ltr'>sed</span> <span class='ocrx_word' id='word_1_466' title='bbox 2619 1493 2750 1553; x_wconf 90' lang='lat' dir='ltr'>sola</span> <span class='ocrx_word' id='word_1_467' title='bbox 2780 1494 3082 1572; x_wconf 89' lang='lat' dir='ltr'>obligatio</span> <span class='ocrx_word' id='word_1_468' title='bbox 3113 1496 3385 1557; x_wconf 89' lang='lat' dir='ltr'>venden-</span> 
     </span>
     <span class='ocr_line' id='line_1_75' title="bbox 1856 1583 3386 1666; baseline 0.005 -23"><span class='ocrx_word' id='word_1_469' title='bbox 1856 1583 1916 1643; x_wconf 91' lang='lat' dir='ltr'>di</span> <span class='ocrx_word' id='word_1_470' title='bbox 1946 1588 2184 1663; x_wconf 89' lang='lat' dir='ltr'>postea,</span> <span class='ocrx_word' id='word_1_471' title='bbox 2220 1603 2363 1644; x_wconf 91' lang='lat' dir='ltr'>cum</span> <span class='ocrx_word' id='word_1_472' title='bbox 2391 1586 2666 1647; x_wconf 86' lang='lat' dir='ltr'>venditio</span> <span class='ocrx_word' id='word_1_473' title='bbox 2698 1605 2822 1647; x_wconf 91' lang='lat' dir='ltr'>non</span> <span class='ocrx_word' id='word_1_474' title='bbox 2855 1587 3050 1666; x_wconf 83' lang='lat' dir='ltr'>possit</span> <span class='ocrx_word' id='word_1_475' title='bbox 3077 1606 3211 1649; x_wconf 78' lang='lat' dir='ltr'>esse</span> <span class='ocrx_word' id='word_1_476' title='bbox 3242 1594 3386 1651; x_wconf 88' lang='lat' dir='ltr'>ante</span> 
     </span>
     <span class='ocr_line' id='line_1_76' title="bbox 1854 1678 3391 1762; baseline 0.005 -26"><span class='ocrx_word' id='word_1_477' title='bbox 1854 1695 2226 1737; x_wconf 88' lang='lat' dir='ltr'>consensum</span> <span class='ocrx_word' id='word_1_478' title='bbox 2259 1678 2556 1756; x_wconf 87' lang='lat' dir='ltr'>emptoris</span> <span class='ocrx_word' id='word_1_479' title='bbox 2585 1679 2851 1740; x_wconf 90' lang='lat' dir='ltr'>volentis</span> <span class='ocrx_word' id='word_1_480' title='bbox 2880 1698 3110 1757; x_wconf 89' lang='lat' dir='ltr'>emere,</span> <span class='ocrx_word' id='word_1_481' title='bbox 3155 1686 3216 1743; x_wconf 91' lang='lat' dir='ltr'>et</span> <span class='ocrx_word' id='word_1_482' title='bbox 3242 1701 3391 1762; x_wconf 90' lang='lat' dir='ltr'>pro-</span> 
     </span>
     <span class='ocr_line' id='line_1_77' title="bbox 1855 1769 3389 1850; baseline 0.004 -21"><span class='ocrx_word' id='word_1_483' title='bbox 1855 1769 2157 1831; x_wconf 89' lang='lat' dir='ltr'>mittentis</span> <span class='ocrx_word' id='word_1_484' title='bbox 2203 1770 2496 1849; x_wconf 89' lang='lat' dir='ltr'>pretium,</span> <span class='ocrx_word' id='word_1_485' title='bbox 2558 1771 2662 1850; x_wconf 90' lang='lat' dir='ltr'>qui</span> <span class='ocrx_word' id='word_1_486' title='bbox 2712 1790 3051 1832; x_wconf 85' lang='lat' dir='ltr'>consensus</span> <span class='ocrx_word' id='word_1_487' title='bbox 3108 1775 3389 1835; x_wconf 91' lang='lat' dir='ltr'>nondum</span> 
     </span>
     <span class='ocr_line' id='line_1_78' title="bbox 1854 1863 3391 1942; baseline 0.003 -19"><span class='ocrx_word' id='word_1_488' title='bbox 1854 1863 2092 1942; x_wconf 87' lang='lat' dir='ltr'>positus</span> <span class='ocrx_word' id='word_1_489' title='bbox 2122 1867 2235 1938; x_wconf 91' lang='lat' dir='ltr'>est,</span> <span class='ocrx_word' id='word_1_490' title='bbox 2288 1864 2397 1924; x_wconf 92' lang='lat' dir='ltr'>sed</span> <span class='ocrx_word' id='word_1_491' title='bbox 2428 1868 2673 1942; x_wconf 88' lang='lat' dir='ltr'>emptor</span> <span class='ocrx_word' id='word_1_492' title='bbox 2720 1870 2933 1926; x_wconf 88' lang='lat' dir='ltr'>manet</span> <span class='ocrx_word' id='word_1_493' title='bbox 2984 1865 3190 1927; x_wconf 92' lang='lat' dir='ltr'>adhuc</span> <span class='ocrx_word' id='word_1_494' title='bbox 3231 1868 3391 1928; x_wconf 84' lang='lat' dir='ltr'>liber</span> 
     </span>
     <span class='ocr_line' id='line_1_79' title="bbox 1856 1955 3389 2035; baseline 0.005 -21"><span class='ocrx_word' id='word_1_495' title='bbox 1856 1955 1934 2015; x_wconf 88' lang='lat' dir='ltr'>ad</span> <span class='ocrx_word' id='word_1_496' title='bbox 1966 1956 2304 2015; x_wconf 91' lang='lat' dir='ltr'>emendum</span> <span class='ocrx_word' id='word_1_497' title='bbox 2351 1961 2569 2035; x_wconf 89' lang='lat' dir='ltr'>postea</span> <span class='ocrx_word' id='word_1_498' title='bbox 2617 1957 2669 2016; x_wconf 90' lang='lat' dir='ltr'>si</span> <span class='ocrx_word' id='word_1_499' title='bbox 2696 1957 3057 2035; x_wconf 88' lang='lat' dir='ltr'>indiguerit,</span> <span class='ocrx_word' id='word_1_500' title='bbox 3117 1960 3215 2019; x_wconf 85' lang='lat' dir='ltr'>vel</span> <span class='ocrx_word' id='word_1_501' title='bbox 3264 1978 3389 2022; x_wconf 90' lang='lat' dir='ltr'>non</span> 
     </span>
     <span class='ocr_line' id='line_1_80' title="bbox 1857 2049 3388 2130; baseline 0.003 -22"><span class='ocrx_word' id='word_1_502' title='bbox 1857 2049 2227 2121; x_wconf 90' lang='lat' dir='ltr'>emendum;</span> <span class='ocrx_word' id='word_1_503' title='bbox 2282 2067 2475 2129; x_wconf 88' lang='lat' dir='ltr'>quare</span> <span class='ocrx_word' id='word_1_504' title='bbox 2507 2049 2707 2110; x_wconf 90' lang='lat' dir='ltr'>solum</span> <span class='ocrx_word' id='word_1_505' title='bbox 2740 2050 2942 2127; x_wconf 90' lang='lat' dir='ltr'>posita</span> <span class='ocrx_word' id='word_1_506' title='bbox 2972 2055 3065 2112; x_wconf 91' lang='lat' dir='ltr'>est</span> <span class='ocrx_word' id='word_1_507' title='bbox 3096 2052 3388 2130; x_wconf 85' lang='lat' dir='ltr'>obligatio</span> 
     </span>
     <span class='ocr_line' id='line_1_81' title="bbox 1855 2141 3390 2224; baseline 0.004 -22"><span class='ocrx_word' id='word_1_508' title='bbox 1855 2142 2167 2202; x_wconf 86' lang='lat' dir='ltr'>vendendi</span> <span class='ocrx_word' id='word_1_509' title='bbox 2198 2142 2434 2220; x_wconf 90' lang='lat' dir='ltr'>absque</span> <span class='ocrx_word' id='word_1_510' title='bbox 2459 2141 2586 2202; x_wconf 88' lang='lat' dir='ltr'>ulla</span> <span class='ocrx_word' id='word_1_511' title='bbox 2612 2142 2972 2203; x_wconf 84' lang='lat' dir='ltr'>venditione</span> <span class='ocrx_word' id='word_1_512' title='bbox 2996 2144 3243 2221; x_wconf 88' lang='lat' dir='ltr'>actuali,</span> <span class='ocrx_word' id='word_1_513' title='bbox 3277 2164 3390 2224; x_wconf 88' lang='lat' dir='ltr'>pro</span> 
     </span>
     <span class='ocr_line' id='line_1_82' title="bbox 1858 2234 3394 2316; baseline 0.003 -22"><span class='ocrx_word' id='word_1_514' title='bbox 1858 2253 1980 2313; x_wconf 88' lang='lat' dir='ltr'>qua</span> <span class='ocrx_word' id='word_1_515' title='bbox 2019 2234 2400 2313; x_wconf 87' lang='lat' dir='ltr'>obligatione</span> <span class='ocrx_word' id='word_1_516' title='bbox 2447 2235 2698 2296; x_wconf 88' lang='lat' dir='ltr'>videtur</span> <span class='ocrx_word' id='word_1_517' title='bbox 2747 2254 2927 2314; x_wconf 90' lang='lat' dir='ltr'>posse</span> <span class='ocrx_word' id='word_1_518' title='bbox 2975 2238 3138 2316; x_wconf 81' lang='lat' dir='ltr'>exigi</span> <span class='ocrx_word' id='word_1_519' title='bbox 3182 2238 3394 2316; x_wconf 91' lang='lat' dir='ltr'>aliqua</span> 
     </span>
     <span class='ocr_line' id='line_1_83' title="bbox 1857 2328 3392 2408; baseline 0.003 -20"><span class='ocrx_word' id='word_1_520' title='bbox 1857 2328 2307 2407; x_wconf 81' lang='lat' dir='ltr'>compensatio,</span> <span class='ocrx_word' id='word_1_521' title='bbox 2370 2328 2493 2389; x_wconf 89' lang='lat' dir='ltr'>Sed</span> <span class='ocrx_word' id='word_1_522' title='bbox 2545 2328 2850 2408; x_wconf 87' lang='lat' dir='ltr'>quidquid</span> <span class='ocrx_word' id='word_1_523' title='bbox 2898 2329 2976 2389; x_wconf 92' lang='lat' dir='ltr'>de</span> <span class='ocrx_word' id='word_1_524' title='bbox 3034 2331 3392 2392; x_wconf 88' lang='lat' dir='ltr'>venditione</span> 
     </span>
     <span class='ocr_line' id='line_1_84' title="bbox 1856 2420 3388 2501; baseline 0.003 -20"><span class='ocrx_word' id='word_1_525' title='bbox 1856 2420 1956 2497; x_wconf 91' lang='lat' dir='ltr'>sit,</span> <span class='ocrx_word' id='word_1_526' title='bbox 2003 2421 2068 2479; x_wconf 90' lang='lat' dir='ltr'>in</span> <span class='ocrx_word' id='word_1_527' title='bbox 2094 2424 2314 2481; x_wconf 92' lang='lat' dir='ltr'>mutuo</span> <span class='ocrx_word' id='word_1_528' title='bbox 2366 2439 2488 2481; x_wconf 90' lang='lat' dir='ltr'>non</span> <span class='ocrx_word' id='word_1_529' title='bbox 2522 2425 2726 2499; x_wconf 89' lang='lat' dir='ltr'>potest</span> <span class='ocrx_word' id='word_1_530' title='bbox 2752 2421 2888 2481; x_wconf 83' lang='lat' dir='ltr'>fieri</span> <span class='ocrx_word' id='word_1_531' title='bbox 2931 2422 3035 2482; x_wconf 89' lang='lat' dir='ltr'>illa</span> <span class='ocrx_word' id='word_1_532' title='bbox 3064 2423 3339 2501; x_wconf 89' lang='lat' dir='ltr'>palliatio</span> <span class='ocrx_word' id='word_1_533' title='bbox 3374 2444 3388 2486; x_wconf 77' lang='lat' dir='ltr'><em>z</em></span> 
     </span>
     <span class='ocr_line' id='line_1_85' title="bbox 1858 2512 3394 2593; baseline 0.002 -20"><span class='ocrx_word' id='word_1_534' title='bbox 1858 2512 2005 2593; x_wconf 86' lang='lat' dir='ltr'>quia</span> <span class='ocrx_word' id='word_1_535' title='bbox 2033 2512 2082 2572; x_wconf 85' lang='lat' dir='ltr'>si</span> <span class='ocrx_word' id='word_1_536' title='bbox 2112 2512 2193 2573; x_wconf 88' lang='lat' dir='ltr'>ab</span> <span class='ocrx_word' id='word_1_537' title='bbox 2224 2513 2397 2574; x_wconf 90' lang='lat' dir='ltr'>initio</span> <span class='ocrx_word' id='word_1_538' title='bbox 2429 2517 2645 2573; x_wconf 90' lang='lat' dir='ltr'>mutuo</span> <span class='ocrx_word' id='word_1_539' title='bbox 2669 2531 2779 2591; x_wconf 81' lang='lat' dir='ltr'>per</span> <span class='ocrx_word' id='word_1_540' title='bbox 2800 2533 3081 2574; x_wconf 83' lang='lat' dir='ltr'>mensem</span> <span class='ocrx_word' id='word_1_541' title='bbox 3111 2514 3223 2575; x_wconf 89' lang='lat' dir='ltr'>das</span> <span class='ocrx_word' id='word_1_542' title='bbox 3253 2534 3394 2576; x_wconf 90' lang='lat' dir='ltr'>cen-</span> 
     </span>
     <span class='ocr_line' id='line_1_86' title="bbox 1857 2607 3398 2681; baseline 0.002 -14"><span class='ocrx_word' id='word_1_543' title='bbox 1857 2611 1989 2668; x_wconf 91' lang='lat' dir='ltr'>tum</span> <span class='ocrx_word' id='word_1_544' title='bbox 2032 2625 2257 2667; x_wconf 86' lang='lat' dir='ltr'>aureos</span> <span class='ocrx_word' id='word_1_545' title='bbox 2300 2608 2504 2681; x_wconf 88' lang='lat' dir='ltr'>Petr0,</span> <span class='ocrx_word' id='word_1_546' title='bbox 2553 2611 2615 2666; x_wconf 89' lang='lat' dir='ltr'>et</span> <span class='ocrx_word' id='word_1_547' title='bbox 2661 2607 2957 2666; x_wconf 82' lang='lat' dir='ltr'>transfers</span> <span class='ocrx_word' id='word_1_548' title='bbox 2999 2607 3061 2666; x_wconf 93' lang='lat' dir='ltr'>in</span> <span class='ocrx_word' id='word_1_549' title='bbox 3110 2627 3254 2668; x_wconf 89' lang='lat' dir='ltr'>eum</span> <span class='ocrx_word' id='word_1_550' title='bbox 3283 2609 3398 2670; x_wconf 91' lang='lat' dir='ltr'>do-</span> 
     </span>
     <span class='ocr_line' id='line_1_87' title="bbox 1857 2698 3395 2776; baseline 0.003 -17"><span class='ocrx_word' id='word_1_551' title='bbox 1857 2699 2119 2760; x_wconf 90' lang='lat' dir='ltr'>minium</span> <span class='ocrx_word' id='word_1_552' title='bbox 2149 2698 2453 2774; x_wconf 88' lang='lat' dir='ltr'>absolute,</span> <span class='ocrx_word' id='word_1_553' title='bbox 2490 2704 2552 2760; x_wconf 91' lang='lat' dir='ltr'>et</span> <span class='ocrx_word' id='word_1_554' title='bbox 2581 2699 2821 2776; x_wconf 84' lang='lat' dir='ltr'>obligas</span> <span class='ocrx_word' id='word_1_555' title='bbox 2851 2703 2909 2760; x_wconf 92' lang='lat' dir='ltr'>te</span> <span class='ocrx_word' id='word_1_556' title='bbox 2939 2700 3124 2761; x_wconf 86' lang='lat' dir='ltr'>simul</span> <span class='ocrx_word' id='word_1_557' title='bbox 3153 2701 3231 2762; x_wconf 88' lang='lat' dir='ltr'>ad</span> <span class='ocrx_word' id='word_1_558' title='bbox 3262 2720 3395 2763; x_wconf 91' lang='lat' dir='ltr'>mu·</span> 
     </span>
     <span class='ocr_line' id='line_1_88' title="bbox 1856 2791 3394 2870; baseline 0.001 -16"><span class='ocrx_word' id='word_1_559' title='bbox 1856 2792 2126 2854; x_wconf 88' lang='lat' dir='ltr'>tuandos</span> <span class='ocrx_word' id='word_1_560' title='bbox 2156 2792 2212 2852; x_wconf 92' lang='lat' dir='ltr'>ei</span> <span class='ocrx_word' id='word_1_561' title='bbox 2240 2791 2466 2852; x_wconf 89' lang='lat' dir='ltr'>iterum</span> <span class='ocrx_word' id='word_1_562' title='bbox 2498 2810 2611 2870; x_wconf 90' lang='lat' dir='ltr'>per</span> <span class='ocrx_word' id='word_1_563' title='bbox 2644 2809 2927 2851; x_wconf 89' lang='lat' dir='ltr'>mensem</span> <span class='ocrx_word' id='word_1_564' title='bbox 2956 2791 3033 2851; x_wconf 89' lang='lat' dir='ltr'>de</span> <span class='ocrx_word' id='word_1_565' title='bbox 3076 2811 3240 2855; x_wconf 89' lang='lat' dir='ltr'>novo</span> <span class='ocrx_word' id='word_1_566' title='bbox 3269 2795 3394 2855; x_wconf 88' lang='lat' dir='ltr'>sin-</span> 
     </span>
     <span class='ocr_line' id='line_1_89' title="bbox 1858 2885 3397 2964; baseline 0.002 -19"><span class='ocrx_word' id='word_1_567' title='bbox 1858 2885 2019 2964; x_wconf 90' lang='lat' dir='ltr'>gulis</span> <span class='ocrx_word' id='word_1_568' title='bbox 2066 2885 2385 2945; x_wconf 88' lang='lat' dir='ltr'>mensibus</span> <span class='ocrx_word' id='word_1_569' title='bbox 2433 2903 2544 2962; x_wconf 89' lang='lat' dir='ltr'>per</span> <span class='ocrx_word' id='word_1_570' title='bbox 2599 2888 2797 2945; x_wconf 87' lang='lat' dir='ltr'>totum</span> <span class='ocrx_word' id='word_1_571' title='bbox 2851 2904 3086 2946; x_wconf 90' lang='lat' dir='ltr'>annum</span> <span class='ocrx_word' id='word_1_572' title='bbox 3142 2887 3397 2948; x_wconf 91' lang='lat' dir='ltr'>eosdem</span> 
     </span>
     <span class='ocr_line' id='line_1_90' title="bbox 1859 2976 3398 3056; baseline 0.002 -18"><span class='ocrx_word' id='word_1_573' title='bbox 1859 2983 2109 3039; x_wconf 88' lang='lat' dir='ltr'>centum</span> <span class='ocrx_word' id='word_1_574' title='bbox 2141 2995 2385 3052; x_wconf 77' lang='lat' dir='ltr'>aureOS,</span> <span class='ocrx_word' id='word_1_575' title='bbox 2428 2995 2585 3055; x_wconf 88' lang='lat' dir='ltr'>quos</span> <span class='ocrx_word' id='word_1_576' title='bbox 2614 2976 2673 3036; x_wconf 93' lang='lat' dir='ltr'>in</span> <span class='ocrx_word' id='word_1_577' title='bbox 2704 2977 2828 3037; x_wconf 88' lang='lat' dir='ltr'>fine</span> <span class='ocrx_word' id='word_1_578' title='bbox 2859 2977 3193 3056; x_wconf 88' lang='lat' dir='ltr'>cujuslibet</span> <span class='ocrx_word' id='word_1_579' title='bbox 3220 2998 3398 3041; x_wconf 89' lang='lat' dir='ltr'>men-</span> 
     </span>
     <span class='ocr_line' id='line_1_91' title="bbox 1860 3069 3395 3147; baseline 0.001 -15"><span class='ocrx_word' id='word_1_580' title='bbox 1860 3072 1945 3132; x_wconf 90' lang='lat' dir='ltr'>sis</span> <span class='ocrx_word' id='word_1_581' title='bbox 1975 3071 2238 3132; x_wconf 90' lang='lat' dir='ltr'>reddere</span> <span class='ocrx_word' id='word_1_582' title='bbox 2288 3069 2566 3147; x_wconf 90' lang='lat' dir='ltr'>deberet,</span> <span class='ocrx_word' id='word_1_583' title='bbox 2621 3069 2737 3131; x_wconf 92' lang='lat' dir='ltr'>hoc</span> <span class='ocrx_word' id='word_1_584' title='bbox 2785 3076 3073 3132; x_wconf 88' lang='lat' dir='ltr'>mutuum</span> <span class='ocrx_word' id='word_1_585' title='bbox 3117 3091 3260 3133; x_wconf 89' lang='lat' dir='ltr'>cum</span> <span class='ocrx_word' id='word_1_586' title='bbox 3290 3074 3395 3134; x_wconf 88' lang='lat' dir='ltr'>tali</span> 
     </span>
     <span class='ocr_line' id='line_1_92' title="bbox 1863 3162 3401 3247; baseline 0.001 -20"><span class='ocrx_word' id='word_1_587' title='bbox 1863 3163 2243 3243; x_wconf 88' lang='lat' dir='ltr'>obligatione</span> <span class='ocrx_word' id='word_1_588' title='bbox 2273 3162 2352 3223; x_wconf 87' lang='lat' dir='ltr'>ab</span> <span class='ocrx_word' id='word_1_589' title='bbox 2381 3163 2557 3223; x_wconf 91' lang='lat' dir='ltr'>initio</span> <span class='ocrx_word' id='word_1_590' title='bbox 2588 3167 2683 3225; x_wconf 90' lang='lat' dir='ltr'>est</span> <span class='ocrx_word' id='word_1_591' title='bbox 2721 3168 3008 3226; x_wconf 89' lang='lat' dir='ltr'>mutuum</span> <span class='ocrx_word' id='word_1_592' title='bbox 3039 3183 3255 3228; x_wconf 89' lang='lat' dir='ltr'>verum</span> <span class='ocrx_word' id='word_1_593' title='bbox 3287 3186 3401 3247; x_wconf 90' lang='lat' dir='ltr'>per</span> 
     </span>
     <span class='ocr_line' id='line_1_93' title="bbox 1861 3256 3391 3338; baseline 0.001 -19"><span class='ocrx_word' id='word_1_594' title='bbox 1861 3276 2131 3330; x_wconf 86' lang='lat' dir='ltr'>annum;</span> <span class='ocrx_word' id='word_1_595' title='bbox 2193 3256 2344 3317; x_wconf 89' lang='lat' dir='ltr'>nihil</span> <span class='ocrx_word' id='word_1_596' title='bbox 2393 3256 2560 3317; x_wconf 90' lang='lat' dir='ltr'>enim</span> <span class='ocrx_word' id='word_1_597' title='bbox 2590 3256 2766 3318; x_wconf 81' lang='lat' dir='ltr'>deest</span> <span class='ocrx_word' id='word_1_598' title='bbox 2793 3258 2871 3318; x_wconf 88' lang='lat' dir='ltr'>ad</span> <span class='ocrx_word' id='word_1_599' title='bbox 2923 3259 3047 3319; x_wconf 88' lang='lat' dir='ltr'>tale</span> <span class='ocrx_word' id='word_1_600' title='bbox 3078 3265 3391 3338; x_wconf 90' lang='lat' dir='ltr'>mutuum,</span> 
     </span>
     <span class='ocr_line' id='line_1_94' title="bbox 1864 3349 3400 3433; baseline 0.003 -21"><span class='ocrx_word' id='word_1_601' title='bbox 1864 3370 2004 3412; x_wconf 89' lang='lat' dir='ltr'>cum</span> <span class='ocrx_word' id='word_1_602' title='bbox 2034 3349 2410 3413; x_wconf 87' lang='lat' dir='ltr'>interveniat</span> <span class='ocrx_word' id='word_1_603' title='bbox 2437 3350 2760 3411; x_wconf 86' lang='lat' dir='ltr'>translatio</span> <span class='ocrx_word' id='word_1_604' title='bbox 2809 3351 3069 3412; x_wconf 88' lang='lat' dir='ltr'>dominii</span> <span class='ocrx_word' id='word_1_605' title='bbox 3121 3371 3193 3412; x_wconf 85' lang='lat' dir='ltr'>ex</span> <span class='ocrx_word' id='word_1_606' title='bbox 3223 3358 3400 3433; x_wconf 87' lang='lat' dir='ltr'>parte</span> 
     </span>
     <span class='ocr_line' id='line_1_95' title="bbox 1863 3443 3400 3521; baseline 0.001 -15"><span class='ocrx_word' id='word_1_607' title='bbox 1863 3449 1993 3520; x_wconf 88' lang='lat' dir='ltr'>tua,</span> <span class='ocrx_word' id='word_1_608' title='bbox 2045 3448 2107 3505; x_wconf 91' lang='lat' dir='ltr'>et</span> <span class='ocrx_word' id='word_1_609' title='bbox 2136 3462 2207 3503; x_wconf 87' lang='lat' dir='ltr'>ex</span> <span class='ocrx_word' id='word_1_610' title='bbox 2252 3446 2426 3521; x_wconf 89' lang='lat' dir='ltr'>parte</span> <span class='ocrx_word' id='word_1_611' title='bbox 2457 3443 2817 3503; x_wconf 90' lang='lat' dir='ltr'>mutuatarii</span> <span class='ocrx_word' id='word_1_612' title='bbox 2847 3443 3222 3507; x_wconf 87' lang='lat' dir='ltr'>interveniat</span> <span class='ocrx_word' id='word_1_613' title='bbox 3249 3446 3400 3507; x_wconf 91' lang='lat' dir='ltr'>obli-</span> 
     </span>
     <span class='ocr_line' id='line_1_96' title="bbox 1864 3535 3399 3618; baseline 0.003 -22"><span class='ocrx_word' id='word_1_614' title='bbox 1864 3537 2033 3616; x_wconf 81' lang='lat' dir='ltr'>gatio</span> <span class='ocrx_word' id='word_1_615' title='bbox 2066 3535 2373 3597; x_wconf 89' lang='lat' dir='ltr'>reddendi</span> <span class='ocrx_word' id='word_1_616' title='bbox 2402 3535 2684 3611; x_wconf 91' lang='lat' dir='ltr'>totidem,</span> <span class='ocrx_word' id='word_1_617' title='bbox 2738 3539 2801 3596; x_wconf 92' lang='lat' dir='ltr'>et</span> <span class='ocrx_word' id='word_1_618' title='bbox 2847 3555 3060 3599; x_wconf 87' lang='lat' dir='ltr'>rursus</span> <span class='ocrx_word' id='word_1_619' title='bbox 3106 3558 3181 3599; x_wconf 91' lang='lat' dir='ltr'>ex</span> <span class='ocrx_word' id='word_1_620' title='bbox 3222 3544 3399 3618; x_wconf 89' lang='lat' dir='ltr'>parte</span> 
     </span>
     <span class='ocr_line' id='line_1_97' title="bbox 1866 3627 3403 3711; baseline 0.001 -21"><span class='ocrx_word' id='word_1_621' title='bbox 1866 3633 1973 3690; x_wconf 89' lang='lat' dir='ltr'>tua</span> <span class='ocrx_word' id='word_1_622' title='bbox 2004 3627 2381 3690; x_wconf 88' lang='lat' dir='ltr'>interveniat</span> <span class='ocrx_word' id='word_1_623' title='bbox 2431 3628 2727 3707; x_wconf 89' lang='lat' dir='ltr'>obligatio</span> <span class='ocrx_word' id='word_1_624' title='bbox 2760 3648 2883 3690; x_wconf 90' lang='lat' dir='ltr'>non</span> <span class='ocrx_word' id='word_1_625' title='bbox 2930 3632 3258 3710; x_wconf 86' lang='lat' dir='ltr'>repetendi</span> <span class='ocrx_word' id='word_1_626' title='bbox 3288 3652 3403 3711; x_wconf 86' lang='lat' dir='ltr'>per</span> 
     </span>
     <span class='ocr_line' id='line_1_98' title="bbox 1868 3721 3401 3797; baseline 0.003 -15"><span class='ocrx_word' id='word_1_627' title='bbox 1868 3740 2133 3794; x_wconf 85' lang='lat' dir='ltr'>annum;</span> <span class='ocrx_word' id='word_1_628' title='bbox 2187 3721 2464 3797; x_wconf 88' lang='lat' dir='ltr'>obligare</span> <span class='ocrx_word' id='word_1_629' title='bbox 2496 3721 2662 3781; x_wconf 88' lang='lat' dir='ltr'>enim</span> <span class='ocrx_word' id='word_1_630' title='bbox 2692 3725 2753 3782; x_wconf 92' lang='lat' dir='ltr'>te</span> <span class='ocrx_word' id='word_1_631' title='bbox 2784 3722 2864 3782; x_wconf 89' lang='lat' dir='ltr'>ad</span> <span class='ocrx_word' id='word_1_632' title='bbox 2907 3722 3133 3783; x_wconf 89' lang='lat' dir='ltr'>iterum</span> <span class='ocrx_word' id='word_1_633' title='bbox 3163 3725 3401 3786; x_wconf 87' lang='lat' dir='ltr'>virtua-</span> 
     </span>
     <span class='ocr_line' id='line_1_99' title="bbox 1863 3812 3401 3893; baseline 0.001 -18"><span class='ocrx_word' id='word_1_634' title='bbox 1863 3815 2008 3877; x_wconf 89' lang='lat' dir='ltr'>liter</span> <span class='ocrx_word' id='word_1_635' title='bbox 2036 3812 2414 3875; x_wconf 86' lang='lat' dir='ltr'>mutuandos</span> <span class='ocrx_word' id='word_1_636' title='bbox 2443 3813 2705 3893; x_wconf 88' lang='lat' dir='ltr'>singulis</span> <span class='ocrx_word' id='word_1_637' title='bbox 2734 3816 3077 3892; x_wconf 79' lang='lat' dir='ltr'>mensibuS,</span> <span class='ocrx_word' id='word_1_638' title='bbox 3113 3821 3206 3877; x_wconf 87' lang='lat' dir='ltr'>est</span> <span class='ocrx_word' id='word_1_639' title='bbox 3234 3817 3401 3877; x_wconf 86' lang='lat' dir='ltr'>idem</span> 
     </span>
     <span class='ocr_line' id='line_1_100' title="bbox 1867 3906 3404 3986; baseline 0.001 -16"><span class='ocrx_word' id='word_1_640' title='bbox 1867 3927 1942 3970; x_wconf 86' lang='lat' dir='ltr'>ac</span> <span class='ocrx_word' id='word_1_641' title='bbox 1970 3907 2250 3985; x_wconf 88' lang='lat' dir='ltr'>obligare</span> <span class='ocrx_word' id='word_1_642' title='bbox 2278 3911 2338 3967; x_wconf 88' lang='lat' dir='ltr'>te</span> <span class='ocrx_word' id='word_1_643' title='bbox 2388 3906 2467 3965; x_wconf 91' lang='lat' dir='ltr'>ad</span> <span class='ocrx_word' id='word_1_644' title='bbox 2499 3926 2619 3967; x_wconf 91' lang='lat' dir='ltr'>non</span> <span class='ocrx_word' id='word_1_645' title='bbox 2671 3908 3082 3986; x_wconf 87' lang='lat' dir='ltr'>repetendum</span> <span class='ocrx_word' id='word_1_646' title='bbox 3113 3914 3404 3971; x_wconf 91' lang='lat' dir='ltr'>mutuum</span> 
     </span>
     <span class='ocr_line' id='line_1_101' title="bbox 1866 4000 3405 4081; baseline 0.001 -20"><span class='ocrx_word' id='word_1_647' title='bbox 1866 4020 1979 4081; x_wconf 91' lang='lat' dir='ltr'>per</span> <span class='ocrx_word' id='word_1_648' title='bbox 2006 4004 2206 4061; x_wconf 91' lang='lat' dir='ltr'>totum</span> <span class='ocrx_word' id='word_1_649' title='bbox 2236 4017 2491 4075; x_wconf 90' lang='lat' dir='ltr'>annum,</span> <span class='ocrx_word' id='word_1_650' title='bbox 2526 4005 2714 4077; x_wconf 87' lang='lat' dir='ltr'>atque</span> <span class='ocrx_word' id='word_1_651' title='bbox 2745 4000 2885 4060; x_wconf 88' lang='lat' dir='ltr'>ideo</span> <span class='ocrx_word' id='word_1_652' title='bbox 2918 4005 3011 4062; x_wconf 91' lang='lat' dir='ltr'>est</span> <span class='ocrx_word' id='word_1_653' title='bbox 3032 4020 3250 4062; x_wconf 89' lang='lat' dir='ltr'>verum</span> <span class='ocrx_word' id='word_1_654' title='bbox 3271 4021 3405 4063; x_wconf 91' lang='lat' dir='ltr'>mu·</span> 
     </span>
     <span class='ocr_line' id='line_1_102' title="bbox 1867 4092 3407 4171; baseline 0.003 -16"><span class='ocrx_word' id='word_1_655' title='bbox 1867 4099 2045 4156; x_wconf 92' lang='lat' dir='ltr'>tuum</span> <span class='ocrx_word' id='word_1_656' title='bbox 2085 4111 2199 4171; x_wconf 88' lang='lat' dir='ltr'>per</span> <span class='ocrx_word' id='word_1_657' title='bbox 2245 4111 2477 4152; x_wconf 90' lang='lat' dir='ltr'>annum</span> <span class='ocrx_word' id='word_1_658' title='bbox 2526 4092 2605 4153; x_wconf 88' lang='lat' dir='ltr'>ab</span> <span class='ocrx_word' id='word_1_659' title='bbox 2652 4092 2828 4154; x_wconf 91' lang='lat' dir='ltr'>initio</span> <span class='ocrx_word' id='word_1_660' title='bbox 2879 4093 3172 4171; x_wconf 91' lang='lat' dir='ltr'>positum.</span> <span class='ocrx_word' id='word_1_661' title='bbox 3234 4096 3407 4159; x_wconf 85' lang='lat' dir='ltr'>Sicut</span> 
     </span>
     <span class='ocr_line' id='line_1_103' title="bbox 1869 4183 3407 4267; baseline 0.004 -21"><span class='ocrx_word' id='word_1_662' title='bbox 1869 4204 2017 4264; x_wconf 88' lang='lat' dir='ltr'>ergo</span> <span class='ocrx_word' id='word_1_663' title='bbox 2048 4204 2160 4264; x_wconf 88' lang='lat' dir='ltr'>pro</span> <span class='ocrx_word' id='word_1_664' title='bbox 2189 4190 2408 4246; x_wconf 90' lang='lat' dir='ltr'>mutuo</span> <span class='ocrx_word' id='word_1_665' title='bbox 2455 4183 2537 4245; x_wconf 80' lang='lat' dir='ltr'>ad</span> <span class='ocrx_word' id='word_1_666' title='bbox 2567 4204 2802 4245; x_wconf 90' lang='lat' dir='ltr'>annum</span> <span class='ocrx_word' id='word_1_667' title='bbox 2849 4186 2993 4248; x_wconf 87' lang='lat' dir='ltr'>dato</span> <span class='ocrx_word' id='word_1_668' title='bbox 3045 4187 3199 4248; x_wconf 91' lang='lat' dir='ltr'>nihil</span> <span class='ocrx_word' id='word_1_669' title='bbox 3229 4194 3407 4267; x_wconf 88' lang='lat' dir='ltr'>potes</span> 
     </span>
     <span class='ocr_line' id='line_1_104' title="bbox 1870 4279 3409 4357; baseline 0.003 -17"><span class='ocrx_word' id='word_1_670' title='bbox 1870 4279 2155 4357; x_wconf 85' lang='lat' dir='ltr'>accipere</span> <span class='ocrx_word' id='word_1_671' title='bbox 2186 4279 2348 4339; x_wconf 88' lang='lat' dir='ltr'>ultra</span> <span class='ocrx_word' id='word_1_672' title='bbox 2376 4282 2631 4353; x_wconf 88' lang='lat' dir='ltr'>sortem,</span> <span class='ocrx_word' id='word_1_673' title='bbox 2682 4282 2937 4357; x_wconf 85' lang='lat' dir='ltr'>propter</span> <span class='ocrx_word' id='word_1_674' title='bbox 2966 4280 3276 4341; x_wconf 86' lang='lat' dir='ltr'>rationem</span> <span class='ocrx_word' id='word_1_675' title='bbox 3304 4301 3409 4344; x_wconf 89' lang='lat' dir='ltr'>su-</span> 
     </span>
     <span class='ocr_line' id='line_1_105' title="bbox 1871 4371 3411 4451; baseline 0.003 -19"><span class='ocrx_word' id='word_1_676' title='bbox 1871 4391 1984 4451; x_wconf 87' lang='lat' dir='ltr'>pra</span> <span class='ocrx_word' id='word_1_677' title='bbox 2012 4371 2388 4443; x_wconf 87' lang='lat' dir='ltr'>adductam;</span> <span class='ocrx_word' id='word_1_678' title='bbox 2440 4371 2528 4431; x_wconf 91' lang='lat' dir='ltr'>sic</span> <span class='ocrx_word' id='word_1_679' title='bbox 2559 4388 2671 4430; x_wconf 90' lang='lat' dir='ltr'>nec</span> <span class='ocrx_word' id='word_1_680' title='bbox 2701 4377 2955 4450; x_wconf 86' lang='lat' dir='ltr'>propter</span> <span class='ocrx_word' id='word_1_681' title='bbox 2981 4378 3270 4435; x_wconf 88' lang='lat' dir='ltr'>mutuum</span> <span class='ocrx_word' id='word_1_682' title='bbox 3301 4375 3411 4437; x_wconf 92' lang='lat' dir='ltr'>da-</span> 
     </span>
     <span class='ocr_line' id='line_1_106' title="bbox 1871 4463 3411 4547; baseline 0.001 -20"><span class='ocrx_word' id='word_1_683' title='bbox 1871 4471 2005 4527; x_wconf 90' lang='lat' dir='ltr'>tum</span> <span class='ocrx_word' id='word_1_684' title='bbox 2034 4463 2114 4523; x_wconf 91' lang='lat' dir='ltr'>ad</span> <span class='ocrx_word' id='word_1_685' title='bbox 2143 4481 2422 4523; x_wconf 90' lang='lat' dir='ltr'>mensem</span> <span class='ocrx_word' id='word_1_686' title='bbox 2460 4481 2604 4524; x_wconf 90' lang='lat' dir='ltr'>cum</span> <span class='ocrx_word' id='word_1_687' title='bbox 2635 4463 3018 4542; x_wconf 88' lang='lat' dir='ltr'>obligatione</span> <span class='ocrx_word' id='word_1_688' title='bbox 3068 4485 3191 4527; x_wconf 91' lang='lat' dir='ltr'>non</span> <span class='ocrx_word' id='word_1_689' title='bbox 3223 4486 3411 4547; x_wconf 83' lang='lat' dir='ltr'>repe-</span> 
     </span>
     <span class='ocr_line' id='line_1_107' title="bbox 1869 4556 3405 4635; baseline 0.002 -16"><span class='ocrx_word' id='word_1_690' title='bbox 1869 4557 2043 4619; x_wconf 89' lang='lat' dir='ltr'>tendi</span> <span class='ocrx_word' id='word_1_691' title='bbox 2073 4575 2185 4635; x_wconf 90' lang='lat' dir='ltr'>per</span> <span class='ocrx_word' id='word_1_692' title='bbox 2213 4560 2413 4618; x_wconf 91' lang='lat' dir='ltr'>totum</span> <span class='ocrx_word' id='word_1_693' title='bbox 2435 4574 2689 4628; x_wconf 90' lang='lat' dir='ltr'>annum,</span> <span class='ocrx_word' id='word_1_694' title='bbox 2726 4557 2894 4635; x_wconf 91' lang='lat' dir='ltr'>quod</span> <span class='ocrx_word' id='word_1_695' title='bbox 2924 4556 2987 4617; x_wconf 90' lang='lat' dir='ltr'>in</span> <span class='ocrx_word' id='word_1_696' title='bbox 3007 4578 3072 4618; x_wconf 90' lang='lat' dir='ltr'>re</span> <span class='ocrx_word' id='word_1_697' title='bbox 3094 4564 3189 4622; x_wconf 88' lang='lat' dir='ltr'>est</span> <span class='ocrx_word' id='word_1_698' title='bbox 3216 4560 3405 4622; x_wconf 89' lang='lat' dir='ltr'>idem.</span> 
     </span>
     <span class='ocr_line' id='line_1_108' title="bbox 1873 4648 3414 4732; baseline 0.003 -21"><span class='ocrx_word' id='word_1_699' title='bbox 1873 4653 2101 4711; x_wconf 89' lang='lat' dir='ltr'>Parum</span> <span class='ocrx_word' id='word_1_700' title='bbox 2136 4668 2283 4727; x_wconf 90' lang='lat' dir='ltr'>ergo</span> <span class='ocrx_word' id='word_1_701' title='bbox 2311 4648 2638 4728; x_wconf 90' lang='lat' dir='ltr'>prodesset</span> <span class='ocrx_word' id='word_1_702' title='bbox 2664 4649 2770 4710; x_wconf 89' lang='lat' dir='ltr'>illa</span> <span class='ocrx_word' id='word_1_703' title='bbox 2798 4649 3095 4728; x_wconf 87' lang='lat' dir='ltr'>obligatio</span> <span class='ocrx_word' id='word_1_704' title='bbox 3128 4654 3414 4732; x_wconf 87' lang='lat' dir='ltr'>apposita</span> 
     </span>
     <span class='ocr_line' id='line_1_109' title="bbox 1872 4742 3416 4824; baseline 0.003 -21"><span class='ocrx_word' id='word_1_705' title='bbox 1872 4742 1933 4804; x_wconf 91' lang='lat' dir='ltr'>in</span> <span class='ocrx_word' id='word_1_706' title='bbox 2003 4743 2137 4822; x_wconf 89' lang='lat' dir='ltr'>ipso</span> <span class='ocrx_word' id='word_1_707' title='bbox 2192 4747 2408 4803; x_wconf 88' lang='lat' dir='ltr'>mutuo</span> <span class='ocrx_word' id='word_1_708' title='bbox 2442 4787 2457 4818; x_wconf 94' lang='lat'>,</span> <span class='ocrx_word' id='word_1_709' title='bbox 2538 4746 2604 4803; x_wconf 91' lang='lat' dir='ltr'>ut</span> <span class='ocrx_word' id='word_1_710' title='bbox 2661 4743 2903 4804; x_wconf 89' lang='lat' dir='ltr'>ratione</span> <span class='ocrx_word' id='word_1_711' title='bbox 2974 4744 3137 4805; x_wconf 91' lang='lat' dir='ltr'>illius</span> <span class='ocrx_word' id='word_1_712' title='bbox 3203 4750 3416 4824; x_wconf 84' lang='lat' dir='ltr'>posset</span> 
     </span>
     <span class='ocr_line' id='line_1_110' title="bbox 1871 4835 3410 4917; baseline 0.002 -20"><span class='ocrx_word' id='word_1_713' title='bbox 1871 4836 2106 4917; x_wconf 87' lang='lat' dir='ltr'>aliquid</span> <span class='ocrx_word' id='word_1_714' title='bbox 2162 4835 2359 4913; x_wconf 87' lang='lat' dir='ltr'>accipi</span> <span class='ocrx_word' id='word_1_715' title='bbox 2408 4853 2599 4915; x_wconf 85' lang='lat' dir='ltr'>supra</span> <span class='ocrx_word' id='word_1_716' title='bbox 2653 4839 2909 4913; x_wconf 90' lang='lat' dir='ltr'>sortem,</span> <span class='ocrx_word' id='word_1_717' title='bbox 2972 4855 3114 4896; x_wconf 91' lang='lat' dir='ltr'>cum</span> <span class='ocrx_word' id='word_1_718' title='bbox 3162 4838 3266 4898; x_wconf 90' lang='lat' dir='ltr'>illa</span> <span class='ocrx_word' id='word_1_719' title='bbox 3300 4858 3410 4900; x_wconf 84' lang='lat' dir='ltr'>ea-</span> 
     </span>
     <span class='ocr_line' id='line_1_111' title="bbox 1875 4927 3409 5009; baseline 0.001 -18"><span class='ocrx_word' id='word_1_720' title='bbox 1875 4931 2020 4991; x_wconf 90' lang='lat' dir='ltr'>dem</span> <span class='ocrx_word' id='word_1_721' title='bbox 2051 4928 2347 5007; x_wconf 87' lang='lat' dir='ltr'>obligatio</span> <span class='ocrx_word' id='word_1_722' title='bbox 2396 4933 2561 4990; x_wconf 87' lang='lat' dir='ltr'>esset</span> <span class='ocrx_word' id='word_1_723' title='bbox 2586 4932 2736 4989; x_wconf 89' lang='lat' dir='ltr'>tunc</span> <span class='ocrx_word' id='word_1_724' title='bbox 2781 4927 3122 4989; x_wconf 89' lang='lat' dir='ltr'>intrinseca</span> <span class='ocrx_word' id='word_1_725' title='bbox 3168 4935 3409 5009; x_wconf 86' lang='lat' dir='ltr'>mutue,</span> 
     </span>
     <span class='ocr_line' id='line_1_112' title="bbox 1876 5019 3417 5100; baseline -0.008 -15"><span class='ocrx_word' id='word_1_726' title='bbox 1876 5028 1935 5085; x_wconf 88' lang='lat' dir='ltr'>et</span> <span class='ocrx_word' id='word_1_727' title='bbox 1965 5025 2200 5084; x_wconf 90' lang='lat' dir='ltr'>faceret</span> <span class='ocrx_word' id='word_1_728' title='bbox 2228 5020 2591 5098; x_wconf 83' lang='lat' dir='ltr'>formaliter,</span> <span class='ocrx_word' id='word_1_729' title='bbox 2643 5020 2741 5081; x_wconf 89' lang='lat' dir='ltr'>vel</span> <span class='ocrx_word' id='word_1_730' title='bbox 2792 5019 3243 5100; x_wconf 67' lang='lat' dir='ltr'>aequivalenter</span> <span class='ocrx_word' id='word_1_731' title='bbox 3271 5043 3417 5086; x_wconf 84' lang='lat' dir='ltr'>mu..</span> 
     </span>
     <span class='ocr_line' id='line_1_113' title="bbox 1875 5112 3418 5197; baseline 0 -18"><span class='ocrx_word' id='word_1_732' title='bbox 1875 5122 2051 5179; x_wconf 88' lang='lat' dir='ltr'>tuum</span> <span class='ocrx_word' id='word_1_733' title='bbox 2080 5135 2193 5195; x_wconf 89' lang='lat' dir='ltr'>per</span> <span class='ocrx_word' id='word_1_734' title='bbox 2221 5133 2454 5175; x_wconf 89' lang='lat' dir='ltr'>annum</span> <span class='ocrx_word' id='word_1_735' title='bbox 2485 5114 2564 5174; x_wconf 88' lang='lat' dir='ltr'>ab</span> <span class='ocrx_word' id='word_1_736' title='bbox 2594 5112 2791 5189; x_wconf 83' lang='lat' dir='ltr'>initio,</span> <span class='ocrx_word' id='word_1_737' title='bbox 2827 5132 2941 5192; x_wconf 91' lang='lat' dir='ltr'>pro</span> <span class='ocrx_word' id='word_1_738' title='bbox 2973 5133 3098 5193; x_wconf 87' lang='lat' dir='ltr'>quo</span> <span class='ocrx_word' id='word_1_739' title='bbox 3130 5116 3282 5176; x_wconf 90' lang='lat' dir='ltr'>nihil</span> <span class='ocrx_word' id='word_1_740' title='bbox 3304 5137 3418 5197; x_wconf 89' lang='lat' dir='ltr'>po·-</span> 
     </span>
     <span class='ocr_line' id='line_1_114' title="bbox 1877 5207 3418 5291; baseline 0.001 -20"><span class='ocrx_word' id='word_1_741' title='bbox 1877 5215 1997 5272; x_wconf 88' lang='lat' dir='ltr'>test</span> <span class='ocrx_word' id='word_1_742' title='bbox 2026 5208 2222 5287; x_wconf 89' lang='lat' dir='ltr'>accipi</span> <span class='ocrx_word' id='word_1_743' title='bbox 2241 5209 2401 5269; x_wconf 87' lang='lat' dir='ltr'>ultra</span> <span class='ocrx_word' id='word_1_744' title='bbox 2413 5211 2666 5268; x_wconf 90' lang='lat' dir='ltr'>sortem.</span> <span class='ocrx_word' id='word_1_745' title='bbox 2685 5208 2782 5266; x_wconf 85' lang='lat' dir='ltr'>An</span> <span class='ocrx_word' id='word_1_746' title='bbox 2797 5224 2945 5267; x_wconf 90' lang='lat' dir='ltr'>vero</span> <span class='ocrx_word' id='word_1_747' title='bbox 2971 5207 3205 5286; x_wconf 88' lang='lat' dir='ltr'>aliquid</span> <span class='ocrx_word' id='word_1_748' title='bbox 3218 5211 3418 5291; x_wconf 86' lang='lat' dir='ltr'>accipi</span> 
     </span>
     <span class='ocr_line' id='line_1_115' title="bbox 1878 5299 3419 5383; baseline 0.001 -19"><span class='ocrx_word' id='word_1_749' title='bbox 1878 5303 2200 5383; x_wconf 89' lang='lat' dir='ltr'>possitpro</span> <span class='ocrx_word' id='word_1_750' title='bbox 2221 5299 2623 5380; x_wconf 86' lang='lat' dir='ltr'>obligatione,</span> <span class='ocrx_word' id='word_1_751' title='bbox 2641 5318 2762 5378; x_wconf 87' lang='lat' dir='ltr'>qua</span> <span class='ocrx_word' id='word_1_752' title='bbox 2780 5300 2966 5379; x_wconf 90' lang='lat' dir='ltr'>longe</span> <span class='ocrx_word' id='word_1_753' title='bbox 2980 5306 3121 5362; x_wconf 89' lang='lat' dir='ltr'>ante</span> <span class='ocrx_word' id='word_1_754' title='bbox 3142 5304 3419 5366; x_wconf 85' lang='lat' dir='ltr'>occasio-</span> 
     </span>
     <span class='ocr_line' id='line_1_116' title="bbox 1878 5392 3417 5472; baseline 0.002 -15"><span class='ocrx_word' id='word_1_755' title='bbox 1878 5415 2020 5457; x_wconf 90' lang='lat' dir='ltr'>nem</span> <span class='ocrx_word' id='word_1_756' title='bbox 2052 5394 2247 5456; x_wconf 89' lang='lat' dir='ltr'>mutui</span> <span class='ocrx_word' id='word_1_757' title='bbox 2280 5394 2503 5472; x_wconf 88' lang='lat' dir='ltr'>aliquis</span> <span class='ocrx_word' id='word_1_758' title='bbox 2531 5412 2596 5453; x_wconf 89' lang='lat' dir='ltr'>se</span> <span class='ocrx_word' id='word_1_759' title='bbox 2629 5393 2868 5471; x_wconf 82' lang='lat' dir='ltr'>obligat</span> <span class='ocrx_word' id='word_1_760' title='bbox 2889 5392 2967 5452; x_wconf 87' lang='lat' dir='ltr'>ad</span> <span class='ocrx_word' id='word_1_761' title='bbox 2990 5398 3276 5456; x_wconf 89' lang='lat' dir='ltr'>mutuum</span> <span class='ocrx_word' id='word_1_762' title='bbox 3306 5398 3417 5460; x_wconf 87' lang='lat' dir='ltr'>tibi</span> 
     </span>
    </p>
   </div>
  </div>
 </body>
</html>
