4263 6376
116 5144 142 5202 Ξ

1209 321 1677 388 DISPUTATIO
1720 322 1937 401 xxvl,
1985 323 2259 388 sssc'rlo
2304 324 2434 389 vn.

245 504 407 579 sunt,
457 504 527 565 ιιι
571 501 849 563 fatentur
874 500 1139 579 Melina,
1173 504 1237 564 et
1266 501 1442 563 Salas
1466 502 1619 565 locis
1649 502 1752 567 cit.

246 596 487 671 Quando
534 613 688 655 vero
733 594 1065 656 difficultas
1111 593 1305 656 debiti
1353 595 1639 675 provenit
1683 615 1760 657 ex

242 692 364 769 ipso
393 689 672 751 debitore
691 735 707 767 ,
760 688 864 768 qui
894 688 1062 767 quod
1089 692 1308 767 sponte
1339 691 1400 750 et
1424 689 1604 749 facile
1632 691 1755 750 sol-

242 802 374 845 vere
415 782 707 860 deberet,
766 800 890 843 non
935 782 1134 842 solvet
1178 780 1310 842 sine
1355 782 1654 843 molestiis
1698 785 1761 845 et

244 875 573 959 sumptibus
602 874 951 949 creditoriS,
985 873 1131 935 licet
1159 874 1264 934 alii
1294 874 1532 952 possint
1558 875 1761 937 mino-

242 969 320 1030 ris
358 967 504 1031 illud
542 966 830 1028 debitum
883 985 1091 1027 emere
1138 971 1396 1047 propter
1441 967 1759 1031 difficilem

246 1062 612 1124 exactionem
635 1106 653 1136 ,
726 1079 850 1122 non
904 1064 1117 1121 tamen
1167 1059 1434 1139 ipsemet
1487 1061 1751 1123 debitor.

245 1154 405 1228 Quod
430 1173 468 1216 a
493 1153 739 1216 fortiori
765 1171 984 1214 verum
1013 1153 1133 1214 erit
1177 1152 1428 1233 quando
1478 1154 1757 1217 debitum

245 1249 327 1309 est
348 1245 649 1326 liquidum
681 1250 744 1308 et
778 1246 956 1307 facile
980 1291 996 1323 ,
1028 1264 1104 1307 ac
1132 1249 1301 1308 certo
1332 1264 1445 1307 suo
1475 1250 1756 1325 tempore

241 1340 609 1403 solvendum.
662 1342 813 1403 Haec
857 1339 1075 1405 ultima
1118 1358 1265 1419 pars
1292 1343 1536 1401 constat
1562 1359 1637 1400 ex
1666 1340 1756 1401 di-

243 1433 344 1496 ctis
382 1436 609 1512 puncto
657 1432 930 1511 praeced.
967 1432 1215 1495 sienim
1256 1436 1403 1495 tunc
1447 1433 1607 1494 alius
1634 1437 1754 1495 ter-

241 1527 349 1588 tius
375 1526 625 1589 minoris
655 1545 784 1588 non
813 1530 1026 1605 posset
1062 1526 1187 1587 tale
1226 1525 1506 1586 debitum
1545 1544 1753 1587 emere

241 1620 358 1683 sine
383 1618 684 1699 injustitia
731 1623 986 1698 propter
1028 1618 1213 1697 pretii
1239 1618 1749 1699 inaequalitatem,

243 1730 344 1775 nec
368 1712 493 1791 ipse
521 1712 774 1775 debitor
799 1711 1047 1791 poterit.

313 1805 590 1868 Secunda
616 1823 772 1867 vero
802 1823 970 1884 pare,
1019 1804 1086 1865 in
1115 1822 1242 1885 qua
1270 1808 1366 1867 est
1393 1804 1748 1882 difficultaS,

242 1899 519 1978 probatur
544 1916 621 1959 ex
653 1897 1009 1961 differentia
1060 1916 1201 1978 quae
1231 1903 1327 1960 est
1354 1897 1518 1960 inter
1546 1898 1755 1977 ipsum

244 1991 586 2066 debitorem,
623 1994 687 2051 et
715 1991 873 2051 alios
901 1995 1242 2069 emptoreS.
1276 1990 1396 2053 Alii
1426 1992 1754 2054 inveniunt

243 2085 499 2147 debitum
539 2084 697 2144 illud
744 2084 809 2145 in
855 2103 929 2145 eo
974 2088 1141 2147 statu
1188 2090 1250 2147 et
1296 2084 1660 2148 difficultate
1688 2086 1752 2145 in

244 2196 353 2258 qua
391 2177 592 2238 minus
638 2177 829 2253 velet,
880 2196 1067 2256 quem
1107 2181 1339 2240 statum
1385 2196 1589 2257 neque
1634 2178 1755 2256 ipsi

243 2270 596 2333 induxerunt
648 2288 770 2333 nec
825 2270 1069 2331 auferre
1125 2274 1434 2347 tenentur,
1495 2273 1557 2332 et
1609 2270 1751 2333 ideo

241 2364 385 2444 juste
424 2363 651 2425 minori
709 2363 909 2441 pretio
940 2367 1176 2439 emunt,
1237 2363 1401 2443 quod
1434 2382 1558 2425 non
1586 2365 1754 2428 valet

247 2456 632 2519 communiter
660 2457 803 2534 plus
830 2456 895 2518 in
942 2474 1014 2517 eo
1063 2460 1252 2533 statu,
1311 2456 1750 2537 undecumque

239 2548 383 2627 juste
410 2549 505 2609 vel
558 2550 792 2627 injuste
847 2551 1044 2610 status
1091 2549 1196 2609 ille
1227 2548 1607 2627 provenerit.
1669 2553 1752 2612 At

244 2660 370 2702 vero
396 2642 523 2720 ipse
572 2641 824 2705 debitor
851 2659 975 2701 non
1009 2644 1215 2720 potest
1243 2660 1316 2701 eo
1346 2642 1526 2704 titulo
1554 2643 1751 2704 mino·

243 2734 315 2795 ris
340 2753 536 2797 emere
569 2754 584 2795 ε
640 2736 789 2816 quia
819 2735 951 2814 ipse
980 2754 1055 2796 ex
1077 2733 1324 2813 justitia
1352 2737 1601 2798 tenetur
1629 2740 1749 2798 sta-

244 2831 358 2891 tum
392 2828 560 2891 illum
593 2829 866 2904 auferre,
919 2831 979 2889 et
1010 2830 1232 2889 offerre
1280 2847 1346 2889 se
1388 2832 1749 2908 promptum

242 2921 311 2982 ad
334 2921 693 2983 solvendum
723 2920 1005 2983 debitum
1033 2920 1185 2985 illud
1205 2966 1221 2997 ‚
1273 2926 1460 3001 atque
1488 2922 1630 2985 ideo
1661 2923 1749 2984 fa-

244 3032 363 3074 cere
390 3013 551 3092 quod
568 3014 750 3079 valor
769 3015 904 3093 eius
917 3013 1125 3074 minor
1148 3032 1272 3075 non
1298 3014 1376 3076 sit
1408 3035 1421 3076 ε
1455 3034 1580 3076 non
1597 3033 1746 3094 ergo

242 3110 424 3185 potest
448 3108 655 3169 minus
704 3108 930 3169 offerre
978 3110 1232 3185 propter
1270 3106 1750 3169 diminutionem

243 3200 444 3262 valoris
471 3220 660 3282 quam
681 3202 816 3280 ipse
846 3201 1177 3280 exjustitia
1198 3200 1443 3262 auferre
1472 3205 1742 3280 tenetur,

243 3297 301 3354 ιιι
323 3293 575 3356 creditor
603 3312 790 3356 suum
818 3293 1098 3354 debitum
1118 3292 1432 3371 integrum
1458 3295 1741 3376 recipiat,

243 3391 302 3447 ut
322 3406 450 3448 cum
473 3387 606 3448 aliis
636 3387 864 3466 probat
889 3387 1135 3448 Lessius
1169 3405 1231 3449 n.
1257 3389 1355 3449 70.
1390 3406 1464 3448 ex
1485 3407 1608 3467 quo
1639 3406 1746 3466 pa·

245 3481 319 3539 tet
340 3480 413 3540 ad
441 3480 917 3542 fundamentum
945 3479 1273 3542 contrariae
1304 3482 1649 3544 sententiae.

310 3571 473 3634 Addo
502 3573 784 3649 ulterius,
843 3573 989 3635 licet
1017 3573 1270 3651 quando
1321 3573 1477 3636 alius
1523 3575 1747 3637 tertius

245 3666 374 3726 emit
399 3666 616 3727 minori
663 3666 865 3746 pretio
898 3666 1181 3728 debitum
1230 3666 1537 3747 liquidum
1567 3672 1629 3730 et
1655 3668 1748 3729 fa-

246 3757 363 3834 cile,
393 3759 726 3822 dixerimus
755 3778 882 3821 non
903 3760 1293 3822 intercedere
1322 3779 1599 3838 usuram,
1634 3762 1744 3822 sed

244 3851 508 3929 injustam
553 3853 972 3932 emptionem;
1035 3853 1284 3933 quando
1343 3857 1555 3916 tamen
1611 3854 1743 3932 ipse

247 3944 462 4007 debitor
486 3947 746 4008 minoris
776 3950 1014 4007 emeret
1054 3945 1335 4006 debitum
1364 3965 1403 4006 a
1444 3964 1509 4008 se
1539 3947 1603 4008 in
1633 3966 1747 4025 po-

245 4041 450 4100 sterum
476 4039 867 4116 solvendum,
916 4038 1241 4101 fatendum
1271 4058 1404 4101 esse
1447 4040 1615 4119 quod
1646 4040 1740 4101 in-

247 4132 494 4194 tercedat
517 4151 731 4196 usura.
784 4131 965 4194 Ratio
996 4135 1206 4196 autem
1237 4135 1351 4208 est,
1387 4132 1536 4211 quia
1566 4134 1740 4196 debi-

246 4227 329 4284 tor
352 4244 502 4286 nunc
530 4226 684 4288 emit
727 4244 766 4288 a
794 4225 1102 4288 creditore
1134 4243 1257 4286 non
1302 4226 1502 4288 solum
1526 4225 1630 4305 jus
1662 4229 1742 4288 ad

247 4316 516 4395 debitum,
563 4319 675 4380 sed
723 4319 1020 4399 pecunias
1048 4317 1214 4396 ipsas
1244 4318 1298 4379 ei
1338 4322 1480 4397 post
1505 4337 1742 4381 annum

247 4410 562 4491 solvendas,
614 4417 680 4474 et
706 4413 820 4473 has
849 4411 1000 4474 emit
1045 4410 1273 4472 minori
1311 4430 1557 4473 summa
1586 4431 1742 4491 prae-

247 4504 401 4580 senti,
446 4523 555 4584 pro
601 4525 729 4585 qua
775 4504 1048 4566 creditor
1080 4523 1155 4565 ex
1201 4523 1366 4566 nunc
1400 4506 1736 4585 condonat,

247 4613 339 4655 seu
371 4598 553 4660 donat
576 4599 664 4661 illi
693 4617 1004 4660 summam
1026 4599 1329 4676 majorem
1348 4602 1489 4677 post
1505 4617 1741 4660 annum

247 4685 593 4766 habendam3
628 4693 985 4755 condonare
1012 4691 1177 4754 enim
1206 4691 1293 4751 illi
1325 4695 1460 4754 100.
1495 4711 1607 4770 pro
1636 4696 1735 4755 90.

249 4785 646 4867 praesentihus,¹
693 4785 847 4847 nihil
877 4785 1048 4846 aliud
1093 4789 1207 4856 est,
1262 4802 1451 4864 quam
1493 4804 1607 4863 pro
1636 4788 1733 4848 90.

252 4872 378 4934 dare
419 4896 490 4938 ex
533 4897 698 4942 nunc
753 4879 1023 4941 debitori
1079 4881 1215 4940 100.
1274 4882 1416 4958 post
1469 4897 1736 4953 annum;

252 4984 369 5044 qum
395 4978 480 5032 est
503 4992 713 5049 usura,
749 4978 812 5035 et
835 4974 926 5035 ita
941 4972 1234 5033 videntur
1252 4991 1603 5050 supponere
1633 4992 1742 5034 au-

253 5063 425 5121 ctores
453 5064 616 5127 citati
643 5084 755 5144 pro
786 5065 904 5126 hac
934 5066 1261 5125 sententia.
1297 5066 1388 5125 Ex
1415 5065 1614 5127 dictis.

321 5153 503 5215 Infero
551 5159 789 5238 primo,
851 5177 1113 5237 peccare
1170 5162 1387 5220 contra
1435 5158 1742 5238 justitiam

137 5270 176 5312 ,ὴ
253 5252 551 5320 quaestores
579 5251 881 5331 publicos,
915 5256 978 5312 et
1003 5252 1318 5314 ministros
1348 5252 1572 5330 regiOS,
1608 5253 1742 5332 qui-

117 5325 175 5382 tris

117 5487 163 5523 ίιο

252 5333 351 5415 bus
373 5338 661 5404 incumbit
688 5345 964 5422 recipere
987 5346 1284 5423 pecunias
1312 5346 1500 5423 regie,
1536 5351 1597 5406 et
1625 5346 1740 5405 sol-

116 5433 216 5490 !100‘5
254 5445 378 5490 vere
402 5436 576 5496 etiam
595 5438 764 5516 regis
794 5438 1226 5514 oreditoribus,
1262 5439 1513 5517 quando
1544 5438 1622 5498 ab
1653 5439 1742 5499 eis

116 5533 204 5581 aa.
257 5529 442 5588 emunt
463 5527 668 5592 debita
693 5529 800 5590 illa
826 5531 1051 5594 minori
1082 5531 1307 5610 pretio,
1341 5535 1404 5593 et
1426 5549 1502 5594 ea
1526 5534 1747 5612 postea

3278 328 3392 388 205

1858 502 2104 581 integra
2131 504 2442 583 recipiunt
2468 522 2505 564 a
2534 522 2683 583 rege
2716 522 2730 564 ε
2766 502 2914 583 quia
2941 502 3102 565 sicut
3127 521 3237 565 rex
3266 521 3393 565 non

1859 601 2069 676 posset
2095 597 2352 659 minoris
2381 615 2610 675 emere,
2644 597 2730 659 ita
2752 615 2951 676 neque
2971 597 3239 659 ministri
3259 596 3393 676 ejus

1858 694 2138 768 possunt,
2173 690 2277 769 qui
2306 690 2442 752 loco
2472 690 2639 768 regis
2670 689 2884 751 debita
2913 707 2987 750 ea
3014 690 3257 751 solvere
3287 691 3392 750 de-

1857 782 2028 859 bent,
2080 787 2151 844 ut
2180 787 2438 845 noteant
2465 784 2698 846 Melina
2738 782 2898 862 disp.
2931 785 3070 844 313.
3124 786 3186 844 et
3214 784 3393 845 Salas

1860 873 1937 934 de
1986 873 2190 935 usuris
2235 876 2384 936 dub.
2435 892 2606 939 xxv1.
2668 876 2799 949 Quo
2850 875 3039 937 etiam
3094 877 3386 954 pertinet,

1860 969 2028 1047 quod
2060 968 2139 1030 de
2188 969 2499 1049 aliquibus
2534 968 2806 1032 advertit
2849 968 3019 1032 idem
3044 969 3277 1031 Molina
3302 969 3389 1030 ibi

1857 1061 1912 1139 ἓ.
1947 1060 2156 1123 Solent
2175 1070 2485 1142 proeterea,
2517 1079 2743 1141 nempe
2771 1061 3088 1123 ministros
3116 1061 3253 1123 illos
3280 1061 3392 1123 ali-

1859 1154 2108 1232 quando
2139 1173 2405 1233 suggere
2435 1155 2637 1216 amico
2686 1158 2757 1216 ut
2783 1158 2952 1216 emat
2987 1154 3214 1215 minori
3242 1172 3391 1233 pre-

1858 1248 1942 1308 tio
1972 1247 2186 1309 debita
2211 1248 2319 1310 illa
2341 1250 2509 1327 regis
2553 1267 2590 1309 a
2620 1247 3055 1322 creditoribus,
3108 1267 3248 1329 quse
3277 1267 3389 1328 po-

1855 1343 1987 1401 stea
2022 1340 2270 1419 integra
2314 1341 2578 1421 emptori
2629 1342 2954 1403 solvuntur
2997 1360 3036 1403 a
3076 1341 3383 1418 ministm,

1854 1433 2051 1493 diviso
2079 1434 2243 1496 inter
2269 1438 2604 1515 utrumque
2632 1435 2806 1496 lucro
2835 1435 3000 1496 illius
3028 1433 3381 1513 emptioniS,

1854 1526 2022 1606 quod
2049 1527 2271 1589 merito
2328 1532 2400 1590 ut
2443 1527 2748 1606 injustum
2805 1532 2868 1591 et
2921 1525 3385 1607 iniquissimum

1853 1619 2156 1682 damnant
2182 1621 2466 1699 praedicti
2495 1625 2803 1683 auctores,

1933 1714 2140 1776 Infero
2171 1714 2470 1790 secundo,
2520 1714 2671 1794 quid
2701 1712 3036 1775 dicendum
3063 1711 3144 1774 sit
3170 1711 3249 1773 de
3276 1712 3382 1773 illo

3532 1709 3647 1773 103

1853 1806 1973 1867 alio
2004 1825 2153 1868 casu
2173 1852 2188 1883 ,
2224 1826 2411 1886 quem
2434 1807 2759 1886 subjungit
2784 1806 3016 1869 Molina
3061 1805 3169 1866 ibi.
3221 1807 3383 1868 Con·
3431 1837 3535 1890 Quid
3564 1838 3617 1881 d„
3642 1837 3729 1881 illis

1850 1899 2110 1976 ducunt,
2144 1899 2367 1980 inquit,
2401 1906 2785 1963 mercatores
2806 1899 3143 1978 aliquando
3166 1918 3203 1959 a
3231 1918 3381 1978 rege

3449 1893 3517 1946 qui
3537 1897 3711 1933 contra-

3429 1950 3455 1975 ·‘·
3473 1947 3572 1986 hunt
3593 1957 3687 1987 cum

1850 1996 2094 2071 partem
2124 1994 2484 2055 commercii
2513 1993 2744 2069 Indici,
2778 2012 2852 2053 ea
2879 1994 3018 2071 lege
3048 1992 3202 2056 utin
3232 2011 3377 2072 par·
3430 2010 3547 2051 rese.
3571 2004 3611 2041 et
3630 1998 3729 2041 ⁸0¹-

3429 2057 3528 2094 vunt
3537 2064 3730 2107 compen·

1849 2091 1976 2149 tem
2007 2085 2187 2165 pretii
2214 2087 2496 2148 solvendi
2523 2087 2658 2165 regi
2688 2105 2800 2165 pro
2832 2084 3247 2147 conductione
3278 2104 3382 2146 ac-
3431 2106 3557 2148 undo
3576 2106 3728 2149 iisde-

3449 2159 3547 2201 bitis
3561 2160 3709 2202 minori

1849 2180 2040 2258 cipiet
2068 2179 2302 2256 debita,
2337 2198 2477 2260 quae
2507 2181 2639 2259 ipse
2668 2198 2778 2239 rex
2806 2179 2942 2239 aliis
2971 2179 3383 2241 creditoribus
3430 2214 3564 2268 pactio
3580 2212 3728 2270 mvn.

1849 2272 2056 2337 debet.
2104 2275 2279 2334 Tunc
2326 2273 2741 2334 conductores
2793 2272 2882 2332 illi
2909 2275 3126 2333 emunt
3152 2290 3190 2332 a
3220 2272 3385 2333 mul-

1845 2366 1925 2428 tis
1957 2366 2169 2429 debita
2210 2366 2386 2446 regia
2426 2365 2657 2426 minori
2698 2365 2935 2444 preti0,
2981 2383 3121 2444 quae
3169 2369 3382 2427 tamen

1846 2458 1965 2536 ipsi
1993 2458 2238 2537 integra
2278 2477 2317 2519 a
2358 2475 2507 2536 rege
2544 2458 2891 2536 recipiunt,
2953 2458 3379 2536 computando

1848 2570 1923 2612 ea
1972 2552 2039 2611 in
2069 2555 2314 2630 partem
2369 2552 2551 2631 pretii
2600 2551 3034 2612 conductionis
3081 2550 3214 2629 regi
3258 2551 3380 2611 sol-

1844 2643 2068 2720 vendi,
2104 2648 2167 2705 et
2193 2662 2493 2722 magnam
2523 2649 2768 2723 partem
2795 2643 3119 2705 lucrantur
3142 2689 3158 2719 ,
3211 2644 3378 2722 quod

1846 2740 1914 2797 ut
1938 2736 2225 2817 iniquum
2256 2736 2559 2798 damnant
2586 2736 2857 2813 Melina,
2911 2740 2973 2799 et
3021 2735 3198 2798 Salas
3239 2737 3376 2798 loco

1846 2830 1951 2892 cit.

1926 2924 2258 2998 Caeterum,
2290 2922 2437 2983 licet
2457 2921 2577 2983 hoc
2597 2920 2886 2984 ultimum
2913 2922 3191 2985 remedio
3220 2922 3379 2984 indi-

1844 3020 1992 3094 geat
2010 3062 2025 3092 ,
2070 3021 2134 3078 et
2160 3035 2269 3076 rex
2301 3015 2529 3077 debeat
2555 3015 2886 3094 providere
2930 3019 2998 3076 ut
3027 3016 3153 3077 suis
3181 3016 3378 3077 credi-

1843 3109 2083 3171 toribus
2111 3108 2292 3168 facile
2324 3111 2385 3169 et
2411 3108 2653 3185 integre
2685 3108 2993 3186 solvatur,
3041 3128 3120 3170 ne
3149 3110 3268 3188 ipsi
3295 3110 3376 3171 ad

1843 3202 2131 3265 vitandas
2151 3202 2468 3263 molestias
2489 3204 2795 3278 cogantur
2807 3205 3048 3280 partem
3065 3203 3372 3281 amittere,

1842 3300 1912 3357 ut
1938 3295 2174 3375 aliquid
2202 3298 2577 3375 recuperent
2603 3313 2616 3356 ε
2651 3298 2854 3356 stante
2876 3299 3089 3355 tamen
3111 3296 3375 3357 difficul-

1841 3393 1967 3450 tate
1995 3388 2100 3448 illa
2126 3388 2473 3466 recipiendi
2497 3406 2609 3447 sua
2632 3387 2866 3462 debita,
2902 3388 3081 3467 cujus
3104 3389 3369 3450 difficul-

1841 3482 1987 3543 tatis
2015 3484 2397 3540 mercatores
2427 3480 2513 3539 illi
2546 3497 2668 3539 non
2698 3483 2845 3540 sunt
2873 3498 3062 3540 causa
3083 3527 3097 3556 ,
3132 3482 3246 3541 sed
3274 3483 3374 3542 vel

1843 3574 2107 3636 ministri
2136 3574 2304 3652 regis
2353 3572 2460 3653 qui
2500 3591 2626 3633 non
2669 3572 2954 3650 solvunt,
3005 3574 3375 3653 veltempo-

1843 3688 1984 3729 rum
2012 3667 2338 3729 calamitas
2382 3670 2444 3728 et
2482 3666 2800 3728 redituum
2843 3665 3375 3744 regiorumdefe-

1843 3765 1997 3838 ctus»,
2031 3778 2159 3821 non
2188 3759 2371 3822 video
2410 3779 2521 3821 cur
2549 3759 2892 3821 damnandi
2919 3760 3044 3823 sint
3071 3765 3372 3822 mercato·

1842 3874 1942 3916 res
1971 3854 2060 3916 illi
2079 3858 2380 3934 tanquam
2407 3851 2617 3931 injusti
2648 3855 2709 3912 in
2733 3853 3070 3931 emptione,
3102 3858 3214 3914 aut
3230 3872 3373 3914 con-

1843 3952 2049 4010 tractu
2078 3947 2182 4007 illo
2218 3967 2231 4007 :
2270 3946 2431 4007 unde
2478 3945 2725 4007 Lessius
2755 3945 2907 4010 dub.
2939 3963 3024 4008 lx.
3061 3965 3233 4009 num.
3266 3951 3366 4011 75.

1843 4057 2199 4121 supponere
2228 4039 2513 4114 videtur,
2548 4039 2719 4118 quod
2747 4038 2811 4099 id
2839 4039 3005 4101 licite
3032 4041 3176 4117 fiat,
3227 4060 3374 4121 pro·

1840 4135 2045 4216 posita
2091 4133 2259 4195 enim
2300 4132 2612 4194 sententia
2667 4132 2914 4194 dicente
2933 4179 2949 4209 ,
3008 4152 3134 4194 non
3188 4153 3370 4214 posse

1842 4227 2266 4307 chirographa
2294 4245 2404 4287 seu
2432 4225 2773 4286 librancias
2803 4227 2927 4287 emi
2949 4227 3211 4288 dimidio
3231 4247 3368 4306 pre-

1839 4322 1925 4383 tio
1955 4325 2213 4401 propter
2253 4320 2570 4380 difficilem
2610 4318 2983 4380 solutionem
3031 4320 3110 4381 ab
3158 4339 3232 4381 eo
3264 4321 3371 4401 qui

1840 4415 2020 4475 facile
2050 4413 2377 4489 obtinebit,
2413 4416 2474 4473 et
2502 4412 2638 4492 ejus
2664 4411 3079 4474 fundamento
3105 4458 3121 4489 ,
3172 4413 3374 4493 subji-

1841 4509 1926 4569 cit
1959 4527 1971 4568 :
2016 4528 2043 4563 «
2071 4505 2165 4569 Ob
2194 4506 2313 4566 hoc
2357 4509 2795 4583 argumentum
2838 4506 3093 4584 quidam
3121 4511 3365 4585 putant,

1840 4619 1967 4661 non
1996 4617 2179 4678 posse
2216 4598 2549 4659 librancias
2597 4597 2898 4659 militares
2938 4617 2978 4659 a
3005 4601 3371 4662 mereatori-

1839 4693 1980 4769 bus»,
2016 4691 2120 4771 qui
2149 4709 2291 4751 cum
2321 4709 2469 4768 rege
2499 4689 2911 4767 contrahunt,
2960 4691 3219 4753 minoris
3247 4693 3372 4753 emi

1844 4787 2088 4867 (saltem
2117 4782 2508 4862 notabiliter)
2557 4802 2745 4864 quam
2774 4785 3171 4859 contineant;
3223 4785 3371 4865 quia

1841 4878 1997 4940 certi
2026 4882 2170 4938 sunt
2199 4876 2460 4955 integrae
2503 4875 2861 4953 solutionis,
2914 4877 3102 4957 idque
3132 4877 3369 4957 absque

1842 4972 2248 5043 difficultate3
2281 4992 2309 5028 ι)
2350 4975 2412 5032 et
2439 4970 2651 5032 statim
2682 4970 2890 5031 addit:
2933 4991 2961 5026 «
2988 4970 3098 5031 sed
3126 4974 3370 5031 contra-

1843 5066 1935 5126 ria
1964 5064 2274 5125 sententia
2304 5067 2398 5125 est
2424 5062 2765 5141 probabilis
2791 5107 2807 5137 ,
2859 5066 2921 5123 et
2946 5062 3155 5123 verior
3179 5108 3195 5139 ,
3243 5067 3362 5124 etc.

1841 5161 1921 5221 Et
1948 5158 2203 5238 quidem
2235 5175 2377 5217 cum
2407 5156 2525 5236 ipsi
2552 5155 2786 5215 Melina
2812 5158 2875 5215 et
2911 5155 3086 5215 Salas
3117 5155 3252 5215 aliis
3280 5156 3367 5216 lo-

1843 5252 1952 5329 ciS,
1986 5255 2057 5311 ut
2083 5268 2275 5327 supra
2298 5248 2569 5308 vidimus
2589 5292 2604 5323 ‚
2638 5246 2972 5307 admittant
2998 5265 3179 5324 posse
3199 5247 3366 5325 juste

1843 5344 1963 5405 emi
1996 5342 2302 5422 ejusmodi
2333 5341 2545 5402 debita
2587 5338 2811 5400 minori
2842 5338 3043 5418 pretio
3093 5338 3172 5399 ob
3202 5340 3365 5400 diffi-

1843 5438 2025 5499 cilem
2053 5437 2430 5498 solutionem
2454 5481 2470 5511 ,
2521 5432 2712 5494 etiam
2756 5433 2836 5494 ab
2876 5451 2950 5493 eo
2982 5432 3082 5493 cui
3112 5432 3192 5493 ob
3218 5434 3370 5494 affe-

1845 5536 2015 5594 ctum
2057 5529 2421 5592 officialium
2474 5527 2673 5589 tacilis
2725 5526 2882 5598 erit;
2934 5525 3102 5588 idem
3149 5543 3369 5588 conse—
