4263 6376
1265 391 1735 453 DISPUTATIO
1781 389 2055 464 XXXVI,
2105 389 2379 451 SECTIO
2424 390 2527 450 lx.

74 580 264 675 ..mni
305 559 605 637 tribuere,
639 561 778 639 cogi
810 563 1048 640 possint
1065 565 1443 628 reluctantes
1472 586 1508 627 a
1530 568 1836 645 potestate

74 634 264 731 '‘ssgffl‘
307 653 626 727 saeculari,
690 672 769 713 an
800 656 1001 715 solum
1043 675 1080 716 a
1121 676 1234 718 suo
1264 660 1520 739 praelato
1551 660 1837 721 ecclesia-

75 5408 147 5478 32

305 745 480 820 stico,
527 746 657 805 sive
686 747 949 824 gabellae
972 750 1287 812 solvendae
1328 751 1452 813 sint
1494 752 1572 813 ob
1605 752 1836 814 utilita-

302 841 429 898 tem
449 885 464 913 ,
499 839 632 898 sive
662 839 741 899 oh
771 842 1208 903 necessitatem
1237 850 1718 907 concernentem
1750 845 1838 905 di-

303 936 470 991 recte
492 933 557 992 et
575 931 960 1011 immediate,
992 934 1122 994 sive
1147 938 1351 998 solum
1376 938 1648 999 mediate
1671 938 1838 1017 ipsos

303 1023 595 1085 clericos?
649 1025 858 1085 Prima
911 1030 1222 1091 sententia
1276 1032 1548 1093 affirmat
1579 1078 1594 1109 ,
1655 1049 1838 1110 posse

303 1117 581 1178 coerceri
609 1136 641 1177 a
666 1118 881 1197 judice
910 1120 1090 1182 laico.
1142 1123 1235 1182 lta
1270 1123 1498 1185 docent
1523 1124 1834 1199 AzevedO,

302 1210 675 1287 Avendano,
702 1211 1108 1290 GuillielmuS,
1152 1220 1214 1275 et
1233 1216 1456 1291 Mexia‚
1485 1234 1640 1296 quos
1662 1218 1840 1277 affert

305 1303 590 1364 Sanchez
621 1305 767 1366 dict.
804 1305 954 1367 dub.
990 1322 1085 1367 ιν.
1139 1325 1277 1387 cap.
1309 1313 1368 1371 8.
1402 1309 1553 1370 item
1580 1309 1832 1385 Baldus,

303 1395 573 1472 OlanuS,
626 1398 922 1459 Richard.
975 1402 1263 1479 Quesapa
1283 1449 1297 1478 ‚
1341 1402 1579 1477 AvileS‚
1641 1406 1704 1462 et
1731 1402 1832 1461 alii

301 1489 471 1567 apud
503 1489 796 1551 eumdem
828 1492 1057 1553 Sanch.
1093 1512 1264 1555 nuru.
1298 1498 1396 1556 30.
1431 1496 1583 1556 Item
1617 1495 1837 1571 Salga-

301 1581 404 1656 do,
437 1584 720 1659 Lasarte,
756 1588 818 1643 et
846 1585 1070 1645 Coriol.
1105 1586 1272 1665 apud
1303 1587 1566 1647 Dianam
1599 1589 1644 1648 1.
1680 1590 1832 1648 tom.

300 1677 482 1736 tract.
522 1691 590 1735 11.
644 1675 715 1735 de
741 1676 1030 1738 immunit.
1092 1680 1277 1740 resol.
1311 1683 1410 1741 41.
1472 1682 1577 1760 qui
1625 1684 1834 1741 tamen

300 1766 540 1844 dicunt,
568 1768 849 1847 ,iudicem
868 1768 1098 1830 laicum
1131 1790 1254 1832 non
1287 1792 1468 1851 posse
1497 1773 1837 1851 procedere

299 1857 359 1918 in
390 1878 468 1919 eo
499 1879 647 1921 casu
680 1866 898 1922 contra
925 1881 1282 1941 personam,
1319 1865 1428 1925 sed
1460 1866 1663 1925 solum
1695 1884 1840 1925 con·

297 1958 393 2013 tra
422 1952 593 2014 hona
621 1954 853 2014 cleriei.

374 2047 708 2107 Contraria
735 2048 1044 2109 sententia
1073 2052 1166 2109 est
1187 2050 1440 2110 omnino
1461 2070 1632 2126 vera,
1670 2052 1838 2130 quod

297 2139 466 2199 solus
539 2140 828 2218 superior
883 2141 1340 2203 ecclesiasticus
1411 2144 1643 2204 habeat
1710 2146 1836 2204 vim

296 2233 725 2309 coercitivam,
758 2233 838 2293 ad
869 2252 1137 2314 eumque
1169 2236 1620 2296 recurrendum
1642 2237 1745 2311 sit,
1769 2242 1839 2297 ut

297 2325 559 2385 clericos
589 2329 775 2405 cogat
803 2327 880 2385 ad
911 2327 1280 2388 solvendum
1308 2329 1636 2404 tributum,
1672 2329 1833 2390 sicut

295 2416 356 2476 in
387 2418 686 2478 omnihus
730 2420 865 2479 aliis
910 2419 1137 2481 debitis
1168 2440 1381 2482 coram
1425 2441 1536 2483 suo
1576 2422 1835 2501 praelato

294 2510 487 2572 debet
517 2511 779 2571 clericus
810 2512 1153 2573 conveniri.
1180 2516 1354 2574 Hanc
1374 2519 1589 2574 tenent
1607 2515 1836 2575 Paulus

294 2603 371 2663 de
403 2606 606 2664 Castr.
661 2605 923 2667 Guttier.
979 2605 1225 2668 Silvest.
1261 2607 1484 2686 Angel.
1538 2610 1830 2668 Panorm.

291 2698 454 2759 Lud.
487 2699 644 2775 Lop.
681 2696 848 2775 apud
881 2697 1110 2759 Sanch.
1143 2698 1251 2758 ubi
1279 2718 1470 2778 supra
1497 2721 1557 2760 n.
1587 2706 1645 2761 9.
1681 2702 1836 2760 Item

291 2789 508 2867 glossa
538 2788 811 2849 Anchar.
846 2791 1059 2851 Innoc.
1094 2790 1272 2851 Bald.
1301 2792 1508 2869 Gigas,
1545 2792 1837 2871 Specula-

293 2886 411 2942 tor.
449 2884 638 2961 Greg.
673 2884 829 2961 Lop.
864 2883 1175 2943 HostienS.
1213 2885 1498 2960 Pelium,
1542 2886 1730 2964 Ripa,
1775 2890 1837 2947 et

292 2974 398 3033 alii
419 2974 676 3053 plurimi
707 2993 864 3054 quos
881 2976 1073 3036 refert
1100 2980 1162 3038 et
1181 2978 1464 3056 sequitur
1491 2978 1655 3037 idem
1680 2979 1831 3039 San-

290 3067 448 3128 chez
481 3085 654 3127 num.
681 3070 780 3128 31.
815 3068 922 3147 qui
952 3088 1125 3130 num.
1150 3074 1248 3131 32.
1286 3070 1478 3145 addit,
1513 3071 1565 3131 si
1594 3072 1829 3150 episco-

290 3178 410 3241 pus
443 3165 702 3238 renuat,
759 3161 1202 3240 appellandum
1244 3180 1379 3223 esse
1427 3164 1506 3224 ad
1551 3164 1827 3244 superio-

288 3271 427 3316 rem
458 3255 975 3331 ecclesiasticum,
1010 3261 1079 3317 ut
1108 3256 1334 3319 docent
1363 3258 1670 3334 Gutierez,
1708 3257 1826 3318 Sil-

287 3354 524 3424 vester,
555 3348 856 3426 AngeluS,
893 3350 1409 3427 PanormitanuS,
1465 3355 1528 3412 et
1553 3349 1827 3411 Ludovi-

287 3453 402 3502 eus
443 3443 651 3520 Lopez
679 3440 764 3500 ibi
794 3440 1082 3518 adducti,
1129 3443 1417 3503 eamdem
1448 3444 1822 3504 sententiam

285 3538 511 3597 tenent
537 3533 889 3612 AnguianO,
925 3536 1384 3597 etBartholom.
1420 3556 1455 3596 a
1479 3538 1540 3598 S.
1569 3539 1820 3614 FaustO,

287 3637 451 3708 quos
481 3627 663 3688 affert
692 3629 753 3687 et
780 3629 1063 3706 sequitur
1081 3629 1278 3688 Diana
1309 3630 1477 3690 dicta
1502 3630 1688 3691 resol.
1720 3633 1819 3691 41.

287 3721 444 3795 Quae
476 3720 785 3780 sententia
821 3720 1212 3798 approbatur
1249 3721 1310 3781 in
1352 3722 1491 3800 lege
1522 3723 1820 3801 Hispana,

285 3832 433 3893 quae
479 3817 574 3874 est
607 3812 705 3871 lex
734 3813 888 3873 LIV.
931 3812 1025 3874 tit.
1060 3829 1147 3875 vl.
1195 3814 1427 3893 partita
1458 3818 1514 3876 l.
1568 3819 1630 3876 et
1658 3815 1826 3895 quod

283 3908 430 3986 plus
461 3904 686 3980 refert,
749 3904 834 3982 ita
876 3906 1239 3984 praecipitur
1267 3907 1405 3985 lege
1433 3909 1734 3969 canonica
1762 3909 1825 3968 in

283 3999 457 4060 dicto
490 4016 627 4077 cap.
663 3996 798 4057 Non
818 3998 1025 4075 mz‘rius,
1059 4004 1122 4060 et
1149 4000 1314 4061 dicto
1338 4018 1474 4080 cap.
1501 4000 1821 4077 AdversuS,

281 4091 356 4152 de
384 4091 674 4152 t'mmum't.
695 4090 888 4153 eccles,
924 4093 1106 4154 Ratio
1130 4098 1224 4154 est
1243 4093 1429 4153 etiam
1454 4094 1643 4168 clara,
1679 4096 1826 4174 quia

282 4184 694 4246 ecclesiastici
717 4185 1094 4263 generaliter
1122 4186 1390 4265 exempti
1421 4192 1566 4248 sunt
1593 4206 1630 4247 a
1642 4188 1825 4267 juris-

281 4278 566 4339 dictione
595 4277 880 4337 saeculari
905 4324 921 4352 ,
974 4297 1094 4338 non
1146 4278 1346 4338 solum
1377 4279 1583 4360 quoad
1615 4299 1824 4359 perso-

280 4383 400 4432 nas
429 4370 542 4430 scd
574 4370 760 4430 etiam
792 4371 1000 4449 quoad
1028 4371 1195 4432 bona
1223 4391 1357 4448 sua,
1392 4391 1579 4451 super
1598 4372 1824 4451 quibus

279 4480 413 4525 non
463 4467 729 4543 possunt
774 4481 985 4523 coram
1007 4463 1223 4543 judice
1269 4464 1427 4525 laico
1477 4466 1818 4542 conveniri,

280 4557 384 4616 vel
417 4557 498 4616 ab
526 4571 600 4615 eo
632 4555 972 4632 molestari,
1006 4574 1082 4616 ne
1115 4575 1229 4635 per
1255 4576 1445 4617 unam
1475 4559 1644 4618 viam
1673 4576 1822 4620 con-

280 4649 553 4710 cedatur
572 4646 771 4727 judici
794 4694 809 4725 ‚
851 4648 1019 4726 quod
1050 4668 1165 4728 per
1194 4650 1383 4710 aliam
1412 4654 1713 4728 negatur,
1753 4655 1823 4712 ut

278 4742 517 4802 dicitur
543 4740 606 4800 in
636 4758 775 4819 cap.
802 4741 1009 4817 unic0,
1044 4741 1121 4801 de
1147 4741 1306 4802 Cler.
1337 4743 1632 4823 conjuqat.
1665 4743 1708 4804 l.
1730 4761 1815 4807 vi.

279 4833 586 4909 Quamvis
615 4851 766 4912 ergo
797 4834 1060 4894 clericus
1080 4834 1404 4915 delinquat
1433 4855 1556 4896 non
1578 4838 1819 4896 solven-

279 4929 365 4988 do
397 4927 703 4988 tributum
734 4926 901 5005 quod
933 4927 1122 4989 dehet
1143 4975 1157 5004 ,
1206 4947 1326 4988 non
1360 4934 1565 5006 potest
1593 4947 1820 4989 conve-

279 5021 403 5082 niri
432 5023 691 5098 propter
730 5019 851 5079 hoc
879 5019 1158 5080 debitum
1189 5025 1297 5082 aut
1325 5020 1618 5082 delictum
1640 5069 1655 5098 ,
1701 5023 1818 5082 nisi

278 5127 496 5175 eoram
540 5131 653 5172 suo
694 5112 972 5192 legitimo
996 5113 1209 5191 judice
1243 5133 1257 5174 ε
1310 5115 1592 5175 debitum
1623 5115 1812 5191 enim,

277 5208 381 5267 vel
413 5206 712 5267 delictum
761 5224 884 5266 non
934 5206 1042 5267 dat
1080 5205 1581 5285 jurisdictionem
1620 5209 1818 5269 credi-

277 5301 426 5376 tori,
459 5299 559 5359 vel
593 5298 648 5358 ei
679 5299 785 5378 qui
816 5297 1090 5359 offensus
1121 5303 1234 5360 est.

363 5395 569 5469 PeteS,
603 5409 685 5452 an
715 5390 883 5451 idem
909 5391 1245 5452 dicendum
1275 5392 1374 5470 sit,
1410 5395 1664 5473 quando
1693 5396 1817 5456 cle-

272 5487 450 5547 ricus
478 5504 550 5544 ex
583 5484 1006 5564 negotiatione
1036 5485 1223 5547 dehet
1247 5486 1571 5564 tributum,
1607 5489 1704 5550 vel
1734 5490 1815 5550 ob

275 5576 774 5657 negotiationem
803 5580 945 5656 post
972 5578 1200 5640 trinam
1229 5579 1639 5642 monitionem
1669 5597 1814 5644 con·

3352 388 3461 447 631

1938 566 2247 627 tinuatam
2315 566 2519 644 perdit
2588 563 3048 642 exemptionem
3115 580 3155 623 a
3220 561 3475 622 tributis
3547 578 3613 620 An
3587 589 3733 631 nuqua
3708 577 3790 620 udo

1941 659 2149 738 quoad
2180 658 2301 720 alia
2329 677 2442 720 sua
2468 659 2657 719 bona.
2708 659 3087 735 Supponunt
3122 654 3289 715 enim
3319 658 3476 715 tunc
3519 631 3625 727 „2⁶⁶
3626 630 3796 727 ἓξὲξ),

1938 770 2119 832 posse
2167 753 2333 813 bona
2381 770 2598 813 eorum
2626 750 2767 830 capi
2817 769 2854 810 a
2891 749 3111 829 judice
3154 747 3545 824 saeculari,
3518 696 3743 780 “fobanuo
3676 696 3814 792 ”eff

1939 844 2249 917 Azeved0‚
2311 845 2541 921 Mexia,
2601 849 2665 906 et
2690 847 2946 905 Lasarte
2984 841 3151 920 apud
3184 841 3467 903 Sanchez

1938 938 2046 998 ubi
2075 957 2264 1019 supra
2287 956 2458 998 num.
2484 941 2582 999 30.
2614 938 2675 997 in
2701 940 2759 998 3.
2794 939 3147 1014 argument.
3184 934 3311 995 Sed
3338 951 3467 994 me-

1937 1031 2056 1091 lius
2085 1031 2226 1107 alii,
2271 1048 2429 1111 quos
2458 1030 2739 1112 sequitur
2765 1029 2931 1090 idem
2961 1027 3191 1091 Sanch.
3226 1046 3331 1088 nu.
3361 1030 3460 1088 31.

1937 1125 2000 1184 iu
2031 1124 2144 1185 sol.
2180 1140 2270 1185 111.
2309 1141 2552 1203 argum.
2587 1123 2648 1183 id
2678 1126 2931 1201 negant.
2975 1120 3272 1193 Quamvis
3302 1119 3467 1179 enim

1939 1216 2000 1276 in
2049 1235 2187 1295 cap.
2236 1217 2346 1277 ult.
2400 1216 2471 1276 de
2513 1216 2634 1276 vita
2670 1224 2725 1276 et
2751 1215 2968 1275 honest.
3007 1212 3164 1275 Ccer.
3223 1212 3470 1273 dicatur

1939 1328 2062 1370 non
2107 1328 2243 1369 esse
2286 1306 2716 1369 defendendos
2760 1308 2840 1368 ab
2884 1306 3177 1387 episcopo
3207 1305 3471 1365 clericos

1939 1402 2395 1481 negotiatores,
2449 1420 2527 1462 ne
2573 1401 2807 1464 tributa
2841 1402 3088 1460 solvant
3112 1398 3275 1459 sicut
3300 1396 3463 1473 laici,

1938 1496 2089 1556 etin
2129 1495 2173 1556 l.
2210 1496 2340 1557 vll.
2384 1495 2478 1555 tit.
2512 1511 2693 1555 xvm.
2744 1494 2853 1555 lib.
2886 1497 2946 1555 9.
3000 1510 3179 1553 novae
3208 1490 3464 1569 recopil.

1938 1588 2016 1647 de
2040 1588 2183 1667 jure
2206 1588 2480 1667 Hispano
2510 1588 2753 1648 dic-atur
2782 1606 2887 1648 eos
2906 1585 3107 1647 teneri
3127 1584 3205 1644 ad
3228 1583 3471 1645 solven-

1938 1680 2083 1740 dam
2112 1680 2455 1758 gabellan1;
2489 1680 2552 1740 in
2585 1685 2804 1741 neutro
2824 1684 3033 1740 tamen
3053 1678 3187 1738 loco
3218 1676 3463 1746 dicitur,

1930 1774 2208 1853 judicem
2264 1772 2629 1833 saecularem
2688 1773 2920 1832 habere
2966 1767 3469 1850 jurisdictionem

1937 1867 2017 1928 ad
2048 1867 2464 1927 coercendum
2493 1866 2820 1941 clericum,
2863 1865 2975 1925 sed
3002 1862 3063 1922 id
3095 1861 3471 1941 relinquitur

1938 1959 2330 2038 dispositioni
2378 1958 2537 2037 juris
2593 1958 2943 2019 communis
2966 2004 2980 2033 ,
3041 1974 3166 2035 qua
3207 1954 3471 2015 clericus

1938 2072 2128 2132 super
2155 2052 2259 2112 illo
2291 2052 2533 2127 debito,
2568 2051 2729 2112 sicut
2756 2069 2869 2129 pro
2900 2050 3067 2125 aliie,
3103 2047 3292 2108 debet
3319 2064 3470 2107 con-

1936 2146 2136 2206 veniri
2165 2145 2331 2224 apud
2360 2163 2543 2205 suum
2573 2145 2955 2223 episcopum,
2990 2143 3093 2222 qui
3127 2158 3251 2202 non
3281 2140 3469 2200 debet

1937 2257 2080 2299 eum
2112 2239 2449 2299 defendere
2474 2285 2488 2314 ,
2540 2238 2650 2297 sed
2680 2254 2906 2315 cogere
2949 2241 3020 2297 ut
3044 2235 3247 2295 solvat
3271 2233 3469 2294 tribu-

1936 2336 2070 2393 tum
2101 2331 2261 2391 sicut
2286 2330 2430 2390 laici
2459 2332 2729 2390 solvunt.

3560 790 3788 835 tiatimiem.

2387 2752 2810 2836 sEcho
2896 2752 3007 2839 lx.

1933 3057 2175 3134 (luendo
2204 3058 2423 3119 censeri
2438 3056 2637 3118 debeat
2664 3055 2946 3115 tributum
2976 3064 3178 3116 contra
3198 3054 3466 3115 immune·

2355 3171 2527 3225 tatem
2556 3161 3021 3224 eeclesiasticam.

2008 3432 2248 3510 Regula
2274 3430 2584 3509 generalis
2615 3434 2743 3507 est,
2784 3429 3072 3508 iniquum
3100 3446 3236 3489 esse
3264 3427 3461 3490 tribu·
3612 3430 3723 3491 133

1925 3529 2061 3587 tum
2089 3530 2153 3585 et
2179 3530 2396 3586 contra
2439 3524 2901 3586 immunitatem
2943 3523 3452 3600 ecclesiasticam,
3507 3547 3803 3609 Q„10„.11,„„

1928 3619 2182 3698 quando
2213 3617 2446 3679 directe
2476 3617 2574 3678 vel
2612 3618 2915 3679 indirecte
2953 3617 3154 3679 tendit
3194 3617 3277 3678 ad
3314 3634 3456 3721 gra·
3508 3615 3634 3706 Ιηᾛ
3637 3609 3806 3707 'goffi-

1931 3712 2168 3773 vandos
2206 3710 2679 3772 ecclesiasticos
2732 3712 2935 3783 Quare
2966 3709 3211 3789 quoties
3255 3709 3335 3769 ab
3364 3708 3452 3768 eis
3505 3716 3629 3760 iumm
3633 3717 3715 3760 nia*
3720 3721 3758 3760 te
3762 3730 3801 3760 m

1925 3806 2160 3886 petitur
2187 3804 2488 3866 tributum
2512 3849 2527 3879 ,
2588 3804 2718 3864 sive
2749 3822 2825 3863 ex
2853 3807 3175 3865 contractu
3224 3802 3354 3864 sive
3387 3821 3463 3861 cx

1928 3899 2351 3978 asportatione
2380 3898 2721 3974 mercium,
2778 3897 2910 3958 sive
2959 3917 3034 3958 ex
3076 3898 3199 3959 alia
3240 3913 3454 3972 cauea,

1927 4011 2052 4054 non
2084 3997 2181 4054 est
2207 3993 2499 4067 dubium,
2544 4009 2688 4051 cum
2718 4010 2791 4052 eo
2821 4009 2971 4052 casu
3002 3991 3240 4053 directe
3268 3990 3461 4050 laeda·

1926 4094 2029 4150 tur
2078 4087 2461 4162 immunitas,
2492 4086 2817 4164 gravando
2857 4085 3108 4147 tributis
3153 4102 3458 4164 personas

1926 4181 2414 4255 ecclesiasticae,
2475 4197 2615 4258 quae
2655 4179 2968 4239 immunes
3005 4182 3171 4239 sunt.
3226 4181 3457 4240 Totum

1925 4275 2188 4335 dubium
2220 4278 2316 4335 est
2341 4273 2418 4333 de
2448 4273 2754 4333 indirecto
2775 4271 3167 4350 gravamine,
3200 4272 3452 4350 quando

1923 4369 2301 4429 verificetur.
2363 4366 2572 4444 Aliqui
2625 4366 2792 4425 enim
2848 4365 3110 4426 nimium
3163 4363 3457 4425 videntur

1925 4462 2043 4523 hoc
2074 4460 2449 4535 extendere,
2494 4459 2581 4520 ita
2617 4464 2687 4521 ut
2727 4459 2776 4518 si
2807 4464 3191 4520 mercatores
3220 4458 3361 4518 laici
3390 4457 3457 4516 in

1923 4555 2058 4635 ipso
2086 4555 2370 4632 ingressu
2404 4553 2672 4614 civitatis
2706 4553 2963 4632 aliquod
3004 4552 3306 4614 tributum
3336 4551 3455 4613 sol-

1921 4653 2077 4710 vunt
2105 4667 2177 4708 ex
2210 4646 2525 4708 mercibus
2567 4664 2722 4726 quas
2752 4645 3116 4707 vendendas
3156 4648 3448 4721 afferunt,

1922 4742 2041 4802 hoc
2069 4741 2273 4820 ipsum
2302 4739 2384 4800 sit
2409 4739 2714 4799 indirecte
2742 4742 2960 4800 contra
2990 4739 3450 4800 immunitatem

1920 4834 2426 4909 ecclesiasticam,
2460 4851 2579 4912 qua
2590 4837 2769 4892 tenus
2796 4837 3177 4893 mercatores
3205 4832 3290 4892 illi
3313 4848 3451 4910 pro·

1919 4934 2059 5007 pter
2084 4928 2387 4989 tributum
2434 4927 2608 5005 prius
2636 4927 2908 4987 solutum
2930 4970 2946 5002 ,
2994 4925 3201 4986 carius
3230 4930 3451 5004 postea

1921 5022 2201 5082 vendunt
2239 5037 2517 5095 mercae,
2579 5023 2766 5099 atque
2805 5020 2949 5080 idco
2990 5019 3198 5079 clerici
3242 5018 3448 5079 carius

1921 5133 2027 5176 eas
2056 5119 2363 5195 cogantur
2391 5132 2621 5190 emere,
2654 5114 2823 5174 unde
2842 5114 2977 5192 jam
2993 5113 3288 5175 videntur
3312 5131 3449 5173 sen-

1917 5211 2034 5271 tire
2063 5226 2405 5288 gravamen
2454 5207 2669 5269 tributi
2712 5207 3007 5287 impositi.
3060 5209 3294 5268 Verum
3325 5206 3449 5268 hoc

1918 5303 2180 5364 nimium
2210 5302 2458 5363 videtur
2490 5321 2503 5362 :
2548 5318 2694 5362 nam
2736 5301 2855 5362 hoc
2890 5302 3079 5362 modo
3115 5301 3217 5364 vix
3252 5301 3446 5362 ullum

1918 5401 2081 5457 esset
2106 5395 2409 5456 tributum
2452 5395 2627 5455 laicis
2670 5394 3069 5473 impositum,
3117 5396 3285 5474 quod
3320 5414 3444 5457 non

1916 5495 2081 5551 esset
2135 5492 2353 5551 contra
2408 5487 2869 5549 immunitatem
2916 5488 3441 5563 ecclesiasticam3

1915 5582 2046 5644 sive
2076 5582 2328 5643 enimin
2347 5585 2542 5658 veste,
2576 5580 2789 5643 sivein
2810 5595 2995 5660 pane,
3030 5581 3161 5643 sive
3187 5583 3252 5643 in
3273 5584 3442 5662 vino,
