4263 6376
1148 371 1620 431 DISPUTATIO
1664 371 1853 444 xxv,
1903 345 2177 431 snc'rlo
2222 372 2324 431 xl.

199 548 701 631 sponteetabsque
717 542 1684 621 coactionecondonetinjuriam,

199 661 365 724 quam
390 659 506 701 non
536 639 851 699 condonat
876 637 1027 696 dum
1058 639 1309 696 coactus
1336 635 1520 696 solvit
1548 654 1688 695 usu-

196 753 332 797 ram.

263 828 473 899 Quarto
518 828 808 901 arguunt,
851 821 998 901 quia
1026 825 1250 881 natura
1278 839 1401 881 non
1432 820 1681 898 patitur,

196 924 254 981 ut
275 918 398 998 quis
432 935 501 975 ex
521 934 634 976 sua
662 914 986 993 iniquitate
1017 914 1420 973 commodum
1440 930 1582 972 cum
1605 910 1689 969 al-

194 1011 361 1074 terius
386 1008 751 1069 detrimento
776 1011 1072 1084 reportet,
1110 1011 1296 1083 prout
1315 1008 1685 1083 reportaret,

194 1105 238 1164 si
261 1103 630 1179 compararet
672 1117 880 1160 usurae
936 1098 1305 1158 dominium.
1366 1099 1458 1158 Ita
1485 1095 1692 1175 arguit

196 1195 345 1257 Salas
371 1211 532 1254 num.
566 1196 626 1254 5.
661 1193 726 1251 in
772 1191 1245 1251 confirmatione
1289 1188 1543 1249 secundi
1591 1207 1693 1247 ar-

193 1286 437 1363 gumenti
456 1284 838 1364 principalis
872 1286 1019 1345 Haec
1033 1289 1244 1345 tamen
1266 1281 1424 1342 ratio
1446 1282 1525 1340 ab
1555 1280 1688 1358 ipso

193 1377 459 1439 solvenda
487 1381 579 1437 est
600 1422 615 1452 ‚
673 1393 819 1436 cum
890 1374 1180 1435 mistione
1234 1374 1448 1451 iniqua
1501 1391 1690 1450 pecu—

193 1469 295 1530 niae
320 1468 606 1529 usurariae
637 1485 783 1528 cum
812 1485 924 1527 sua
953 1466 1120 1525 idem
1155 1465 1557 1525 commodum
1586 1482 1684 1523 re-

190 1565 370 1640 portet
397 1560 732 1620 usurariuS.
784 1559 894 1619 Illa
925 1576 1073 1636 ergo
1120 1557 1485 1637 propositio,
1520 1554 1691 1637 quod

190 1657 382 1713 natura
409 1670 526 1713 non
559 1652 796 1729 patitur
825 1652 1099 1730 aliquem
1115 1669 1190 1709 ex
1220 1668 1334 1710 sua
1363 1649 1688 1728 iniquitate

133 1734 138 1737 Δ
191 1745 551 1806 commodum
581 1747 929 1821 reportare,
951 1762 1100 1802 vera
1120 1747 1211 1803 est
1240 1742 1301 1801 in
1333 1742 1452 1801 hoc
1481 1760 1686 1815 sensu,

186 1836 330 1916 quod
380 1836 531 1896 ratio
590 1835 900 1896 naturalis
929 1835 991 1893 in
1022 1834 1142 1894 hoc
1181 1852 1305 1894 non
1349 1832 1686 1902 consentit;

189 1934 392 1989 certum
423 1933 627 1989 tamen
676 1931 773 1988 est
800 1928 1086 1987 eamdem
1118 1931 1404 1987 naturam
1431 1925 1692 1985 invitam

147 2052 152 2057 ·
188 2020 236 2081 id
253 2020 388 2099 pati,
420 2020 720 2099 quamdiu
750 2019 916 2079 enim
943 2019 1043 2079 fur
1070 2038 1137 2078 re
1158 2018 1389 2079 furtiva
1437 2017 1688 2093 fruitur,

185 2112 547 2173 commodum
604 2112 838 2190 accipit
884 2130 958 2170 ex
1003 2129 1118 2171 sua
1170 2110 1499 2189 iniquitate
1548 2128 1692 2169 cum

187 2204 393 2265 domini
443 2204 820 2264 detrimento
864 2219 878 2264 :
928 2209 1153 2265 natura
1189 2206 1402 2264 tamen
1465 2201 1695 2262 resistit

186 2296 485 2373 obligando
507 2296 588 2356 ad
616 2296 1091 2356 resarciendum
1120 2298 1318 2356 totum
1349 2294 1498 2354 illud
1519 2293 1686 2353 dam·

185 2406 331 2449 num.
365 2389 462 2450 Sic
491 2389 686 2450 etiam
721 2389 782 2448 in
832 2407 980 2449 casu
1026 2399 1237 2449 nostro
1284 2393 1504 2447 natura
1536 2386 1694 2445 resi—

184 2482 288 2556 stit,
341 2485 399 2542 et
424 2482 663 2560 obligat
705 2482 784 2541 ad
833 2480 1310 2560 relinquendum
1346 2477 1693 2538 dominium

184 2573 325 2652 quod
366 2573 590 2652 injuste
640 2574 966 2633 usurarius
996 2572 1327 2652 acquisivit
1361 2571 1450 2630 rei
1479 2588 1693 2630 usura-

182 2666 293 2728 riae.

248 2757 455 2830 Quinto
512 2761 813 2835 arguunt,
870 2755 1018 2835 quia
1071 2756 1122 2815 si
1192 2755 1512 2816 usurarius
1579 2755 1692 2815 fie-

182 2856 262 2909 ret
304 2849 586 2909 dominus
638 2848 736 2907 rei
786 2847 1086 2907 usurariae
1140 2851 1507 2926 sequeretur
1561 2864 1697 2906 cre·

181 2940 385 3002 ditores
453 2941 608 3001 alios
687 2940 1113 3017 privilegiatos
1133 2985 1148 3016 ,
1233 2940 1332 2999 vel
1389 2939 1697 3018 hypothe-

181 3032 354 3093 carios
414 3031 845 3112 praeferendos
930 3050 1063 3092 esse
1136 3032 1303 3092 circa
1383 3050 1484 3090 res
1559 3031 1697 3091 illas

183 3143 346 3185 usura
372 3124 739 3205 acquisitae,
771 3123 1020 3204 ipsimet
1047 3124 1426 3185 mutuatario
1457 3123 1560 3202 qui
1591 3141 1698 3182 eas

181 3217 344 3278 dedit.
379 3218 473 3278 Ad
503 3217 626 3278 hoc
656 3220 1104 3294 argumentum
1124 3216 1420 3294 respondi
1439 3217 1499 3276 d.
1525 3216 1688 3293 disp.

179 3309 380 3370 xx11.de
423 3309 821 3371 contractibus
865 3309 923 3368 in
968 3327 1175 3387 ρεπεν-ε
1192 3313 1343 3369 sect.
1378 3324 1490 3369 vn.
1524 3308 1586 3367 in
1616 3307 1699 3367 si-

181 3402 296 3462 mili
319 3403 392 3463 de
431 3401 785 3481 accipiente
829 3420 903 3460 ex
946 3403 1268 3462 contractu
1301 3405 1471 3461 metu
1503 3401 1691 3475 facte,

181 3494 439 3572 negando
482 3492 835 3572 sequelam,
870 3492 1018 3571 quia
1046 3491 1319 3552 resoluto
1358 3490 1499 3570 jure
1538 3492 1693 3552 dan·

180 3586 265 3661 tie,
295 3586 623 3648 resolvitur
643 3585 753 3663 jus
783 3584 1128 3662 acceptoris
1158 3583 1201 3644 1.
1238 3583 1315 3644 Si
1338 3602 1413 3644 ex
1456 3581 1693 3659 duobus,

179 3678 227 3755 ἓ.
256 3678 369 3739 Sed
402 3689 456 3739 et
484 3675 830 3749 Marcellus,
867 3677 928 3736 Π.
963 3675 1032 3736 de
1059 3676 1120 3735 in
1168 3674 1318 3736 diem
1353 3675 1694 3755 adjectione.

179 3771 312 3831 Cum
327 3789 472 3849 ergo
489 3769 915 3832 mutuatarius
934 3767 1166 3829 habeat
1175 3768 1281 3846 jus
1304 3767 1698 3828 rescindendi

179 3868 536 3924 contractum
565 3861 898 3938 injustum,
933 3863 995 3920 et
1022 3865 1477 3940 consequenter
1504 3861 1701 3920 resol-

180 3959 341 4016 vatur
364 3959 564 4016 totum
602 3953 715 4032 jus
750 3951 1041 4027 usurarii,
1085 3956 1539 4030 consequenter
1567 3952 1701 4031 ejus

182 4046 494 4107 creditores
550 4064 682 4106 non
732 4044 969 4105 habent
1022 4043 1260 4103 nullum
1310 4043 1413 4122 jus
1441 4045 1519 4104 ad
1568 4063 1703 4104 rem

181 4138 328 4199 illam
354 4140 448 4201 sui
477 4137 808 4212 debitoris,
854 4137 1034 4214 cujus
1063 4137 1334 4197 resoluto
1379 4141 1703 4199 contractu

182 4231 385 4293 desinit
410 4249 570 4292 esse.

248 4325 422 4385 Sexto
466 4323 684 4402 arguit
726 4321 958 4383 Melina
1004 4320 1112 4380 ubi
1166 4339 1357 4398 supra
1396 4322 1453 4399 §.
1509 4321 1705 4382 Tertio

181 4435 277 4474 non
315 4417 522 4490 minus,
558 4415 714 4493 quia
758 4414 807 4474 si
858 4412 1179 4473 usurarius
1209 4413 1476 4491 acquirit
1504 4414 1706 4473 domi-

181 4507 332 4568 nium
358 4510 446 4569 rei
475 4508 596 4569 sihi
614 4506 888 4582 traditae,
905 4524 1030 4566 non
1046 4509 1366 4566 teneretur
1378 4506 1705 4566 restituere

181 4599 445 4660 eamdem
491 4599 754 4660 omnino
807 4617 965 4673 rem,
1018 4597 1129 4657 sed
1176 4597 1452 4657 valorem
1509 4598 1694 4658 illiue.

183 4693 596 4772 Respondetur
613 4691 908 4769 negando
930 4688 1274 4769 sequelam.
1309 4689 1538 4766 Primo,
1561 4690 1708 4769 quia

180 4785 427 4845 resoluto
484 4788 841 4859 contractu,
896 4785 1121 4857 cessat,
1186 4783 1255 4840 ut
1283 4780 1574 4857 diximus,
1602 4781 1707 4860 jus

183 4877 423 4936 usurarii
451 4877 532 4936 ad
561 4893 703 4936 rem
734 4875 924 4950 illam,
945 4877 1132 4952 atque
1152 4873 1291 4933 ideo
1323 4873 1512 4934 debet
1530 4873 1710 4934 reddi

185 4967 232 5026 ei
258 4969 425 5047 cujus
474 4971 636 5029 erat.
688 4966 1000 5041 Secundo,
1036 4965 1181 5044 quia
1211 4965 1520 5026 restitutio
1552 4984 1710 5026 sem-

184 5076 283 5136 per
305 5079 413 5138 per
464 5079 532 5121 se
577 5059 908 5119 ordinatur
949 5058 1028 5118 ad
1078 5057 1471 5117 reddendum
1515 5058 1706 5134 idem,

185 5157 245 5212 ut
289 5158 555 5230 ponatur
611 5151 893 5231 perfecta
947 5150 1292 5229 aequalitas,
1349 5168 1463 5210 nec
1509 5154 1714 5229 potest

185 5243 345 5303 reddi
375 5264 569 5304 unum
598 5262 716 5322 pro
738 5243 881 5318 alio,
904 5242 1019 5303 nisi
1042 5260 1154 5320 per
1181 5241 1494 5317 accidenS,
1519 5261 1712 5320 quan-

187 5336 257 5395 do
285 5356 400 5398 non
430 5341 642 5417 potest
667 5336 847 5396 reddi
874 5335 1043 5395 idem
1080 5334 1246 5413 quod
1278 5333 1506 5414 injuste
1538 5335 1709 5395 abla-

188 5431 306 5487 tum
332 5433 443 5490 est.
477 5432 637 5491 Cum
657 5446 808 5508 ergo
824 5446 924 5488 res
952 5427 1079 5503 illa,
1104 5430 1166 5488 et
1196 5426 1332 5504 ejus
1362 5427 1712 5488 dominium

190 5521 359 5584 fuerit
384 5521 615 5603 injuste
651 5524 1040 5600 usurpatum,
1084 5518 1350 5598 justitia,
1385 5538 1498 5597 per
1527 5538 1592 5580 se
1621 5520 1712 5583 lo-

3211 372 3325 428 247

1788 546 2060 624 quendo,
2111 545 2350 623 obligat
2378 547 2460 607 ad
2505 547 2674 606 idem
2703 546 2959 607 omnino
2991 546 3330 607 restituen-

1788 636 1960 698 dum.

1867 729 2144 806 Septimo
2185 734 2480 809 arguunt,
2528 730 2675 809 quia
2722 730 3069 790 dominium
3100 733 3194 790 est
3233 728 3331 805 ius

1787 822 2003 882 utendi
2033 840 2100 882 re
2130 821 2192 881 in
2223 840 2683 901 quemcumque
2714 841 2895 882 usum
2924 842 2937 882 :
2974 821 3082 881 sed
3113 839 3331 881 usura-

1788 914 1916 974 rius
1945 932 2071 974 non
2099 913 2291 974 habet
2312 914 2417 991 jus
2446 915 2568 976 tale
2598 915 2765 974 circa
2796 933 2929 974 rem
2951 914 3326 987 usurariam,

1789 1024 1931 1066 cum
1978 1006 2207 1067 debeat
2235 1007 2405 1066 illam
2457 1008 2823 1079 restituere;
2884 1025 3033 1084 ergo
3086 1024 3209 1065 non
3241 1007 3336 1064 est

1790 1097 1924 1177 ejus
1963 1099 2275 1159 dominus,
2327 1101 2420 1159 Ita
2447 1099 2656 1177 arguit
2690 1099 2864 1160 Salas
2895 1116 3065 1159 num.
3096 1101 3155 1159 5.
3210 1096 3334 1159 Sed

1788 1191 2516 1270 assumitpropositiones
2532 1191 2760 1269 abipso
2794 1191 3158 1251 solvendas:
3189 1207 3333 1249 uam

1787 1282 2096 1359 venditor,
2148 1287 2486 1362 antequam
2532 1301 2663 1342 rem
2712 1283 2923 1344 tradat
2964 1288 3027 1342 et
3062 1283 3334 1360 pretium

1789 1375 2057 1454 accipiat
2101 1376 2182 1436 ab
2232 1379 2535 1453 emptore,
2586 1380 2800 1435 manet
2846 1374 3157 1447 dominus,
3192 1378 3259 1434 at
3283 1374 3333 1433 si

1789 1467 1965 1529 alteri
1994 1467 2229 1529 vendat
2257 1471 2319 1528 et
2346 1467 2572 1542 tradat,
2628 1467 2923 1528 transfert
2950 1465 3332 1527 dominium:

1789 1564 1852 1621 et
1876 1564 2088 1621 tamen
2118 1578 2243 1619 non
2272 1562 2479 1637 potest
2504 1559 2671 1619 licite
2719 1563 2782 1620 et
2824 1559 2993 1638 juste
3029 1558 3108 1618 de
3137 1576 3205 1617 re
3233 1556 3339 1617 illa

1788 1652 2036 1713 interim
2081 1651 2439 1728 disponere,
2497 1655 2565 1712 ut
2611 1656 2879 1713 constat.
2940 1653 3153 1711 Potest
3187 1667 3336 1727 ergo

1790 1744 2012 1823 aliquis
2041 1761 2175 1803 esse
2207 1742 2521 1819 dominuS,
2555 1743 2702 1803 licet
2731 1761 2804 1802 ex
2827 1741 3074 1821 justitia
3109 1741 3339 1802 debeat

1790 1838 1919 1898 sive
1946 1835 2187 1895 ratione
2225 1838 2618 1908 colitractu33
2653 1835 2785 1894 sive
2829 1833 3074 1895 ratione
3123 1823 3338 1893 delicti

1789 1945 1922 1986 rem
1952 1926 2139 1986 alicui
2166 1927 2417 1987 tradere
2447 1927 2543 1986 vel
2573 1927 2938 1987 restituere:
2963 1925 3154 1986 habet
3168 1924 3337 1985 enim

1790 2019 2135 2080 dominium
2164 2038 2288 2080 non
2318 2020 2614 2092 solutum,
2650 2020 2760 2079 sed
2790 2019 3075 2097 ligatum,
3117 2018 3338 2078 saltem

1789 2116 1859 2173 ut
1886 2129 2010 2170 non
2035 2111 2232 2189 possit
2258 2111 2426 2172 licite
2456 2111 2533 2171 de
2563 2129 2631 2170 re
2661 2111 3016 2189 disponere.

1870 2206 2101 2266 Octavo
2124 2204 2331 2282 arguit
2358 2204 2526 2264 idem
2555 2209 2795 2280 auctor,
2830 2203 2977 2282 quia
3002 2202 3335 2282 promissio

1791 2314 2018 2369 usurae,
2073 2296 2219 2357 licet
2245 2296 2328 2357 sit
2355 2296 2720 2375 simpliciter
2745 2295 3116 2366 voluntaria,
3152 2298 3214 2355 et
3244 2312 3340 2354 se-

1791 2388 2068 2450 cundum
2115 2388 2264 2466 quid
2322 2387 2765 2463 involuntaria,
2818 2405 2943 2447 non
2987 2391 3081 2448 est
3106 2386 3336 2462 valida,

1792 2481 1939 2561 quia
2018 2479 2244 2558 injuste
2317 2497 2354 2538 a
2425 2477 2802 2539 mutuatario
2889 2482 3335 2557 extorquetur;

1793 2591 1942 2651 ergo
2000 2591 2114 2632 nec
2171 2571 2396 2632 solutio
2457 2588 2662 2631 usurae
2719 2570 2926 2630 valida
2985 2571 3134 2644 erit,
3204 2588 3341 2629 ma-

1790 2666 1956 2726 xime
2010 2664 2262 2742 quando
2324 2662 2465 2741 quis
2516 2681 2738 2722 usuras
2793 2662 2978 2723 solvit
3032 2662 3181 2740 quia
3226 2680 3342 2739 pu-

1790 2761 1885 2820 tat
1937 2776 2004 2817 se
2039 2774 2175 2816 esse
2225 2756 2305 2814 ad
2353 2755 2415 2814 id
2473 2754 2839 2833 obligatum.
2887 2754 2985 2815 Ad
3040 2754 3160 2815 hoc
3205 2753 3340 2834 jam

1794 2850 2086 2923 diximus,
2136 2847 2450 2907 diversam
2483 2865 2617 2907 esse
2644 2848 2955 2908 rationem
2989 2867 3002 2907 :
3038 2846 3186 2925 quia
3215 2864 3340 2906 non

1793 2946 2000 3023 potest
2029 2941 2167 3020 quis
2200 2939 2493 3000 abdicare
2523 2958 2561 2999 a
2588 2958 2654 3000 se
2676 2939 2785 3019 jus
2816 2939 2894 2999 ad
2923 2957 3059 2999 rem
3089 2942 3344 2999 coactus

1792 3034 2052 3114 injuste;
2113 3031 2282 3111 quod
2339 3035 2657 3109 oporteret
2707 3031 2914 3091 facere
2953 3031 3005 3091 si
3034 3049 3098 3090 se
3135 3029 3342 3090 valide

1796 3125 2126 3205 obligaret,
2161 3142 2363 3203 neque
2393 3123 2558 3183 enim
2589 3128 2795 3202 potest
2814 3123 2966 3183 dare
2989 3121 3093 3202 jus
3123 3125 3344 3183 contra

1794 3239 1861 3281 se
1899 3217 2183 3278 usurario
2213 3216 2295 3277 ad
2324 3235 2457 3276 rem
2514 3217 2707 3292 illam,
2742 3216 2790 3276 si
2851 3235 2977 3277 non
3024 3216 3344 3276 condonet

1795 3315 2015 3392 sponte
2066 3309 2360 3389 injuriam
2391 3327 2464 3369 ex
2511 3328 2636 3388 qua
2673 3309 2778 3393 jus
2811 3309 3063 3369 omnino
3094 3313 3343 3369 contra-

1796 3405 1958 3466 rium
2008 3403 2361 3463 necessario
2392 3403 2610 3464 oritur.
2671 3402 2931 3473 Quando
2961 3420 3109 3462 vero
3150 3419 3225 3461 ex
3254 3419 3346 3460 er·-

1797 3516 1937 3558 rore
1976 3495 2236 3556 solvitur
2282 3513 2506 3570 usura,
2569 3495 2715 3573 quia
2755 3494 3018 3573 putabat
3064 3494 3345 3555 debitum

1797 3608 1955 3665 esse,
1979 3589 2251 3648 fatemur
2280 3605 2403 3647 non
2431 3587 2753 3647 transferri
2796 3585 3165 3662 dominium,
3201 3604 3345 3647 cum

1796 3682 2000 3743 solum
2046 3679 2279 3740 habeat
2336 3679 2746 3740 intentionem
2794 3679 3078 3740 solvendi
3126 3695 3346 3738 verum

1799 3773 2105 3847 debitum,
2141 3771 2310 3850 quod
2342 3790 2465 3831 non
2496 3775 2631 3831 erat
2665 3792 2677 3832 :
2712 3776 2925 3832 nostra
2955 3775 3165 3832 autem
3180 3787 3345 3848 quae·

1799 3866 1915 3926 stio
1951 3863 2236 3942 procedit
2261 3863 2502 3923 secluso
2533 3882 2767 3923 errore.
2830 3863 3066 3923 Omitto
3097 3861 3218 3920 alia
3250 3878 3346 3920 ar-

1800 3961 2102 4037 gumenta
2124 3955 2406 4033 ejusdem
2425 3955 2717 4032 auctoris,
2740 3955 2967 4033 quibus
2986 3953 3345 4013 usurarium

1798 4051 1918 4111 furi
1976 4048 2327 4127 aequiparat
2369 4068 2380 4108 :
2432 4047 2718 4125 quamvis
2782 4045 2951 4106 enim
3005 4044 3069 4104 in
3133 4044 3345 4124 aliquo

1801 4160 1988 4202 sensu
2031 4139 2109 4200 sit
2151 4140 2283 4210 fur;
2335 4138 2587 4217 proprie
2641 4144 2854 4198 tamen
2883 4155 3007 4197 non
3036 4141 3151 4208 est,
3203 4154 3349 4198 cum

1802 4234 2071 4312 accipiat
2096 4251 2136 4294 a
2157 4232 2403 4292 volente
2433 4230 2710 4306 domino,
2761 4230 2909 4291 licet
2937 4248 3062 4290 non
3092 4229 3345 4290 omnino

1802 4329 2170 4405 spontanee,
2219 4327 2281 4383 et
2307 4324 2431 4383 alia
2459 4323 2717 4399 leviora,
2770 4341 2909 4402 quoe
2939 4342 3015 4383 ex
3044 4322 3246 4398 dictis,
3285 4325 3349 4383 et

1803 4438 1878 4478 ex
1908 4423 2060 4478 sect.
2096 4433 2208 4476 vn.
2243 4415 2428 4476 citata
2460 4415 2638 4476 facile
2669 4416 2826 4476 solvi
2856 4419 3140 4494 possunt.

1882 4512 1974 4570 Ex
2001 4509 2183 4569 dictis
2213 4508 2479 4569 infertur
2507 4526 2543 4568 a
2573 4508 2817 4568 fortiori
2855 4506 3212 4568 usurarium
3241 4523 3348 4566 ae·-

1805 4602 2052 4682 quirere
2082 4600 2430 4660 dominium
2448 4618 2665 4660 earum
2686 4619 2895 4660 rerum
2912 4618 3066 4678 quas
3081 4597 3348 4677 pecunia

1806 4692 2090 4754 usuraria
2134 4691 2281 4752 emit
2322 4692 2420 4751 vel
2468 4692 2775 4771 acquirit,
2829 4710 2944 4751 nec
2984 4709 3089 4751 eas
3119 4690 3349 4750 debere

1805 4783 2184 4882 mutuatario
2218 4784 2564 4860 restituere,
2596 4784 2748 4844 dum
2777 4784 2835 4845 ei
2864 4784 3157 4844 restituat
3181 4782 3349 4861 quod

1805 4894 1919 4956 per
1948 4894 2201 4936 usuram
2231 4876 2494 4955 accepit,
2517 4881 2581 4937 et
2599 4895 2711 4954 pro
2741 4880 2874 4938 toto
2892 4876 3122 4935 damno
3153 4893 3348 4933 emer-

1806 4971 1993 5048 gente
2022 4972 2086 5028 et
2111 4968 2286 5028 lucro
2336 4972 2639 5044 cessante,
2676 4968 2845 5047 quod
2893 4966 3245 5028 concedunt
3273 4965 3351 5025 de

1809 5059 2117 5140 ejusmodi
2147 5059 2333 5118 rebus
2364 5061 2724 5138 emptiS,vel
2754 5058 3072 5138 acquisitis
3102 5057 3141 5116 ii
3164 5057 3353 5117 etiam

1811 5153 1921 5232 qui
1939 5155 2174 5229 negant
2188 5152 2538 5211 dominium
2568 5170 2899 5212 usurarum
2916 5153 2978 5210 in
2996 5149 3354 5210 usurarium

1808 5244 2158 5319 transferri,
2193 5248 2255 5303 et
2284 5244 2360 5303 de
2391 5263 2514 5322 quo
2544 5248 2764 5304 contra
2791 5243 3348 5305 Altisiodorensem

1810 5335 1937 5397 late
1968 5336 2114 5396 Mol.
2147 5336 2308 5414 disp.
2351 5339 2488 5398 327.
2526 5337 2702 5398 Salas
2741 5337 2891 5398 dub.
2934 5352 3139 5396 xxxlx.
3173 5336 3344 5396 LeSS.

1813 5448 1917 5488 nu.
1955 5432 2091 5492 161.
2126 5432 2189 5488 et
2218 5446 2394 5507 seqq.

1894 5522 2185 5584 Secundo
2217 5521 2648 5602 principaliter
2667 5523 2867 5604 quaeri
2895 5523 3073 5600 solet,
3107 5541 3187 5583 an
3216 5539 3350 5583 om-

3495 4519 3604 4577 211

3397 4642 3501 4694 Quid
3539 4641 3592 4683 de
3626 4642 3692 4691 iis,

3414 4707 3502 4757 qum
3522 4706 3676 4755 usura-

3440 4760 3526 4790 rius
3543 4753 3657 4790 emit.

3502 5524 3619 5583 212
