4263 6376
455 1047 749 1226 beggoai
798 1135 1107 1214 obligetur
1157 1137 1239 1197 od
1293 1137 1765 1215 fidejubendum
1814 1155 1924 1215 pro
1972 1142 2320 1214 mutuante,

465 1223 734 1333 ”ffiffiffgff
797 1230 1149 1290 usurarium
1181 1248 1337 1306 esse,
1388 1230 1730 1308 imponitur
1757 1229 1922 1290 enim
1969 1249 2124 1291 onus
2155 1230 2324 1290 aliud

555 2079 628 2138 61

457 2205 525 2247 An
543 2215 619 2298 pro
646 2203 755 2244 fide-

456 2257 548 2312 juss
565 2269 643 2298 one
661 2267 757 2310 pos·

484 2311 541 2353 nit
555 2310 728 2372 prelium

790 314 908 375 190

1927 316 2029 375 DE
2072 317 2426 377 JUSTITIA
2472 319 2574 378 ET
2614 319 2814 381 JUllE

791 490 931 567 sert,
964 493 1028 551 et
1053 489 1337 569 sequitur
1365 489 1540 551 Salas
1569 508 1674 550 nu.
1708 492 1767 550 4.
1803 489 1951 569 quia
1974 490 2107 569 jam
2141 491 2320 552 addi·
2413 493 2636 572 jubere
2666 512 2777 573 pro
2806 496 3027 565 Petr03
3060 497 3127 553 tu
3173 489 3480 570 fidejubes
3503 535 3520 565 ,
3550 492 3611 550 et
3638 506 3748 568 pro
3791 488 3920 547 fide-

793 586 895 643 tur
921 601 1262 660 gravamen
1285 581 1537 661 aliquod
1559 583 1720 643 ultra
1748 582 1811 642 id
1843 585 2007 662 quod
2030 588 2319 645 mutuum
2415 586 2693 665 jussione
2751 587 3020 664 pretium
3071 585 3265 662 exigis
3294 602 3333 643 a
3379 585 3588 657 Petro,
3622 581 3788 660 quod
3807 583 3924 658 jam

795 674 1019 752 exigit;
1071 677 1196 734 DD.
1231 692 1401 750 vero,
1454 674 1561 752 qui
1592 674 1652 733 id
1684 680 1936 752 negant,
1979 676 2322 755 loquuntur

797 767 874 827 de
904 767 1088 842 fact0‚
1125 767 1272 845 quia
1301 766 1378 826 de
1398 766 1586 842 facto,
1622 767 2000 845 utbdiximuS,
2039 769 2173 829 haec
2196 788 2320 830 non

796 860 994 921 solent
1023 860 1146 937 peti
1195 878 1272 919 ex
1300 859 1681 938 obligatione
1711 860 1897 935 civili,
1950 861 2059 921 sod
2108 881 2183 921 ex
2212 861 2324 920 be-

797 951 1149 1012 nevolentia
1178 956 1240 1012 et
1268 950 1670 1030 gratitudine.

869 1044 1136 1104 Infertur
1164 1045 1459 1123 septimo,
1511 1050 1764 1123 pactum
1795 1048 1864 1105 ut
1907 1045 2324 1106 mutuatarius

794 1323 1197 1398 mutuatario,
1250 1327 1317 1383 ut
1346 1341 1486 1382 cum
1518 1322 1653 1382 aliis
1683 1341 1839 1402 quos
1869 1326 2155 1400 afferunt,
2211 1324 2325 1384 do-

797 1421 941 1477 cent
957 1415 1189 1476 Molina
1220 1415 1377 1493 disp.
1399 1418 1536 1476 319.
1573 1420 1633 1476 et
1655 1416 1831 1476 Salas
1861 1416 2010 1477 dub.
2044 1433 2131 1477 xi.
2155 1416 2324 1495 quod

796 1514 1006 1570 tamen
1031 1509 1211 1587 juxta
1256 1508 1617 1586 supradicta
1646 1508 2034 1586 intelligitur,
2071 1508 2323 1588 quando

798 1601 1095 1681 obligatio
1124 1600 1509 1678 fidejubendi
1563 1601 1794 1679 petitur
1823 1607 1892 1662 ut
1918 1602 2212 1679 pretium,
2266 1605 2328 1661 et

802 1714 926 1755 non
955 1699 1026 1754 ut
1069 1692 1362 1767 conditi0‚
1425 1697 1487 1752 et
1533 1693 1784 1772 quando
1838 1694 1978 1753 talis
2028 1693 2324 1771 obligatio

800 1787 1009 1866 gravis
1038 1792 1131 1846 est
1159 1786 1572 1857 mutuatario;
1625 1785 1902 1864 alioquin
1953 1790 2213 1863 propter
2240 1786 2327 1845 le-

800 1881 1057 1942 vitatem
1086 1879 1365 1939 materiae
1397 1878 1626 1957 poterit
1669 1878 2005 1957 aliquando
2039 1879 2328 1939 excusari

802 1995 840 2035 a
867 1974 1137 2034 mortali.

884 2070 1062 2128 Petes
1094 2065 1315 2143 primu,
1377 2082 1455 2123 an
1485 2063 1566 2124 sit
1596 2082 1783 2124 usura
1814 2063 2061 2140 exigere
2093 2064 2328 2143 aliquid

804 2180 839 2221 a
871 2163 1075 2230 Petr0,
1126 2162 1195 2218 ut
1221 2175 1332 2236 pro
1365 2175 1437 2217 eo
1486 2155 1814 2235 fidejussor
1851 2157 2122 2217 existas?
2183 2161 2331 2218 Res-

804 2253 1137 2333 pondetur,
1197 2250 1251 2309 si
1278 2248 1594 2327 fidejussio
1627 2248 1975 2327 periculosa
2004 2249 2104 2325 sit,
2160 2252 2330 2329 juste

804 2345 1006 2424 accipi
1049 2342 1318 2422 pretium
1366 2359 1476 2418 pro
1534 2359 1611 2400 ea
1663 2340 2008 2416 subeunda,
2071 2346 2141 2403 ut
2187 2361 2332 2404 cum

804 2437 1123 2501 communi
1151 2435 1380 2495 docent
1405 2434 1654 2509 Molina,
1707 2438 1768 2494 et
1799 2433 1975 2495 Salas
2004 2434 2155 2496 locis
2186 2455 2331 2515 pro-

804 2532 970 2593 xime
998 2529 1201 2591 citatis
1247 2547 1260 2588 :
1308 2527 1359 2588 si
1387 2530 1600 2587 autem
1628 2526 1795 2586 nullo
1840 2527 2025 2587 modo
2059 2530 2139 2588 sit
2168 2529 2332 2606 peri-

805 2626 1038 2700 culosa,
1085 2624 1340 2683 covarr.
1393 2626 1456 2682 et
1486 2619 1591 2679 alii
1619 2618 1787 2698 apud
1826 2620 2119 2679 eumdem
2154 2622 2330 2682 Salas

804 2719 1039 2792 dicunt,
1099 2715 1271 2774 illam
1300 2731 1435 2773 esse
1492 2730 1768 2786 usuram,
1832 2712 1979 2790 quia
2026 2714 2332 2791 accipitur

802 2810 1070 2892 pretium
1102 2826 1213 2886 pro
1269 2810 1487 2867 mutuo
1534 2805 1615 2865 ad
1659 2805 1827 2884 quod
1886 2805 2218 2884 fidejussor
2263 2827 2330 2869 se

803 2904 1040 2981 obligat
1094 2919 1109 2960 ε
1171 2918 1316 2959 nam
1347 2897 1690 2977 fidejubere
1721 2903 1815 2960 est
1844 2899 2122 2976 obligare
2153 2920 2218 2960 se
2248 2901 2327 2962 ad

753 3033 758 3038 ·
804 2994 1175 3058 solvendum
1205 3011 1317 3070 pro
1367 2991 1670 3067 debitore,
1735 2992 1905 3070 quod
1958 2998 2053 3054 est
2082 2993 2165 3052 illi
2197 3013 2329 3055 mu·

802 3095 980 3152 tuare
1022 3087 1085 3146 id
1130 3085 1299 3164 quod
1341 3084 1621 3145 solvitur.
1682 3084 1901 3144 Melius
1945 3091 2154 3146 tamen
2198 3088 2331 3147 Mo·-

800 3182 950 3258 lina‚
998 3184 1061 3242 et
1088 3179 1214 3256 alii,
1261 3196 1417 3257 quos
1445 3177 1625 3238 affert
1655 3177 1822 3237 idem
1854 3177 2028 3239 Salas
2049 3225 2063 3254 ,
2115 3178 2331 3241 dicunt

802 3276 972 3336 illam
1002 3291 1126 3333 non
1156 3289 1291 3331 esse
1321 3288 1576 3330 usuram
1611 3290 1623 3330 :
1677 3288 1798 3329 non
1831 3270 1995 3330 enim
2025 3271 2332 3349 accipitur

802 3367 1071 3448 pretium
1099 3382 1212 3443 pro
1241 3366 1482 3438 mutue,
1515 3363 1625 3423 sed
1656 3380 1769 3441 pro
1801 3363 2181 3440 obligatione
2214 3365 2329 3425 sol-

801 3459 992 3522 vendi
1020 3462 1085 3519 et
1108 3456 1438 3517 mutuandi
1466 3455 1833 3532 virtualiter,
1870 3474 2008 3534 quae
2031 3457 2327 3536 obligatio

803 3553 1052 3614 diversa
1081 3555 1175 3610 est
1203 3568 1234 3608 a
1268 3552 1509 3625 matun,
1557 3552 1626 3608 ut
1652 3567 1842 3627 supra
1871 3549 2169 3625 vidimus,
2203 3551 2328 3611 imo

801 3648 1113 3724 repugnat
1141 3660 1282 3702 meo
1306 3640 1567 3719 judicie,
1603 3641 1772 3719 quod
1804 3661 1876 3701 ex
1908 3660 1981 3702 eo
2013 3643 2221 3721 capite
2253 3643 2334 3704 sit

803 3736 1154 3800 usurarium
1213 3733 1361 3793 illud
1421 3732 1724 3811 pretium;
1786 3734 1932 3812 quia
1990 3733 2037 3792 si
2081 3734 2332 3811 ponitur

803 3831 971 3912 qnod
1002 3848 1125 3889 non
1155 3827 1236 3887 sit
1288 3825 1634 3905 periculum
1678 3825 1957 3886 solvendi
2015 3845 2125 3904 pro
2160 3827 2331 3888 debi-

800 3931 970 3995 tore;
1018 3939 1168 3999 ergo
1200 3936 1544 3997 numquam
1573 3919 1681 3978 fiet
1710 3925 1995 3980 mutuum
2027 3919 2329 3980 solvendo

802 4035 914 4097 pro
947 4016 1114 4093 ipso;
1167 4030 1318 4091 ergo
1350 4010 1500 4070 illud
1551 4011 1820 4089 pretium
1866 4029 1990 4071 non
2022 4012 2332 4091 accipitur

804 4127 915 4188 pro
958 4109 1199 4179 mutuo,
1262 4103 1381 4163 nisi
1428 4103 1633 4180 dicaS,
1697 4103 1893 4181 accipi
1942 4123 2054 4183 pro
2111 4111 2330 4166 mutuo

804 4219 928 4261 non
958 4199 1186 4268 futurO,
1240 4194 1407 4275 quod
1451 4195 1704 4273 quidem
1735 4201 2022 4256 mutuum
2056 4215 2179 4257 non
2212 4202 2326 4258 est.

805 4290 1150 4353 Fatendum
1192 4294 1403 4349 tamen
1445 4293 1556 4363 est,
1604 4288 1748 4349 licet
1776 4288 2046 4366 pretium
2078 4308 2151 4349 eo
2182 4308 2331 4351 casu

806 4403 930 4445 non
959 4385 1039 4444 sit
1066 4382 1440 4457 usurarium,
1476 4400 1609 4440 esse
1638 4386 1847 4441 tamen
1880 4381 2202 4459 injustum,
2240 4387 2334 4443 at-

807 4477 1093 4559 queideo
1122 4474 1575 4536 restituendum
1632 4473 1926 4545 debitori;
1989 4474 2137 4553 quia
2177 4476 2333 4535 fide-

804 4570 996 4652 jussio
1027 4586 1165 4648 quae
1197 4567 1433 4626 nullum
1464 4584 1716 4644 prorsus
1746 4567 2094 4644 periculum
2125 4570 2327 4644 affert,

807 4663 1007 4738 nu110,
1070 4659 1167 4720 vel
1196 4664 1361 4720 certe
1417 4659 1839 4719 modicissimo
1897 4661 2095 4738 pretio
2141 4662 2334 4739 digna

807 4761 934 4828 est;
988 4753 1134 4832 quia
1162 4756 1372 4811 tamen
1402 4769 1650 4828 semper
1677 4753 1858 4837 affert
1885 4752 2139 4830 aliquod
2169 4754 2336 4831 peri-

806 4850 1038 4922 culum,
1071 4862 1321 4923 semper
1348 4847 1557 4922 potest
1582 4844 1836 4923 aliquod
1869 4846 2137 4922 pretium
2162 4846 2332 4925 juste

2424 681 2585 740 ultra
2612 684 2845 740 sortem
2873 678 3169 738 lucraris:
3204 676 3431 736 dicitur
3486 682 3692 735 autem
3722 673 3848 732 haec
3869 673 3923 732 fi·

2423 772 2694 850 dejussio
2717 773 2883 845 ficta,
2918 771 3065 850 quia
3092 787 3312 829 revera
3344 787 3468 828 non
3497 773 3558 826 te
3597 765 3835 842 obligas
3859 764 3927 823 ad

2424 865 2792 924 solvendum
2839 864 3049 939 Paule,
3095 862 3242 922 licet
3280 863 3500 920 Petrus
3545 878 3664 917 non
3724 859 3923 932 salvat,

2424 976 2565 1016 cum
2595 958 2820 1017 Paulus
2848 955 3238 1017 tantumdem
3264 953 3378 1014 tibi
3399 950 3668 1010 debeat?
3684 953 3929 1011 Usuram

2425 1069 2580 1125 esse,
2641 1050 2856 1111 dicunt
2919 1048 3258 1125 Sylvester‚
3317 1044 3671 1105 Antoninus
3725 1048 3787 1102 et
3844 1042 3932 1101 alii

2427 1142 2592 1221 apud
2624 1143 2799 1204 Salas
2830 1141 2932 1201 ubi
2964 1158 3154 1218 supra
3184 1141 3322 1198 n.3.
3356 1135 3525 1215 quod
3558 1135 3747 1194 etiam
3779 1135 3928 1193 vide-

2423 1240 2525 1297 tur
2571 1252 2923 1314 supponere
2979 1232 3209 1293 Molina
3238 1230 3299 1290 d.
3335 1230 3496 1306 disp.
3549 1231 3686 1288 3¹9.
3728 1229 3792 1286 in
3829 1229 3934 1286 fine

2422 1333 2469 1389 N
2477 1348 2680 1388 avarr.
2713 1336 2945 1401 tamen,
2971 1331 3033 1386 et
3059 1325 3269 1386 Salon.
3296 1341 3450 1400 quos
3471 1321 3754 1400 sequitur
3778 1320 3934 1381 Salas

2425 1423 2529 1498 ibi,
2566 1422 2782 1481 dicunt
2807 1439 2941 1480 esse
2973 1417 3361 1496 injustitiam,
3396 1433 3521 1474 non
3551 1421 3765 1475 tamen
3802 1433 3932 1473 usu-

2421 1535 2588 1575 ram:
2624 1514 2791 1592 quod
2846 1512 3001 1572 mihi
3043 1510 3231 1570 etiam
3261 1510 3484 1587 placet,
3520 1525 3636 1566 nec
3665 1507 3864 1581 videa,
3894 1506 3933 1564 si

2425 1612 2779 1668 contractus
2808 1605 2895 1665 illi
2931 1623 3078 1664 vere
3108 1603 3281 1677 fiant,
3315 1619 3428 1660 cur
3486 1600 3592 1658 illa
3637 1599 3936 1677 fideJussio

2425 1702 2577 1761 ficta
2622 1699 2900 1767 dicatum
2939 1701 3034 1756 est
3094 1694 3260 1754 enim
3321 1712 3493 1753 vera.
3539 1691 3717 1763 Quod
3790 1693 3938 1750 enim

2427 1793 2655 1853 Paulus
2683 1791 2793 1852 tibi
2822 1787 3215 1851 tantumdem
3246 1787 3495 1860 debeat,
3539 1803 3665 1844 non
3694 1784 3942 1862 impedit

2428 1885 2595 1965 quod
2625 1890 2688 1946 tu
2739 1883 2908 1961 apud
2937 1899 3078 1941 eum
3112 1898 3224 1957 pro
3271 1879 3392 1939 alio
3449 1896 3596 1937 vere
3645 1882 3708 1937 et
3749 1877 3939 1942 xalide

2427 1978 2769 2056 fidejubere
2799 1975 3019 2053 possis,
3054 1991 3197 2033 cum
3242 1973 3351 2031 illa
3404 1972 3529 2032 sint
3577 1970 3831 2029 omnino
3860 1970 3941 2028 di-

2427 2090 2610 2131 versa
2638 2069 2869 2130 debita.
2897 2066 3250 2127 Videndum
3285 2066 3499 2142 itaque
3550 2068 3665 2136 est,
3703 2082 3780 2121 an
3810 2063 3941 2123 side·

2421 2164 2619 2244 jussio
2650 2181 2758 2240 pro
2795 2164 2974 2222 Petro
3007 2160 3086 2219 sit
3115 2175 3334 2217 revera
3365 2156 3740 2234 periculosa,
3776 2160 3838 2215 et
3861 2156 3943 2214 di-

2427 2276 2551 2336 gna
2583 2254 2779 2334 pretio
2810 2252 2977 2332 quod
3008 2251 3241 2328 exigis:
3283 2268 3404 2328 quo
3436 2267 3586 2308 casu
3618 2266 3824 2325 neque
3862 2255 3942 2309 est

2427 2367 2638 2424 usura,
2674 2365 2875 2426 neque
2896 2343 3218 2423 injustitia;
3255 2360 3398 2401 cum
3420 2340 3649 2400 subeas
3680 2359 3792 2419 pro
3822 2340 3941 2418 ipso

2429 2441 2873 2519 obligationem
2913 2437 3168 2515 dignam
3200 2436 3303 2496 tali
3327 2434 3548 2512 preti0‚
3584 2440 3648 2494 et
3680 2439 3740 2493 te
3770 2452 3944 2511 expo-

2428 2553 2538 2594 nas
2567 2533 2841 2613 periculo
2873 2550 2996 2590 non
3027 2527 3436 2606 recuperandi
3460 2531 3942 2596 tuummutuum

2428 2647 2466 2689 a
2495 2627 2710 2699 Paulo,
2746 2643 2784 2685 a
2830 2642 2952 2703 quo
2984 2639 3199 2701 posses
3232 2619 3384 2680 illud
3420 2618 3698 2696 exigere,
3735 2619 3788 2677 si
3832 2638 3942 2677 non

2428 2719 2840 2799 fidejussisses
2869 2734 2984 2796 pro
3017 2717 3219 2775 Petro,
3271 2712 3333 2774 Si
3366 2730 3512 2772 vero
3573 2730 3700 2770 non
3731 2712 3812 2772 sit
3848 2710 3944 2771 tali

2425 2813 2624 2895 pretio
2681 2811 2893 2888 digna,
2946 2807 3135 2867 debet
3205 2805 3259 2866 ei
3328 2804 3569 2864 restitui
3636 2803 3941 2882 fidejussio

2426 2925 2537 2986 pro
2572 2907 2753 2964 Petro
2800 2903 3018 2962 saltem
3077 2898 3283 2978 quoad
3340 2915 3667 2956 excessum
3700 2897 3939 2972 valoris,

2427 3005 2494 3060 ut
2534 3000 2890 3058 contractus
2919 2994 3000 3055 ad
3055 2992 3478 3071 aequalitatem
3509 2989 3870 3049 reducatur.

2506 3095 2685 3151 Petes
2714 3088 2918 3163 tertio,
2954 3106 3031 3146 an
3063 3086 3141 3146 sit
3159 3102 3372 3157 usura,
3407 3083 3662 3162 quando
3699 3082 3942 3161 fidejus·

2425 3185 2515 3247 sio
2539 3183 2853 3261 superflua
2880 3200 2915 3239 a
2944 3177 3325 3240 mutuatario
3357 3176 3614 3255 petitur,
3651 3196 3712 3236 v,
3749 3196 3810 3254 g.
3851 3177 3946 3237 Pe·
4037 3212 4068 3235 .»
4182 3169 4184 3182 ¹

2425 3283 2521 3339 tro
2545 3296 2582 3336 a
2611 3282 2671 3337 te
2705 3279 2990 3334 mutuum
3021 3271 3276 3351 petenti,
3331 3286 3452 3329 non
3495 3270 3591 3328 vis
3637 3274 3940 3343 mutuare,

2426 3371 2544 3429 nisi
2572 3367 2801 3429 Paulus
2840 3385 2952 3445 pro
3000 3364 3133 3443 ipso
3162 3362 3528 3441 fidejubeat,
3568 3363 3673 3440 qui
3701 3381 3814 3440 pro
3845 3378 3945 3420 sua

2425 3461 2824 3541 fidejussione
2871 3458 3139 3535 pretium
3189 3476 3224 3515 a
3257 3458 3437 3516 Petro
3496 3454 3752 3531 accipit,
3789 3451 3943 3532 quod

2424 3557 2520 3615 vel
2550 3554 2667 3614 sibi
2692 3557 2896 3613 totum
2926 3550 3173 3625 retinet,
3207 3550 3307 3609 vel
3347 3553 3558 3609 tecum
3589 3546 3857 3607 dividit?
3883 3547 3950 3605 Et

2426 3648 2702 3728 quidem,
2734 3646 2783 3704 si
2814 3642 3131 3722 fidejussio
3162 3641 3513 3702 necessaria
3542 3640 3742 3700 estad
3766 3637 3950 3698 debiti

2426 3737 2975 3811 assecurationem,
3005 3734 3172 3814 juste
3205 3733 3457 3811 petitur.
3493 3733 3557 3793 Si
3615 3752 3769 3791 vero
3836 3749 3949 3791 non

2427 3839 2520 3894 est
2549 3830 2921 3905 necessaria,
2949 3846 3202 3888 usuram
3232 3845 3366 3886 esse
3397 3826 3865 3901 dicunt,Salon.
3899 3829 3954 3884 et

2428 3926 2551 3999 alii,
2594 3939 2748 4003 quos
2791 3923 2990 3997 affert,
3026 3923 3090 3981 et
3136 3920 3420 3999 sequitur
3450 3919 3627 3980 Salas
3682 3918 3750 3979 d.
3806 3917 3944 3978 dub.

2426 4035 2512 4079 xl.
2549 4017 2714 4077 circa
2743 4016 2851 4075 fin.
2889 4014 3036 4093 quia
3067 4031 3225 4073 onus
3248 4010 3415 4071 aliud
3449 4011 3803 4089 imponitur
3830 4011 3949 4070 sine

2429 4128 2638 4184 causa,
2673 4126 2787 4167 nec
2809 4106 2887 4165 ad
2920 4110 3036 4165 hoc
3083 4108 3322 4183 petunt,
3359 4103 3526 4181 quod
3560 4106 3789 4163 Petrus
3821 4120 3949 4181 pre-

2427 4204 2584 4264 tium
2614 4219 2724 4280 pro
2756 4199 3156 4277 fidejussione
3203 4197 3422 4271 solvat,
3461 4214 3605 4256 nam
3646 4197 3798 4257 licet
3841 4213 3951 4255 non

2431 4295 2653 4368 solvat,
2686 4294 2890 4372 ipsum
2923 4295 3133 4352 tamen
3165 4309 3321 4350 onus
3372 4289 3563 4349 dandi
3633 4289 3953 4367 fideJusso·

2431 4406 2563 4448 rem
2594 4387 2724 4445 sine
2755 4389 3067 4445 causaest
3108 4402 3449 4462 gravamen
3482 4382 3642 4442 ultra
3673 4391 3954 4442 mutuum

2427 4479 2885 4559 superaditum.
2950 4480 3080 4553 Ego
3164 4475 3676 4552 distinguendum
3767 4482 3950 4553 puto:

2432 4572 2485 4633 si
2514 4572 2680 4631 enim
2711 4574 2933 4631 Petrus
2964 4570 3115 4628 nihil
3147 4587 3259 4646 pro
3300 4567 3703 4646 fidejussione
3736 4569 3948 4638 solvat,

2433 4670 2604 4744 puto,
2660 4682 2774 4723 nec
2811 4682 2944 4722 esse
2975 4680 3229 4721 usuram
3262 4679 3376 4720 nec
3409 4661 3781 4739 injustitiam
3812 4660 3955 4719 fide·

2427 4757 2742 4838 jussorem
2788 4761 3022 4835 petere,
3057 4755 3187 4814 sive
3228 4754 3548 4833 fidejussio
3612 4753 3955 4813 necessaria

2437 4850 2535 4925 sit,
2571 4847 2702 4909 sive
2752 4866 2873 4908 non
2929 4848 3046 4917 sit;
3100 4846 3246 4926 quia
3292 4847 3452 4907 sicut
3496 4852 3749 4924 poteras
3805 4846 3956 4906 nolle
4069 4842 4074 4849 ’

806 4940 1025 5019 accipi,
1058 4937 1218 5018 plus,
1279 4936 1375 4996 vel
1420 4936 1626 4995 minus
1655 4955 1767 5015 pro
1822 4938 2047 5016 majori
2091 4940 2189 4999 vel
2218 4939 2336 4998 mi·
2434 4947 2724 5003 mutuare
2747 4941 2862 5002 soli
2891 4944 3099 5016 Petr0,
3133 4941 3243 4999 sed
3275 4940 3391 5019 ipsi
3425 4944 3486 4999 et
3514 4941 3705 4999 Paulo
3737 4939 3953 5010 simul;

808 5032 943 5095 nori
972 5030 1246 5111 periculo
1277 5028 1443 5108 quod
1476 5030 1673 5089 affert.
2432 5036 2520 5096 ita
2549 5038 2724 5114 potes
2756 5034 2915 5094 nolle
2947 5039 3238 5094 mutuare
3285 5032 3400 5091 nisi
3460 5032 3692 5092 Paulus
3746 5033 3956 5110 fideju-

561 5153 640 5212 52
890 5128 1069 5186 Petes
1115 5122 1369 5197 scendo,
1405 5140 1484 5180 an
1515 5122 1698 5182 detur
1748 5140 1939 5182 usura
1986 5122 2048 5182 in
2090 5123 2340 5201 fidejus-
2439 5127 2604 5201 beat,
2639 5145 2781 5187 cum
2818 5132 3017 5188 totum
3045 5125 3164 5186 hoc
3210 5145 3335 5185 non
3367 5125 3694 5186 ordinetur
3748 5126 3829 5185 ad
3875 5126 3953 5184 lu·

807 5220 980 5282 sione
1009 5217 1153 5277 ficta
1179 5236 1191 5275 ε
1226 5234 1284 5275 V.
1307 5234 1368 5292 g.
1406 5217 1624 5275 Petrus
1655 5214 1809 5292 petit
1835 5233 1875 5274 a
1902 5219 1963 5275 te
1993 5222 2282 5276 mutuum
2316 5236 2331 5288 ;
2439 5238 2615 5281 crum
2647 5220 2809 5281 ultra
2839 5225 3094 5295 sortem,
3129 5219 3238 5279 sed
3287 5219 3490 5279 solum
3520 5219 3602 5278 ad
3633 5224 3805 5279 tuam
3834 5236 3958 5277 sor-

809 5319 875 5375 tu
930 5309 1085 5370 dicis
1139 5308 1279 5368 nolo
1326 5307 1441 5368 tibi
1493 5313 1805 5384 mutuare,
1839 5308 1950 5367 sed
1982 5309 2195 5383 Pau10,
2232 5310 2338 5388 qui
2440 5317 2568 5374 tem
2598 5312 3046 5391 recipiendam.
3082 5313 3148 5373 Si
3177 5331 3325 5372 vero
3356 5315 3576 5372 Petrus
3624 5311 3811 5372 debet
3858 5308 3956 5370 ali·

808 5409 1025 5485 postea
1077 5399 1391 5461 mutuabit
1419 5398 1529 5459 tibi
1556 5419 1571 5471 ;
1607 5400 1835 5460 Paulus
1864 5406 2111 5463 mutuat
2157 5404 2338 5464 Petro
2442 5405 2596 5484 quid
2627 5406 2867 5466 solvere
2898 5425 3011 5485 pro
3041 5404 3448 5484 fidejussione
3495 5408 3558 5465 et
3610 5404 3744 5463 haec
3777 5401 3955 5464 omni-

809 5500 870 5559 id
902 5495 1069 5577 quod
1099 5513 1138 5553 a
1163 5498 1223 5554 te
1252 5498 1470 5555 mutuo
1501 5493 1762 5572 accepit,
1796 5499 1859 5555 et
1884 5495 2017 5555 vult
2070 5499 2131 5554 te
2188 5496 2343 5556 fide-
2443 5515 2523 5558 no
2552 5501 2868 5577 superflua
2910 5503 3023 5575 est,
3056 5498 3285 5578 injuste
3341 5497 3611 5577 exigitur
3648 5497 3772 5559 tale
3827 5513 3957 5573 pre-

519 5274 625 5328 Quid
656 5274 708 5318 de

483 5329 743 5427 “d‘llfffm
