4263 6376
623 5004 662 5059 8

531 5127 689 5169 Census
726 5138 776 5168 nn

872 246 990 305 336

875 422 1047 499 pute,
1082 420 1151 480 ut
1178 418 1503 496 colligatur
1530 435 1708 477 mens
1724 416 2233 478 contrahentium
2256 433 2413 495 qua-

874 514 947 573 lis
976 511 1181 572 fuerit.
1235 512 1437 582 Quare
1468 529 1544 570 ex
1573 510 1707 589 ipso
1740 509 1939 588 pretio
1971 508 2179 586 colligi
2208 508 2273 567 id
2301 525 2411 587 po-

874 605 1038 677 terit,
1090 622 1233 664 cum
1275 602 1354 663 sit
1407 603 1603 663 multo
1635 603 1840 662 miuus
1888 602 2158 679 pretium
2189 618 2412 660 census

871 696 1260 771 redimibilis,
1295 714 1484 774 quam
1528 694 1970 756 irredimibiliS.
2032 696 2121 754 Ex
2151 712 2411 753 consue-

870 789 1085 850 tudine
1116 789 1304 849 etiam
1335 793 1397 849 et
1442 808 1556 848 usu
1592 788 1689 849 :si
1738 787 1904 847 enim
1949 787 2078 847 fere
2122 805 2246 846 non
2289 786 2412 845 sint

871 882 932 941 in
963 902 1078 942 usu
1110 901 1331 942 census
1360 880 1822 955 irredimibiles,
1844 898 1965 938 non
2000 883 2413 956 praesumetur

868 975 1032 1051 talis,
1069 975 1183 1034 nisi
1219 974 1403 1035 luerit
1450 974 1847 1052 explicatum.
1884 972 2165 1051 Denique
2195 972 2246 1031 si
2277 990 2411 1032 om-

871 1068 1054 1127 nibus
1097 1067 1403 1146 pensatiS,
1463 1066 1671 1126 adhuc
1727 1084 1826 1124 res
1883 1070 2140 1126 maneat
2192 1064 2439 1140 dubia,

869 1160 1070 1239 magis
1099 1161 1306 1240 placet
1350 1160 1553 1239 prima
1605 1159 1934 1234 sententia,
1971 1158 2138 1237 quod
2167 1176 2406 1236 praesu-

869 1258 1079 1315 matur
1133 1251 1601 1313 irredimibilis:
1655 1251 1801 1330 quia
1855 1269 1998 1311 cum
2040 1254 2285 1311 constet
2330 1250 2407 1310 de

870 1346 1255 1421 venditione,
1282 1351 1344 1405 et
1371 1363 1491 1405 non
1525 1347 1766 1404 constet
1785 1343 1862 1404 de
1885 1347 2067 1422 pacto
2091 1347 2407 1403 retroven-

869 1439 1056 1499 dendi
1072 1440 1376 1518 appositO,
1399 1436 1673 1497 venditio
1695 1435 2093 1515 praesumitur
2122 1435 2410 1496 absoluta

868 1552 907 1593 a
932 1532 1042 1595 tali
1070 1537 1275 1612 pact0.
1314 1532 1438 1589 Nec
1470 1529 1676 1590 obstat
1730 1528 2207 1589 tundamentum
2263 1546 2406 1588 con-

866 1625 1079 1687 traria}
1111 1623 1456 1698 sententiae,
1504 1621 1673 1701 quod
1702 1620 2192 1682 irredimibilitas
2221 1619 2410 1681 faciat

866 1719 1069 1796 magis
1117 1718 1400 1778 odiosum
1444 1715 1610 1775 hunc
1665 1718 2052 1775 contractum
2095 1734 2109 1775 ε
2146 1714 2293 1793 quia
2338 1717 2409 1774 ut

866 1811 1028 1871 infra
1056 1810 1431 1883 videbimuS,
1467 1807 1668 1886 magis
1684 1811 2010 1886 suspectus
2039 1805 2157 1867 fuit
2184 1824 2407 1866 census

865 1903 1231 1964 redimibilis
1260 1904 1516 1980 propter
1563 1900 1912 1979 periculum
1943 1919 2149 1960 usurae
2179 1899 2401 1976 latens,

865 2015 1056 2076 quam
1104 2014 1328 2056 census
1383 1993 1830 2069 irredimibilis,
1877 1992 1939 2053 in
1983 2012 2106 2071 quo
2163 1992 2405 2052 nullum

864 2095 959 2151 est
988 2089 1110 2150 tale
1140 2086 1508 2167 periculum,
1556 2103 1698 2146 cum
1745 2102 1870 2145 non
1915 2085 2108 2163 possit
2150 2084 2404 2145 subesse

863 2188 1155 2243 mutuum
1208 2181 1314 2241 ubi
1369 2178 1636 2240 redditio
1694 2178 1878 2239 sortis
1932 2178 2302 2257 prohibetur
2338 2177 2404 2237 in

863 2280 1259 2355 perpetuum,
1322 2292 1436 2333 nec
1479 2272 1673 2350 possit
1723 2271 1985 2349 intelligi
2040 2289 2232 2331 usura
2269 2271 2403 2330 sine

863 2376 1081 2429 mutuo
1115 2366 1429 2444 explicito,
1459 2365 1557 2425 vel
1575 2364 1899 2443 implicito,
1919 2369 1990 2425 ut
2003 2363 2230 2442 probat
2243 2363 2403 2423 hene

861 2462 1008 2522 Mol.
1044 2460 1204 2538 disp.
1238 2462 1376 2520 391.
1412 2476 1585 2518 num.
1621 2460 1717 2517 16.

939 2554 1164 2633 Arguit
1192 2552 1449 2612 ulterius
1480 2550 1658 2612 Salas
1688 2550 1836 2610 dub.
1872 2549 1974 2609 illo
2004 2565 2190 2610 xxxv.
2224 2567 2397 2611 num.

857 2653 918 2711 5.
955 2647 1123 2728 quod
1180 2647 1244 2706 in
1299 2644 1505 2705 dubiis
1560 2643 1783 2703 melior
1811 2660 1945 2702 esse
1994 2641 2183 2702 debet
2212 2660 2401 2701 causa

857 2740 1268 2822 possidentis;
1305 2756 1500 2817 quare
1540 2735 1956 2816 judicandum
1987 2734 2105 2795 erit
2131 2735 2195 2794 in
2227 2735 2401 2795 favo-

856 2853 992 2895 rem
1020 2831 1385 2906 venditoriS,
1420 2830 1525 2909 qui
1558 2829 1855 2907 possidet.
1892 2827 2014 2889 Sed
2046 2827 2165 2887 hoc
2212 2846 2402 2905 argu-

857 2932 1142 2987 mentum
1170 2922 1516 3002 retorqueri
1539 2926 1746 3002 potest
1778 2942 1791 2982 z
1826 2920 2027 2998 magis
2058 2920 2225 2979 enim
2257 2938 2401 2998 pos-

860 3020 1026 3080 sidet
1052 3021 1299 3097 emptor
1328 3035 1517 3096 quam
1547 3014 1854 3089 venditor,
1906 3032 2050 3074 cum
2079 3032 2226 3073 vere
2258 3031 2401 3091 pos-

857 3114 1060 3174 sideat
1088 3128 1368 3186 censum,
1391 3126 1579 3188 quam
1610 3107 1899 3168 venditor
1927 3106 2291 3185 extinguere
2339 3109 2402 3167 et

857 3208 945 3268 illi
975 3206 1217 3266 auferre
1248 3202 1572 3264 contendit
1599 3201 1842 3262 reddito
1866 3199 2400 3279 pretio.Venditor

857 3304 1068 3362 autem
1115 3316 1231 3358 nec
1277 3295 1554 3375 possidet
1600 3311 1880 3368 censum,
1933 3310 2047 3352 nec
2078 3292 2267 3352 etiam
2297 3312 2402 3370 po-

855 3397 978 3455 test
998 3392 1119 3452 dici
1166 3389 1483 3471 possidere
1527 3405 1706 3448 suam
1743 3386 2096 3446 libertatem
2117 3384 2195 3444 ad
2234 3384 2399 3445 redi-

854 3486 1154 3547 mendum
1186 3502 1328 3544 cum
1370 3482 1448 3542 de
1502 3500 1571 3541 ea
1605 3498 1728 3540 non
1759 3482 2000 3539 constet
2029 3497 2109 3537 an
2158 3478 2256 3553 sit,
2306 3482 2398 3538 at-

856 3598 977 3660 que
1006 3579 1148 3638 ideo
1180 3594 1301 3637 non
1333 3579 1538 3654 potest
1567 3576 1852 3633 constare
1895 3570 1972 3630 de
2003 3571 2396 3648 possessione

857 3671 1188 3745 libertatiS,
1224 3686 1363 3747 quae
1396 3666 1671 3727 nescitur
1697 3682 1775 3723 an
1805 3663 1904 3724 sit.
1941 3663 2202 3735 Quando
2231 3663 2398 3724 enim

854 3766 1084 3828 dicitur
1111 3762 1331 3823 melior
1361 3779 1554 3820 eausa
1597 3756 1995 3837 possidentiS,
2032 3755 2095 3815 id
2128 3755 2269 3816 ideo
2301 3756 2396 3815 di-

853 3862 1034 3935 citur,
1079 3857 1226 3937 quia
1281 3854 1387 3934 qui
1446 3852 1727 3932 possidet
1779 3867 1935 3926 rem,
1997 3849 2399 3927 praesumitur

854 3971 989 4014 esse
1019 3950 1154 4031 ejus
1198 3949 1488 4011 dominus
1517 3944 1801 4006 absolute
1831 3946 1893 4003 et
1922 3943 2054 4002 sine
2083 3942 2396 4002 limitatio-

856 4065 954 4121 ne,
990 4044 1109 4104 nisi
1139 4041 1523 4103 contrarium
1550 4037 1869 4117 probetur.
1907 4037 2079 4097 Sicut
2101 4035 2149 4094 si
2182 4034 2395 4095 vendi-

854 4139 998 4199 disti
1027 4136 1183 4195 mihi
1211 4135 1490 4208 domum,
1518 4136 1581 4192 et
1601 4149 1716 4208 ego
1748 4148 1887 4189 eam
1904 4129 2216 4206 possideo,
2238 4148 2397 4208 prae-

851 4249 1066 4292 sumor
1084 4228 1220 4308 ejus
1241 4225 1529 4286 dominus
1550 4223 1829 4284 absolute
1860 4222 1991 4281 sine
2013 4222 2392 4300 obligatione

850 4322 1156 4385 reddendi
1188 4319 1360 4379 illam
1388 4317 1502 4380 tibi
1533 4315 1816 4377 offerenti
1840 4316 2129 4393 pretium.
2160 4315 2395 4377 Simili-

852 4424 945 4480 ter
975 4433 1126 4494 ergo
1158 4416 1405 4492 emptor
1449 4428 1672 4471 census
1703 4426 1887 4488 quem
1920 4408 2216 4486 possidet,
2252 4427 2393 4468 cen-

851 4517 1023 4573 setur
1051 4513 1114 4570 et
1154 4504 1553 4586 praesumitur
1597 4501 1731 4583 ejus
1769 4502 2060 4562 dominns
2106 4501 2392 4562 absolute

849 4605 982 4666 sine
1013 4600 1390 4680 obligatione
1420 4594 1926 4670 retrovendendi,
1962 4594 2104 4673 quia
2141 4612 2386 4673 posses-

849 4698 941 4758 sio
978 4695 1195 4757 fundat
1213 4692 1292 4752 ad
1310 4688 1863 4770 praesumptionem
1893 4687 1969 4747 de
2001 4687 2255 4748 domino
2284 4688 2391 4749 ab·

849 4791 1051 4852 soluto
1083 4787 1195 4862 rei,
1231 4803 1368 4865 quae
1392 4783 1746 4862 possidetur
1774 4781 1908 4841 sine
1938 4781 2062 4841 ulla
2093 4781 2390 4842 servitute

852 4887 961 4944 aut
990 4879 1369 4959 obligatione
1400 4876 1566 4936 circa
1596 4874 1788 4949 illam,
1822 4873 1938 4933 nisi
1966 4874 2286 4952 probetur.

932 4972 1219 5037 Dubitari
1246 4971 1403 5032 solet
1433 4968 1674 5044 ultime,
1708 4986 1788 5026 an
1806 4985 2030 5027 census
2060 4970 2392 5027 censeatur

854 5087 989 5130 esse
1020 5087 1098 5128 ex
1124 5064 1305 5126 bonis
1344 5059 1809 5135 inobilibuS,vel
1839 5077 1911 5118 ex
1939 5058 2385 5120 immobilibus.

517 5180 787 5238 fei-tineam
847 5164 936 5223 De
967 5179 1157 5222 censu
1190 5152 1580 5219 irredimibili
1627 5170 1749 5212 non
1781 5155 1875 5212 est
1903 5151 2186 5226 dubium,
2221 5151 2389 5230 quod

602 5233 708 5275 bona

532 5288 769 5332 immobilia.

851 5254 1161 5334 pertineat
1233 5249 1315 5311 ad
1364 5248 1529 5308 bona
1575 5244 1941 5320 immobilia,
1987 5263 2124 5304 cum
2168 5244 2249 5304 sit
2285 5245 2389 5323 jus

851 5350 1228 5427 perpetuum
1282 5338 1669 5422 percipiendi
1714 5338 1952 5398 fructus
1982 5355 2057 5396 ex
2084 5356 2151 5396 re
2182 5337 2393 5415 aliqua

851 5438 1179 5501 immobili.
1213 5439 1429 5514 Neque
1447 5433 1635 5494 etiam
1666 5435 1760 5492 est
1790 5430 2125 5490 difficultas
2147 5430 2391 5508 deipsis

2036 242 2137 300 DE
2179 239 2532 301 JUs'rl'rlA
2579 241 2678 301 ET
2718 242 2918 303 JURE

2513 416 2915 494 pensionibus
2962 436 3102 497 quae
3144 418 3538 497 accipiuntur
3581 439 3650 479 ex
3677 425 3951 487 censuzhae

2512 509 2680 568 enim
2709 510 2838 570 sive
2870 529 2944 570 ex
2987 511 3342 587 redimibili,
3383 512 3515 572 sive
3545 532 3618 572 ex
3659 514 3954 579 irredimibili

2512 601 2918 679 accipiantur,
2957 622 3076 664 non
3123 610 3268 664 sunt
3294 605 3464 665 bona
3517 606 3846 683 immobilia,
3885 612 3956 670 sed

2513 694 2788 771 mobilia,
2835 695 2995 756 sicut
3048 700 3110 757 et
3153 697 3395 757 fructus
3439 698 3557 775 ipsi
3604 699 3702 777 qui
3743 702 3958 763 exfundo

2511 787 2960 865 percipiuntur.
2979 791 3065 848 De
3089 809 3278 849 censu
3300 796 3511 851 autem
3528 790 3834 852 redimibili
3848 795 3959 873 qnod

2511 880 2822 956 pertineat
2850 881 2927 939 ad
2958 881 3124 941 bona
3152 882 3522 959 immobilia,
3556 884 3791 945 ridetur
3811 885 3961 947 baberi

2512 991 2799 1051 expresse
2830 973 2891 1032 in
2922 975 3223 1035 Clement.
3257 975 3470 1054 Exim,
3505 977 3560 1054 ξ.
3589 975 3825 1058 Cumque
3845 981 3969 1039 nimai

2509 1066 2747 1142 reditus,
2779 1064 2848 1126 de
2875 1066 3180 1127 verborum
3197 1068 3647 1148 siqnificatione,
3679 1070 3777 1130 ubi
3804 1071 3866 1131 de
3889 1073 3967 1132 fra·

2507 1158 2705 1218 tribus
2721 1159 3068 1221 minoribus
3083 1161 3171 1221 sic
3192 1161 3473 1222 declarat
3487 1162 3787 1223 Pontifex:
3811 1187 3833 1219 u
3846 1167 3969 1225 Cum·

2510 1269 2630 1329 que
2661 1252 2849 1311 annui
2879 1252 3116 1314 reditus
3147 1253 3307 1315 inter
3334 1254 3680 1315 immobilia
3721 1263 3972 1318 censeatur

2507 1362 2546 1403 a
2567 1343 2730 1422 jure,
2765 1363 2839 1405 ac
2887 1345 3245 1424 hujusmodi
3294 1346 3536 1408 reditus
3588 1348 3846 1409 obtinere
3868 1370 3972 1428 pau-

2508 1436 2752 1514 per-tad,
2788 1442 2850 1498 et
2876 1438 3260 1499 mendicitati
3299 1446 3640 1517 repugnet;
3676 1442 3829 1501 nulla
3852 1443 3972 1501 dubi·

2507 1530 2658 1590 tatio
2716 1535 2830 1606 est,
2867 1531 3035 1609 quod
3092 1532 3405 1609 praedictis
3461 1534 3754 1593 fratribus
3801 1535 3973 1595 reditus

2508 1640 2960 1701 quoscumque,
2989 1623 3149 1685 sicut
3176 1629 3238 1684 et
3255 1625 3700 1703 possessiones,
3717 1628 3973 1687 veleamm

2508 1715 2696 1776 etiam
2727 1734 2931 1791 usum,
2965 1735 3109 1776 cum
3139 1716 3229 1777 eis
3259 1735 3383 1777 uon
3414 1719 3765 1797 reperiatur
3789 1738 3970 1779 conces·

2508 1827 2634 1883 sus,
2684 1808 2986 1886 recipere,
3022 1808 3119 1868 vel
3171 1808 3429 1886 habere,
3465 1812 3811 1873 conditione
3835 1814 3975 1873 consi·

2509 1901 2728 1962 derata
2757 1901 3060 1978 ipsorum,
3086 1920 3209 1961 non
3237 1901 3404 1963 licet.
3437 1925 3467 1959 ι)
3508 1904 3712 1976 Quare
3726 1908 3975 1965 universa-

2506 1993 2648 2054 liter
2695 2012 2951 2054 censum
2994 1994 3159 2055 iuter
3187 1994 3534 2056 immobilia
3563 2000 3973 2076 computatldo-

2504 2087 2632 2147 lina
2661 2087 2821 2165 disp.
2857 2089 2995 2148 383.
3049 2106 3220 2148 num.
3266 2090 3361 2147 10.
3397 2093 3457 2150 et
3499 2089 3666 2148 idem
3695 2109 3972 2168 supponere

2505 2179 2797 2240 videntur
2852 2179 3160 2257 Batauus,
3209 2181 3495 2258 SociuuS,
3548 2188 3610 2244 et
3670 2184 3970 2260 Rodriguez,

2506 2291 2662 2352 quos
2692 2274 2876 2333 affert
2902 2272 3176 2333 Thomas
3217 2273 3499 2333 Sanchez
3529 2275 3637 2338 lib.
3694 2293 3793 2336 vn.
3823 2277 3869 2334 in
3891 2275 3970 2335 De·

2511 2365 2680 2444 aloy.
2716 2383 2770 2425 e.
2818 2381 2985 2427 xxvr.
3048 2384 3222 2426 num.
3282 2368 3382 2426 33.
3443 2366 3744 2442 dicentes,
3797 2369 3972 2427 reditus

2504 2458 2692 2519 etiam
2722 2457 2801 2517 ad
2832 2458 3150 2518 modicum
3177 2464 3424 2538 tempus
3455 2479 3797 2539 repugnare
3822 2461 3971 2521 fratri-

2502 2551 2618 2611 bus
2647 2550 3013 2627 MinoribuS,
3046 2556 3303 2630 propter
3331 2552 3528 2613 verba
3551 2554 3728 2615 dietae
3755 2555 3970 2615 Clemen-

2500 2644 2668 2705 tinae.

2581 2736 2945 2798 Communis
2993 2741 3225 2815 tamen,
3262 2742 3324 2799 et
3368 2739 3578 2799 verior
3605 2740 3969 2801 sentssentiado-

2501 2834 2619 2906 cet,
2658 2849 2936 2907 censum,
2990 2849 3100 2890 seu
3140 2831 3376 2893 reditus
3405 2833 3488 2891 ad
3511 2833 3758 2911 longum
3785 2839 3967 2911 tempus

2500 2922 2741 2983 censeri
2772 2923 2934 2983 inter
2962 2922 3129 2982 bona
3158 2923 3525 3002 immobilia,
3579 2945 3748 2986 secus
3777 2946 3908 2999 vere,
3930 2926 3964 2984 si

2501 3016 2623 3077 sint
2670 3015 2749 3075 ad
2799 3014 3117 3075 modicum
3164 3022 3433 3095 tempuS,
3494 3019 3582 3081 ita
3626 3019 3962 3098 TiraquellnS,

2499 3108 2797 3168 Binsfeld.
2832 3109 3177 3183 Molinaeus,
3213 3114 3276 3169 et
3306 3110 3403 3169 alii
3438 3130 3597 3191 quos
3625 3114 3808 3187 affert,
3835 3118 3963 3171 etse

2501 3203 2711 3282 quitur
2741 3202 2918 3263 Salas
2950 3201 3098 3263 dub.
3131 3219 3294 3264 κων.
3331 3211 3393 3265 et
3439 3206 3546 3265 alii
3574 3206 3826 3284 plurimi,
3850 3223 3962 3284 quos

2498 3295 2622 3355 late
2656 3294 2939 3372 congerit
2965 3299 3026 3355 et
3070 3296 3355 3374 sequitur
3403 3299 3683 3358 Sanchez
3710 3299 3802 3358 ubi
3827 3314 3964 3374 snpra

2498 3407 2671 3448 num.
2705 3390 2803 3448 36.
2840 3387 3138 3465 dicentes,
3174 3390 3409 3450 reditus
3436 3391 3515 3451 ad
3541 3391 3831 3451 modicum
3856 3398 3962 3450 tem-

2498 3500 2615 3560 pus
2645 3500 2767 3541 non
2815 3481 3262 3560 comprehendi
3312 3483 3374 3541 in
3422 3485 3630 3544 verbis
3674 3485 3834 3544 dictae
3871 3482 3964 3543 Cle-

2497 3574 2815 3650 mentinae,
2869 3592 2983 3633 nec
3043 3593 3395 3652 repugnare
3439 3576 3730 3637 fratribus
3775 3574 3966 3637 Minori-

2498 3669 2634 3728 bus.
2669 3668 2799 3727 lmo
2826 3666 3111 3726 Andreas
3142 3668 3295 3728 Gail.
3333 3668 3438 3729 lib.
3460 3686 3526 3729 11.
3532 3670 3777 3750 prae-tic.
3798 3668 3963 3729 obse-r.

2498 3760 2807 3820 observat.
2839 3762 2931 3821 10.
2967 3759 3163 3836 addit,
3197 3760 3258 3819 in
3284 3761 3657 3839 quibusdam
3689 3761 3967 3823 Germania

2497 3853 2851 3914 civitatibus
2891 3856 3122 3914 statuto
3163 3862 3484 3932 receptum
3534 3875 3688 3932 esse,
3721 3861 3969 3916 utcensus

2496 3945 2877 4006 redimibiles
2906 3946 3068 4006 inter
3096 3946 3354 4007 mobilia
3398 3954 3857 4028 computentur:
3882 3947 3970 4005 'noc

2494 4039 2707 4099 tamen
2738 4057 2863 4099 non
2891 4038 3072 4113 tollit,
3109 4040 3279 4117 quod
3309 4040 3553 4118 dejure
3585 4041 3872 4102 communi
3894 4038 3972 4097 ali·

2493 4135 2589 4194 ter
2612 4130 3027 4211 judicandum
3057 4131 3157 4192 sit.

2575 4224 2751 4284 Ratio
2785 4227 2995 4284 autem
3026 4228 3139 4300 est,
3175 4224 3341 4303 quod
3371 4225 3534 4288 sicut
3561 4227 3775 4289 locatio
3793 4226 3867 4286 rei
3890 4225 3974 4283 im·

2490 4317 2738 4378 mobilis
2766 4316 2847 4377 ad
2875 4317 3131 4396 longum
3164 4323 3410 4397 tempus
3441 4322 3766 4399 aequivalet
3791 4321 3974 4380 aliena·

2490 4410 2666 4485 tioni,
2701 4413 2764 4470 et
2801 4410 2941 4470 ideo
2997 4411 3364 4488 prohibetur
3415 4413 3527 4490 illi,
3564 4416 3661 4474 cui
3715 4412 3976 4493 prohibita

2492 4507 2587 4563 est
2615 4501 2930 4578 alienatiO,
2952 4504 3251 4564 Clement.
3273 4524 3315 4567 1.
3338 4504 3413 4564 ad
3429 4507 3642 4582 finem,
3658 4502 3978 4567 derebus&-

2490 4595 2677 4656 clesioe
2701 4615 2816 4654 non
2856 4594 3029 4655 alien.
3063 4595 3147 4656 ita
3190 4597 3421 4675 emptio
3467 4597 3628 4677 juris
3672 4600 3746 4660 ad
3790 4601 3980 4658 fructus

2490 4688 2587 4748 vel
2616 4688 2855 4748 reditus
2886 4707 2961 4748 ex
3006 4707 3072 4747 re
3122 4689 3332 4768 aliqua
3361 4709 3475 4767 per
3501 4692 3752 4771 longum
3782 4701 3980 4766 tempus

2491 4780 2851 4860 aequipollet
2904 4782 3278 4860 possessioni
3329 4783 3424 4843 rei
3470 4785 3800 4845 immobilis
3828 4804 3840 4843 :
3869 4799 3980 4861 quae

2488 4873 2646 4933 ratio
2691 4891 2816 4933 non
2856 4872 3142 4952 procedit
3170 4875 3422 4953 quando
3468 4877 3706 4938 reditus
3758 4870 3978 4937 suntad

2490 4964 2808 5025 modicum
2861 4970 3128 5044 tempuS.
3165 4967 3342 5038 Quod
3387 4973 3600 5030 autem
3626 4971 3854 5031 dicatur
3875 4967 3983 5026 lon-

2489 5076 2641 5137 gum
2683 5062 2953 5136 tempuS,
3001 5058 3193 5137 aliqui
3238 5060 3458 5122 dicunt
3499 5081 3632 5122 esse
3675 5063 3984 5142 quinquen·

2490 5151 2685 5226 nium,
2725 5170 2882 5231 quos
2912 5152 3103 5213 refert
3145 5153 3427 5214 Sancliez
3459 5174 3631 5217 num.
3667 5160 3760 5216 37.
3792 5153 3882 5213 alii
3907 5149 3983 5208 diss

2491 5248 2790 5305 cuntesse
2815 5243 2980 5324 quod
3002 5246 3655 5323 exceditdecennium,
3677 5269 3822 5328 quos
3838 5246 3982 5305 affert

2491 5357 2552 5397 n.
2574 5340 2673 5399 38.
2706 5338 3064 5399 Communis
3079 5342 3606 5402 tamensententia
3632 5343 3774 5401 dicit
3798 5356 3913 5398 esse
3930 5335 3980 5393 il·

2489 5430 2597 5490 lud
2619 5431 2788 5510 quod
2801 5431 3064 5492 estinfra
3076 5432 3268 5493 decen
3279 5433 3472 5512 nium,
3491 5454 3636 5494 nam
3651 5431 3976 5495 decennium
