4263 6376
1136 366 1605 427 DISPUTATIO
1650 366 1865 442 xxw,
1914 365 2191 427 SECTIO
2235 365 2395 425 xlv.

192 539 353 613 Quod
379 548 472 604 est
495 542 766 620 speciale
814 542 1210 622 privilegium
1241 560 1608 603 concessum
1642 542 1703 602 ei

192 633 287 711 qui
313 651 345 692 a
372 635 523 695 fiseo
552 635 723 711 emit,
758 641 820 696 et
846 635 987 697 ideo
1011 654 1132 696 non
1155 641 1250 697 est
1277 636 1358 697 ad
1387 635 1546 697 alios
1576 653 1705 695 em-

192 730 383 803 ptores
409 727 895 789 extendendum.

262 821 452 895 Petes,
483 821 538 880 si
566 825 848 900 tempore
876 820 1251 881 venditionis
1280 821 1520 883 fructus
1549 841 1698 902 pen·

191 911 391 973 dentes
413 918 590 974 erant
619 913 959 988 immaturi,
1008 919 1070 975 et
1096 917 1240 974 ante
1287 914 1696 975 traditionem

192 1005 459 1066 venditor
498 1010 786 1086 sumpt-us
838 1007 985 1067 fecit
1014 1012 1081 1067 nt
1134 1008 1373 1067 fructus
1425 1011 1702 1068 mature-

191 1103 433 1172 scerent,
490 1118 571 1160 an
604 1105 889 1178 sumptus
930 1100 1019 1159 illi
1047 1098 1126 1158 ab
1171 1103 1454 1178 emptore
1484 1105 1704 1179 postea

191 1190 444 1249 solvendi
474 1190 619 1266 sint,
654 1192 907 1271 quando
938 1192 993 1252 ei
1021 1192 1206 1252 vinea
1223 1210 1368 1253 cum
1397 1193 1704 1254 fructibus

190 1283 427 1343 maturis
467 1285 889 1363 pendentibus
932 1286 1139 1346 datur.
1190 1285 1550 1365 Respondet
1575 1287 1705 1347 Mo-

188 1375 299 1434 lina
325 1394 423 1437 nu.
456 1380 515 1437 4.
561 1378 874 1439 venditori
914 1379 1247 1439 solvendos
1286 1397 1420 1439 esse
1466 1379 1548 1439 ab
1579 1397 1706 1439 em-

188 1472 343 1546 ptore
370 1487 474 1530 eos
501 1475 814 1550 sumptus,
850 1475 911 1531 et
938 1471 1315 1532 industriam
1345 1472 1704 1551 appositam

187 1559 240 1618 in
266 1560 555 1622 fructibus
583 1563 669 1624 ad
697 1568 931 1625 statum
974 1564 1323 1641 perfectum
1353 1565 1707 1643 perducen-

188 1651 290 1726 dis,
319 1654 478 1733 quod
507 1656 739 1734 probat
764 1674 842 1715 ex
869 1656 911 1716 1.
942 1655 1236 1729 Julianus,
1285 1657 1343 1735 ἓ.
1377 1656 1701 1733 Proeterea,

190 1746 244 1805 ff.
263 1744 447 1807 deact.
480 1756 660 1828 empt.
696 1748 824 1810 Sed
852 1748 939 1809 ibi
968 1766 1090 1808 non
1115 1753 1210 1810 est
1223 1767 1429 1810 sermo
1447 1750 1527 1810 de
1544 1750 1704 1829 ejus-

189 1838 340 1897 modi
386 1841 761 1919 sumptibus,
824 1841 935 1900 sed
981 1841 1059 1900 de
1115 1841 1251 1901 aliis
1306 1842 1485 1903 factis
1533 1843 1701 1904 circa

190 1931 574 1994 substantiam
603 1933 697 1993 rei
728 1932 1019 2010 venditae,
1052 1938 1121 1995 ut
1149 1933 1211 1993 in
1235 1935 1576 1996 reficienda
1598 1935 1707 1997 do-

190 2041 279 2083 mo
317 2023 581 2100 vendita,
628 2026 730 2086 vel
768 2026 1047 2087 curando
1091 2045 1271 2087 servo
1318 2028 1573 2090 vendito
1621 2046 1707 2089 ae-

190 2121 469 2194 grotante.
504 2118 741 2180 Probat
769 2118 958 2181 etiam
995 2137 1067 2178 ex
1098 2121 1140 2181 l.
1173 2119 1321 2181 Post
1351 2121 1700 2202 perfectam,

193 2212 248 2270 C.
291 2209 406 2270 eod.
438 2210 531 2272 tit.
582 2212 712 2272 Sed
742 2211 830 2271 ibi
858 2230 1064 2274 sermo
1109 2218 1204 2275 est
1249 2215 1326 2275 de
1356 2215 1707 2295 sumptibus

194 2303 336 2363 circa
362 2304 596 2365 fructus
653 2309 797 2384 post
831 2305 1176 2384 perfectam
1222 2308 1650 2369 venditionem
1685 2327 1699 2367 ε

193 2395 416 2475 quando
492 2397 737 2458 scilicet
806 2399 1048 2459 fructus
1108 2398 1245 2479 jam
1318 2401 1399 2459 ad
1469 2407 1704 2481 empto-

192 2508 306 2549 rem
355 2489 782 2568 pertinebant,
841 2491 989 2569 quia
1044 2509 1104 2552 v.
1162 2511 1225 2570 g.
1292 2511 1390 2553 res
1452 2495 1703 2555 vendita

191 2580 244 2640 in
284 2581 621 2642 dominium
705 2583 1001 2661 emptoris
1061 2585 1418 2662 transierat,
1478 2593 1541 2647 et
1615 2592 1704 2648 ta-

191 2693 314 2734 men
348 2675 637 2736 venditor
672 2675 842 2736 bona
886 2676 1011 2736 fide
1052 2681 1337 2755 sumptus
1379 2679 1544 2739 circa
1575 2679 1703 2740 fru-

191 2771 326 2843 ctus,
380 2767 481 2847 qui
527 2768 611 2828 ad
659 2772 1009 2847 emptorem
1053 2770 1484 2848 pertinebant,
1542 2773 1702 2832 fece-

192 2864 291 2919 rat.

257 2956 444 3022 Quare
471 2953 768 3015 doctrina
808 2954 915 3015 illa
944 2973 1069 3017 non
1093 2960 1297 3034 potest
1326 2958 1704 3020 universali-

191 3048 271 3104 ter
296 3063 435 3106 vera
461 3065 624 3124 esse,
670 3046 855 3126 juxta
883 3048 1186 3128 principia
1229 3069 1419 3129 supra
1447 3052 1649 3131 posita
1682 3067 1698 3114 t

190 3137 233 3196 si
259 3138 409 3199 enim
436 3140 712 3219 emptori
732 3145 947 3221 postea
977 3160 1098 3203 non
1128 3143 1436 3206 debentur
1464 3145 1703 3207 fructus

191 3231 384 3308 vineae,
439 3252 499 3294 v.
534 3253 599 3312 g.
666 3234 786 3293 nisi
825 3236 1178 3297 secundum
1206 3238 1486 3299 valorem
1514 3258 1703 3319 quem

192 3322 475 3387 habebant
527 3327 789 3407 quando
844 3328 1099 3389 vendita
1124 3330 1260 3406 fuit,
1319 3350 1443 3393 non
1485 3351 1702 3394 secun·

190 3415 318 3476 dum
358 3418 842 3497 incrementum,
904 3426 967 3483 et
1017 3422 1466 3500 perfectionem
1512 3444 1704 3505 quam

191 3513 350 3569 antea
377 3511 760 3589 habuerunt,
822 3533 961 3594 quae
991 3515 1069 3574 ad
1126 3516 1521 3578 venditorem
1558 3538 1699 3597 spe-

191 3607 355 3680 ctant,
411 3606 519 3684 qui
575 3605 875 3667 dominus
922 3607 1121 3668 vineae
1173 3610 1404 3671 mansit
1448 3615 1579 3674 toto
1627 3630 1701 3674 eo

189 3699 473 3773 πωροι-ες
524 3716 925 3778 consequens
953 3704 1049 3761 est
1075 3704 1146 3762 ut
1173 3707 1457 3781 sumptus
1484 3723 1598 3783 pro
1628 3724 1704 3766 ea

190 3788 539 3864 perfectione
570 3796 639 3853 et
664 3793 1027 3853 maturitate
1072 3798 1517 3874 consequenda
1553 3799 1703 3859 facti

189 3879 257 3939 ad
282 3881 472 3959 ipsum
502 3885 700 3945 etiam
730 3885 1123 3947 venditorem
1168 3887 1391 3948 saltem
1421 3907 1496 3949 ex
1524 3895 1702 3968 parte

191 3975 470 4049 pertinere
513 3978 824 4054 debeant,
886 3997 1030 4039 cum
1077 3980 1137 4039 in
1191 3981 1325 4060 ejus
1370 3982 1702 4043 utilitatem

192 4065 315 4127 facti
338 4070 478 4132 sint.
512 4071 677 4148 Dixi,
710 4071 917 4133 saltem
944 4091 1019 4133 ea:
1035 4083 1237 4154 parte,
1270 4075 1420 4153 quia
1446 4093 1589 4136 cum
1621 4076 1703 4137 ad

191 4167 508 4240 emptorem
557 4165 921 4244 pertineant
967 4167 1158 4228 etiam
1185 4184 1259 4227 ex
1304 4173 1481 4245 parte
1512 4168 1703 4228 iidem

192 4252 398 4316 fructus
426 4258 777 4319 secundum
824 4260 1103 4320 valorem
1151 4278 1340 4339 quem
1382 4260 1704 4324 habebant

192 4349 443 4426 tempore
470 4351 874 4428 venditionis,
908 4351 988 4411 ad
1010 4356 1358 4430 emptorem
1380 4353 1568 4414 etiam
1598 4354 1702 4414 de-

193 4436 319 4500 bent
342 4443 655 4520 pertinere
701 4443 741 4503 ii
773 4450 1058 4523 sumptus
1105 4463 1219 4523 pro
1250 4450 1388 4506 rata
1420 4446 1703 4507 utilitatis

192 4549 355 4609 quam
383 4534 435 4594 ei
467 4537 761 4614 afferunt,
798 4555 943 4597 cum
973 4537 1015 4597 ii
1045 4542 1333 4616 sumptus
1364 4539 1700 4600 necessarii

192 4625 354 4686 etiam
395 4629 536 4706 sint,
596 4635 667 4692 ut
712 4631 970 4707 fmctuS,
1033 4632 1247 4710 quales
1294 4632 1373 4691 ab
1421 4638 1700 4712 emptore

192 4717 415 4782 fuerunt
440 4724 658 4803 empti,
713 4724 893 4786 utiles
922 4724 976 4783 ei
1008 4725 1132 4785 sint
1182 4744 1196 4785 :
1248 4724 1366 4784 nisi
1397 4725 1563 4784 enim
1595 4744 1701 4805 po-

189 4817 299 4871 stea
330 4821 771 4894 maturescant,
832 4817 1067 4877 nullam
1118 4836 1193 4877 ex
1238 4817 1327 4878 eis
1368 4818 1700 4880 utilitatem

191 4906 454 4985 accipiet.

258 5001 392 5062 Haec
419 5003 633 5062 omnia
659 5003 1029 5083 procedunt,
1065 5004 1316 5084 quando
1340 5005 1512 5064 nulla
1541 5024 1699 5084 pree·

192 5093 356 5155 cessit
379 5097 584 5175 culpa,
619 5097 718 5156 vel
748 5115 926 5157 mora
953 5117 1028 5157 ex
1057 5103 1234 5177 parte
1263 5097 1607 5158 venditoris
1634 5098 1699 5157 in

145 5214 155 5224 ·
193 5186 473 5247 tradenda
501 5207 568 5248 re
598 5190 876 5265 vendita,
913 5209 1115 5270 neque
1146 5209 1220 5250 ex
1251 5194 1425 5269 parte
1455 5194 1698 5267 empto-

190 5277 264 5336 ris
289 5279 346 5338 in
373 5282 572 5359 pretio
602 5283 925 5344 solvendo.
960 5283 1222 5356 Quando
1252 5301 1401 5343 vero
1432 5300 1700 5361 praeces-

190 5369 260 5430 sit
282 5390 470 5450 mora,
502 5378 756 5436 tenetur
784 5376 1074 5437 venditor
1102 5377 1181 5435 ad
1211 5376 1449 5436 fructus
1480 5394 1698 5436 omnes

188 5480 220 5520 a
245 5482 408 5526 mora
433 5473 785 5547 perceptOS,
837 5474 899 5530 et
926 5470 1029 5549 qui
1058 5469 1292 5548 percipi
1322 5469 1690 5548 potuissent,

191 5559 431 5635 emptori
478 5559 741 5637 dandos,
801 5567 864 5623 et
905 5562 984 5622 ad
1033 5580 1218 5623 omne
1265 5562 1565 5623 interesse
1596 5562 1691 5623 in-

3221 359 3332 419 331

1804 542 2168 619 trinsecum,
2220 559 2342 602 non
2374 559 2521 602 vero
2569 540 2651 601 ad
2700 538 2933 599 damna
2963 534 3333 609 extrinseca,

1805 639 1876 696 ut
1901 635 2170 696 diximus
2189 653 2328 713 sup.
2355 634 2514 713 disp.
2540 649 2719 695 xvm.
2753 636 2904 693 sect.
2925 634 2984 691 2.
3010 627 3120 689 ubi
3148 627 3338 689 etiam

1802 727 2096 803 vidimus,
2143 746 2226 788 an
2256 726 2317 786 in
2348 726 2483 787 foro
2513 723 2911 786 conscientiae
2938 724 3227 783 teneatur
3254 719 3336 780 ad

1804 820 2103 882 interesse
2146 819 2333 881 etiam
2383 816 2843 880 extrinsecum?
2900 815 2965 877 Si
3011 832 3159 875 vero
3206 830 3340 871 em·-

1805 917 1946 993 ptor
1991 914 2071 975 sit
2124 913 2189 973 in
2233 930 2412 973 mora
2457 910 2747 972 tradendi
2793 906 3103 987 pretium,
3161 910 3338 966 tene-

1802 1010 1908 1067 tur
1943 1007 2023 1067 ad
2068 1006 2297 1066 damna
2345 1003 2689 1065 venditoris
2750 1022 2763 1063 :
2823 1019 2903 1062 an
2951 1016 3099 1059 vero
3143 997 3340 1078 possit

1804 1099 2094 1159 venditor
2120 1099 2368 1178 exigere
2400 1115 2641 1172 usuras,
2691 1095 2788 1155 vel
2832 1092 3196 1172 pensionem
3224 1089 3339 1151 ali-

1805 1210 1994 1271 quam
2029 1209 2137 1270 pro
2185 1191 2386 1270 pretio
2417 1188 2695 1249 nondum
2725 1187 2962 1261 soluto,
3013 1184 3110 1243 vel
3153 1201 3228 1243 ea
3257 1182 3336 1242 de

1806 1303 1991 1346 causa
2023 1302 2343 1345 reservare
2376 1283 2495 1343 sibi
2535 1283 2793 1355 fructus,
2843 1279 3031 1340 etiam
3079 1280 3221 1356 post
3247 1275 3337 1336 rei

1805 1378 1868 1439 in
1899 1378 2248 1439 dominium
2291 1376 2589 1455 emptoris
2618 1372 3011 1448 translatum,
3065 1370 3335 1431 diximus

1804 1471 1927 1533 late
1957 1472 2116 1549 disp.
2154 1470 2423 1550 praeced.
2471 1472 2623 1530 sect.
2659 1483 2797 1531 vm.
2851 1484 2991 1545 quae
3021 1464 3106 1527 ibi
3135 1463 3336 1524 videri

1806 1569 2087 1645 possunt.

2430 1955 2485 2033 ἓ.
2520 1952 2708 2016 Unic.

1804 2223 1906 2282 An
1945 2220 2311 2297 demmenta,
2362 2227 2419 2280 et
2450 2217 2808 2279 incommoda
2847 2236 2932 2278 ret
2978 2216 3225 2279 venditae
3260 2214 3341 2277 ad

1940 2338 2252 2410 emptorem
2273 2325 2606 2409 pertineant
2638 2334 2770 2385 ante
2798 2323 3189 2386 traditionem.

1885 2586 2016 2644 Hoc
2069 2588 2164 2644 est
2216 2582 2562 2644 secundum
2617 2581 2734 2641 sub
2787 2580 2967 2642 titulo
3039 2578 3333 2640 sectionis

1803 2681 2200 2747 contentnm3
2233 2678 2399 2737 eirca
2428 2675 2596 2756 quod
2626 2675 2845 2753 regula
2874 2674 3185 2753 generalis
3214 2677 3328 2749 est,

1802 2771 1963 2832 sicut
1988 2771 2413 2846 commodum,
2445 2769 2533 2829 sic
2559 2769 2746 2829 etiam
2769 2767 3116 2848 periculum
3138 2772 3201 2828 et
3230 2766 3336 2827 da-

1800 2883 2019 2925 mnum
2049 2864 2138 2924 rei
2170 2867 2420 2942 emptae,
2471 2866 2801 2943 postquam
2833 2861 3067 2924 tradita
3096 2865 3213 2936 est,
3265 2860 3332 2919 in

1801 2958 2149 3019 dominium
2180 2956 2477 3035 emptoris
2506 2956 2709 3017 eidem
2739 2956 2984 3031 cedere,
3032 2954 3073 3015 Ι.
3106 2954 3332 3029 Lectos,

1802 3056 1865 3113 et
1890 3052 1931 3112 1.
1971 3049 2139 3126 Quod
2177 3049 2455 3130 sineque,
2510 3051 2571 3110 ff.
2624 3047 2693 3109 de
2726 3048 2916 3130 pem‘c.
2967 3055 3023 3108 et
3048 3045 3329 3107 commod.

1800 3144 1893 3206 rei
1917 3143 2203 3220 venditoe;
2248 3143 2395 3223 quia
2435 3161 2535 3204 res
2567 3142 2769 3204 omnis
2798 3140 3052 3203 domino
3082 3159 3194 3202 suo
3225 3159 3335 3220 pe-

1798 3238 1901 3314 rit,
1952 3237 2052 3298 vel
2099 3237 2535 3314 deterioratur.
2595 3239 2756 3297 Ante
2801 3234 3201 3296 traditionem
3228 3252 3336 3295 au·

1800 3335 1951 3406 tem,
2002 3331 2054 3391 si
2082 3349 2184 3390 res
2214 3329 2632 3391 determinata
2679 3329 2740 3388 in
2770 3328 3094 3388 individuo
3139 3332 3203 3389 et
3227 3327 3335 3388 ab·

1800 3423 2001 3484 solute
2057 3423 2369 3484 vendatur
2389 3468 2404 3497 ‚
2464 3422 2626 3502 perit
2669 3422 2859 3483 etiam
2914 3419 3215 3499 emptori,
3275 3422 3337 3480 et

1799 3515 1932 3596 ipse
1977 3520 2225 3577 tenetur
2272 3513 2478 3576 adhuc
2518 3514 2788 3594 pretium
2834 3515 3075 3575 solvere
3123 3513 3337 3573 vendi-

1801 3609 1941 3686 tori,
1992 3610 2152 3670 sicut
2179 3610 2231 3669 si
2259 3627 2360 3669 res
2389 3627 2512 3669 non
2541 3609 2866 3687 periisset;
2915 3608 2966 3668 si
2993 3613 3205 3669 tamen
3233 3625 3334 3667 res

1800 3702 1933 3763 s3ne
1962 3702 2146 3780 culpa
2173 3702 2520 3763 venditoris
2550 3700 2753 3779 periit,
2805 3718 2919 3761 nec
2964 3700 3146 3760 aliter
3173 3699 3336 3760 inter

1800 3795 2243 3857 contrahentes
2271 3800 2652 3857 conventum
2680 3798 2795 3871 est,
2844 3795 2902 3872 ἓ.
2939 3792 3089 3855 Cum
3117 3800 3329 3870 autem,

1795 3888 2015 3969 juncta
2042 3888 2200 3966 glos,
2246 3888 2354 3961 ibi,
2403 3889 2553 3949 Inst.
2587 3885 2657 3947 de
2698 3897 2873 3968 empt.
2909 3896 2963 3947 et
3003 3885 3169 3947 vend.
3204 3887 3328 3964 leg.

1806 3980 1972 4057 Quod
1994 3999 2167 4062 ηερε,
2198 3982 2256 4060 ἓ.
2289 3980 2360 4040 In
2389 3980 2480 4056 iis,
2515 3982 2576 4041 ff.
2610 3979 2680 4040 de
2707 3979 2968 4040 contrah.
3002 3988 3177 4060 empt.
3208 3979 3252 4039 l.
3284 3997 3328 4041 1.

1802 4079 1864 4136 et
1911 4093 2085 4154 seqq.
2141 4075 2204 4135 ss'.
2257 4077 2317 4134 et
2359 4076 2425 4135 G.
2477 4072 2548 4133 de
2587 4073 2772 4157 peric.
2824 4082 2881 4134 et
2920 4071 3199 4134 commod.
3248 4072 3340 4133 rei

1800 4167 1967 4229 vend.
2028 4167 2206 4228 Ratio
2236 4170 2445 4228 autem
2475 4171 2588 4242 est,
2640 4166 2788 4246 quia
2813 4167 2960 4228 licet
2988 4166 3333 4227 dominium

1801 4280 1925 4323 non
1982 4265 2262 4322 transeat
2301 4259 2363 4318 in
2419 4259 2810 4322 venditorem
2858 4265 3001 4322 ante
3045 4259 3332 4322 traditio-

1801 4374 1966 4432 nem,
2002 4358 2065 4414 et
2090 4354 2292 4413 soluto
2322 4352 2546 4431 pretio,
2599 4353 2698 4413 vel
2730 4354 2852 4414 tide
2882 4353 2960 4414 dc
2991 4354 3192 4432 pretio
3222 4354 3335 4415 ha-

1800 4447 1960 4519 bita;
1993 4447 2165 4524 leges
2187 4450 2395 4506 tamen
2422 4447 2776 4523 voluerunt,
2812 4452 2880 4508 ut
2902 4447 3169 4508 naturali
3189 4465 3337 4508 con-

1799 4539 2057 4619 gruitati
2087 4557 2454 4615 consonum,
2512 4540 2679 4620 quod
2710 4540 3060 4618 periculum
3086 4540 3246 4602 sicut
3273 4547 3335 4602 et

1802 4632 2202 4693 commodum
2249 4631 2339 4691 rei
2383 4632 2655 4693 venditoe
2702 4634 3045 4712 pertineret
3089 4633 3170 4693 ad
3201 4652 3333 4693 em-

1799 4729 2041 4804 ptorem
2077 4744 2089 4784 :
2125 4725 2270 4802 quia
2297 4724 2586 4785 venditor
2600 4726 2801 4786 solum
2822 4731 3070 4788 tenetur
3086 4726 3332 4788 actione

1799 4816 2110 4898 personali
2172 4816 2254 4877 ad
2282 4836 2416 4877 rem
2460 4818 2628 4878 illam
2671 4819 3077 4893 tradendam;
3138 4838 3334 4899 quare

1800 4915 2100 4990 pereunte
2130 4928 2221 4985 re,
2253 4914 2460 4972 cessat
2487 4910 2622 4990 ejus
2651 4911 2950 4990 obligatio
2987 4933 3001 4973 ε
3053 4931 3087 4973 e
3116 4917 3335 4972 contra

1800 5022 1950 5063 vero
2009 5007 2259 5081 emptor
2313 5003 2558 5064 actione
2615 5005 2926 5083 personali
2954 5009 3203 5066 tenetur
3253 5005 3334 5065 ad

1799 5095 2077 5156 dandum
2107 5095 2398 5174 pretium,
2447 5096 2496 5156 si
2528 5096 2679 5157 illud
2710 5097 2916 5158 adhuc
2944 5116 3066 5157 non
3096 5097 3282 5158 solvit
3313 5118 3326 5158 :

1797 5207 1991 5269 quare
2020 5207 2164 5249 cum
2193 5188 2344 5248 illud
2386 5189 2539 5249 dare
2566 5191 2763 5269 possit
2791 5209 2914 5250 non
2961 5195 3166 5251 cessat
3197 5191 3331 5269 ejus

1798 5282 2120 5361 obligatio.

1877 5375 2218 5438 Tenebitur
2260 5379 2474 5436 tamen
2517 5376 2805 5437 venditor
2845 5377 3193 5456 periculum
3223 5398 3328 5439 su-

1795 5467 1951 5544 bire,
1986 5468 2037 5528 si
2067 5467 2129 5527 in
2159 5486 2336 5528 mora
2383 5468 2500 5528 fuit
2545 5468 2833 5528 tradendi
2880 5488 3014 5529 rem
3057 5473 3327 5551 emptori

1791 5565 1853 5624 et
1881 5561 2128 5623 interim
2158 5561 2342 5641 periit
2369 5580 2493 5622 non
2524 5562 2796 5640 peritura
2845 5562 3129 5624 similiter
3157 5566 3327 5645 apud

3482 2592 3599 2650 216

3422 2716 3654 2759 Periculum

3409 2770 3585 2825 pertinet
3603 2770 3654 2812 ad

3383 2822 3679 2920 33ΡῶὙᾶιὲ

3475 5393 3589 5452 217
