4263 6376
1124 310 1593 373 DlSPUTATIO
1639 308 1912 382 XXXVI,
1965 306 2237 368 SECTIO
2283 308 2382 367 1v.
3237 303 3352 361 625

1822 486 2281 561 memorabiliS,
2345 483 2589 546 etiamsi
2645 483 2721 542 de
2759 481 2963 561 primo
3006 479 3185 542 titulo
3231 496 3354 539 non

1824 585 2098 657 constet,
2165 578 2431 639 sufficiet
2467 577 2548 636 ad
2591 574 3127 654 praescribendum
3172 575 3235 632 et
3276 571 3354 630 ad

231 703 335 765 qua
372 678 582 741 subditi
638 694 710 737 ex
767 674 1149 754 gratitudine
1206 675 1305 735 vel
1361 674 1484 734 alia
1534 691 1724 733 causa
1823 673 2333 753 proesumendum
2363 670 2530 749 quod
2562 669 2951 748 praecesserit
2979 666 3223 737 titulus,
3258 664 3357 724 vel

230 774 538 853 obligarent
565 788 627 830 se
658 770 737 829 ad
791 768 1161 828 solvendum
1189 768 1348 845 regi,
1381 771 1443 827 et
1482 784 1723 826 succes·
1824 786 1900 827 ex
1930 771 2255 828 contractu
2305 783 2568 826 oneroso
2601 763 2698 823 vel
2728 782 2800 821 ex
2834 762 3170 823 donatione
3199 758 3355 818 fide-

231 868 439 929 soribus
465 864 522 923 in
545 880 735 941 regno
766 879 1023 921 censum
1040 860 1313 939 aliquem
1344 878 1415 919 ex
1447 857 1721 936 praediis,
1822 861 1998 937 lium,
2038 879 2161 939 quo
2192 878 2416 919 census
2446 858 2546 917 ille
2579 857 2884 917 debeatur
2910 902 2926 932 ,
2961 852 3201 915 etiamsi
3233 870 3356 912 non

228 961 401 1022 velex
429 957 555 1017 aliis
582 954 931 1025 mercibus;
965 971 1088 1012 non
1122 953 1378 1031 quidem
1434 952 1514 1011 ob
1558 951 1728 1011 debi-
1826 954 1905 1015 sit
1944 954 2025 1013 ad
2054 951 2567 1014 satisfaciendum
2618 949 2827 1011 debito
2876 947 3144 1008 naturali
3192 944 3358 1023 quod

228 1059 340 1115 tum
364 1047 759 1110 subveniendi
790 1045 1263 1106 necessitatibus
1293 1045 1579 1125 publiciS,
1616 1043 1725 1103 sed
1827 1046 2095 1125 populus
2127 1045 2320 1106 habet
2349 1044 2555 1104 alendi
2588 1042 2902 1102 ministros
2930 1037 3222 1100 Ecclesiae
3243 1084 3258 1115 ,
3292 1040 3362 1098 ut

228 1148 294 1207 ob
317 1141 742 1223 gratitudinem
771 1158 920 1218 erga
951 1158 1187 1217 regem,
1205 1158 1244 1198 a
1273 1157 1395 1217 quo
1427 1155 1728 1216 magnum
1827 1140 2063 1200 dictum
2084 1144 2198 1199 est.

227 1236 446 1317 aliquod
498 1233 870 1295 beneficium
939 1232 1346 1310 accepissent.
1401 1230 1578 1304 Quod
1625 1229 1728 1309 jus
1904 1233 2180 1294 Infertur
2211 1231 2425 1311 quinto
2457 1229 2917 1309 principaliter,
2966 1226 3116 1306 quid
3146 1224 3358 1286 dicen·
3505 1223 3582 1281 57

226 1350 330 1391 non
372 1330 742 1405 competeret
794 1325 929 1403 regi
984 1328 1053 1385 ut.
1106 1341 1387 1403 personae
1443 1324 1725 1401 privatae,
1830 1326 1981 1386 dum
2010 1326 2111 1402 sit,
2149 1325 2403 1404 quando
2434 1323 2724 1401 princeps
2754 1340 2875 1382 non
2894 1324 3148 1398 praestat
3176 1338 3250 1379 ea
3278 1317 3359 1379 ad
3409 1349 3704 1404 Qu5d‚q„,„d0

227 1440 401 1503 neque
429 1422 589 1481 enim
631 1421 842 1499 posset
881 1417 1075 1477 libere
1124 1417 1201 1478 de
1239 1417 1342 1478 illo
1372 1416 1726 1495 disponere,
1832 1438 1970 1499 quae
2003 1419 2303 1480 tributum
2348 1416 2708 1495 impositum
2737 1419 2798 1476 et
2827 1431 3191 1474 concessum
3220 1410 3355 1485 fuit,
3409 1405 3706 1511 ''gsfflq‘gg‘

224 1516 316 1575 secl
344 1514 719 1574 essentbona
744 1510 1122 1589 pertinentia
1160 1510 1240 1569 ad
1297 1527 1619 1584 coronam,
1671 1511 1734 1569 et

1832 1513 1895 1572 in
1927 1531 2050 1592 quo
2083 1519 2314 1590 puncto
2346 1509 2534 1589 aliqui
2568 1509 2849 1569 absolute
2872 1507 3118 1581 docent,
3155 1504 3362 1566 subdi·
3454 1510 3647 1607 triffitffm

226 1607 497 1667 deberent
525 1604 791 1668 transire
844 1603 924 1663 ad
978 1622 1370 1664 successores
1412 1621 1556 1663 cum
1598 1603 1732 1680 ipso
1832 1610 1926 1667 tos
1987 1624 2112 1665 non
2141 1605 2342 1665 teneri
2399 1602 2550 1663 illud
2579 1602 2857 1676 solvere,
2921 1603 2981 1660 et
3015 1598 3364 1678 principem
3654 1595 3665 1606 ⁶

225 1719 417 1779 regn0.
1836 1697 2064 1758 debere
2096 1696 2424 1757 restituere
2457 1695 2623 1775 quod
2657 1693 2934 1771 accepit,
2968 1691 3053 1753 ita
3081 1691 3360 1770 Cajetan.

294 1792 381 1853 Ad
406 1792 519 1853 hoc
549 1795 761 1852 autem
788 1790 1136 1870 retorqueri
1159 1793 1363 1869 potest
1382 1788 1734 1867 exemplum
1835 1791 2010 1852 verb.
2046 1788 2312 1868 vectz'qal,
2362 1788 2609 1849 Silvest.
2650 1785 2911 1861 Gabella,
2945 1802 3040 1846 111.
3076 1804 3180 1864 qu.
3215 1786 3273 1845 3.
3308 1788 3371 1844 et

232 501 403 561 tractu
449 510 700 555 oneroso
756 490 995 568 imponi
1050 493 1276 569 potest,
1312 493 1380 549 ut
1426 487 1716 563 vidimuS,

232 594 409 673 posset
432 587 607 647 etiam
636 584 873 662 imponi
923 603 999 642 ex
1037 582 1374 643 donatione
1422 579 1718 659 gratuita,

145 2046 182 2129 Tg

222 1886 376 1961 illud,
408 1885 573 1965 quod
605 1884 939 1945 adducitur
969 1883 1045 1943 de
1076 1883 1338 1944 decimis
1370 1903 1384 1942 :
1420 1901 1565 1943 nam
1594 1883 1739 1942 licet
1835 1888 1895 1946 9.
1932 1883 2161 1945 Sanch.
2204 1901 2353 1941 vero
2385 1883 2447 1942 d.
2484 1899 2536 1941 c.
2572 1882 2675 1941 lv.
2724 1880 2874 1939 dub.
2912 1896 3048 1939 vm.
3099 1895 3270 1938 num.
3305 1879 3364 1936 5.

224 1980 306 2038 hae
330 1979 643 2039 solvantur
670 1977 968 2038 ministris
1010 1976 1302 2037 Ecclesiae
1348 1982 1606 2054 propter
1634 1973 1740 2033 de-

222 2072 399 2133 bitum
428 2071 710 2131 naturale
749 2070 917 2149 quod
960 2069 1151 2130 habet
1193 2088 1297 2129 eos
1345 2068 1551 2128 alendi
1588 2088 1600 2128 :
1636 2085 1739 2126 ne-

219 2166 339 2244 gari
362 2170 568 2225 tamen
612 2183 739 2223 non
766 2168 993 2242 potest,
1032 2162 1196 2241 quod
1231 2162 1408 2240 plura
1467 2161 1590 2222 alia
1619 2160 1739 2220 sol-

146 2283 155 2291 ·
217 2262 424 2318 vantur
476 2256 769 2317 Ecclesia}
826 2255 902 2315 de
959 2255 1146 2330 factO,
1180 2273 1321 2333 quae
1380 2256 1743 2331 competunt

216 2350 498 2411 ministris
527 2348 848 2423 Ecclesiae,
884 2367 1008 2407 non
1040 2352 1108 2408 ut
1135 2346 1416 2425 personis
1462 2345 1737 2424 privatis»,

214 2442 311 2502 sed
343 2448 408 2502 ut
460 2441 733 2501 ministri
772 2440 1065 2501 Ecclesiae
1109 2443 1274 2515 sunt,
1310 2443 1370 2499 et
1427 2457 1567 2517 quae
1598 2437 1741 2497 ideo

214 2540 344 2597 sunt
369 2553 514 2595 vere
563 2538 627 2596 et
680 2534 929 2612 proprie
984 2533 1154 2592 bona
1210 2531 1649 2606 ecclesiastica,
1684 2534 1746 2590 et

214 2634 408 2688 tamen
441 2647 571 2688 non
627 2627 954 2687 solvuntur
995 2629 1253 2704 propter
1300 2623 1746 2702 obligationem

213 2720 552 2781 naturalem
584 2719 793 2780 alendi
850 2737 976 2779 eOS.
1038 2719 1233 2779 Multa
1292 2716 1456 2775 enim
1513 2716 1746 2776 donata

213 2819 346 2874 sunt
367 2814 716 2874 liberaliter
762 2830 798 2872 a
845 2811 1135 2872 fidelibus
1182 2809 1481 2870 ministris
1526 2809 1744 2868 Eccle-

210 2906 308 2968 siae
337 2907 504 2968 ultra
533 2906 834 2982 decimaS,
868 2924 994 2965 non
1026 2904 1303 2984 quidem,
1338 2907 1408 2963 ut
1432 2902 1749 2965 satisface-

210 3003 339 3060 rent
365 2999 582 3061 debito
614 2997 821 3059 alendi
854 3016 982 3073 θος,
1018 2997 1128 3057 sed
1160 3000 1230 3057 ut
1272 2996 1615 3056 Ecclesiam
1662 2996 1750 3055 lo-

207 3093 615 3171 cupletiorem
671 3091 1010 3152 redderent
1067 3090 1145 3150 ad
1198 3089 1434 3150 cultum
1502 3106 1751 3149 sacrum

207 3184 713 3264 magnificentius
732 3182 1187 3263 peragendum,
1206 3182 1306 3242 vel
1333 3182 1413 3243 ad
1430 3182 1585 3243 alios
1614 3181 1751 3261 pios

205 3279 372 3356 fines,
422 3298 569 3358 quae
612 3279 939 3339 solvuntur
983 3276 1276 3338 Ecclesiae
1331 3275 1632 3335 ministris
1678 3294 1753 3335 ex

208 3371 410 3432 debito
436 3370 725 3450 justitiae,
760 3389 883 3430 non
913 3373 1125 3431 tamen
1155 3388 1230 3429 ex
1259 3386 1448 3430 causa
1494 3369 1600 3428 illa
1643 3387 1753 3428 ne-

205 3464 512 3525 cessitatis
544 3463 758 3523 alendi
803 3481 931 3539 e05‚
967 3463 1046 3523 ad
1092 3461 1261 3541 quod
1309 3460 1569 3521 decimae
1617 3462 1755 3540 qui-

206 3557 346 3616 dem
371 3558 765 3617 sufficerent.
804 3556 907 3617 Sic
936 3572 1086 3633 ergo
1119 3558 1379 3632 possunt
1406 3553 1602 3614 multa
1632 3554 1756 3614 sol·-

204 3651 262 3711 vi
282 3650 569 3728 regibus,
606 3668 730 3709 non
763 3668 839 3708 ex
855 3648 1223 3708 necessitate
1255 3666 1360 3707 eos
1380 3646 1610 3721 alendi,
1644 3646 1754 3706 sed

204 3744 297 3802 vel
328 3763 404 3802 ex
436 3745 771 3804 contractu
830 3758 1116 3814 oneroso,
1151 3741 1252 3800 vel
1296 3758 1371 3799 ex
1418 3740 1755 3801 donatione

200 3837 502 3914 gratuita,
539 3838 614 3896 ut
641 3833 876 3895 dictum
905 3839 1018 3910 est,
1054 3851 1320 3913 quorum
1368 3834 1592 3894 solutio
1634 3851 1758 3893 non

202 3928 389 3990 debet
423 3927 765 4008 justificari
822 3946 896 3986 ex
942 3944 1133 3987 causa
1184 3927 1500 4004 praesenti‚
1535 3926 1644 3986 sed
1685 3945 1760 3986 ex

199 4022 376 4084 titulo
406 4023 522 4083 illo
556 4019 959 4101 praecedenti.

280 4118 419 4177 Hoc
481 4133 641 4192 ergo
700 4113 1024 4192 supposito
1059 4159 1074 4189 ,
1136 4112 1422 4191 quamvis
1477 4114 1760 4173 cessante

199 4228 393 4269 causa
415 4256 432 4286 ,
474 4228 608 4269 non
641 4207 948 4268 debeatur
977 4206 1318 4279 tributum,
1373 4206 1541 4285 quod
1572 4205 1764 4266 scitur

201 4302 279 4361 ob
311 4301 737 4362 necessitates
771 4299 937 4377 regis
966 4299 1325 4375 impositum
1352 4298 1564 4374 fuisse,
1599 4302 1662 4359 et
1689 4316 1761 4358 eo

145 4440 150 4448 .
197 4394 417 4456 animo
450 4394 761 4469 solutum,
798 4396 866 4452 ut
893 4391 1129 4452 subditi
1157 4391 1501 4453 retinerent
1528 4392 1647 4452 sibi
1660 4391 1764 4470 jus

198 4488 487 4566 negandi
554 4486 706 4547 illud
766 4485 1011 4564 quoties
1053 4490 1358 4546 cessasset
1400 4486 1760 4562 necessitas,

196 4586 260 4642 et
291 4581 418 4642 hoc
474 4598 611 4640 non
664 4579 952 4640 obstante
984 4578 1291 4639 solutione
1320 4579 1620 4656 temporis
1649 4579 1766 4638 im-

194 4672 683 4749 memorabilis,
734 4689 857 4750 quo
900 4670 1034 4730 sine
1074 4670 1442 4732 necessitate
1473 4672 1767 4748 praesenti

193 4767 489 4827 solutum
523 4764 646 4825 fnit
679 4784 691 4824 :
736 4762 989 4842 quando
1019 4768 1231 4823 tamen
1262 4781 1385 4823 non
1416 4767 1660 4824 constat
1687 4763 1765 4824 de

192 4858 513 4937 imposito
549 4857 785 4917 tributo
819 4856 899 4916 ob
929 4855 1105 4915 illum
1134 4856 1323 4915 finem
1351 4901 1365 4931 ‚
1418 4874 1533 4916 nec
1566 4875 1643 4917 ea
1672 4857 1767 4916 in-

194 4953 494 5012 tentione
530 4949 807 5010 solutum
836 4949 972 5024 fuit,
1009 4948 1325 5009 deservire
1346 4949 1578 5026 poterit
1605 4951 1768 5010 solu-

190 5045 279 5105 tio
316 5045 503 5105 illius
539 5042 840 5121 temporis
871 5041 1385 5102 immemorabilis
1418 5042 1497 5101 ad
1531 5062 1769 5121 praesu-

190 5138 528 5198 mendum
560 5136 811 5196 titulum
840 5134 1256 5212 praecessisse,
1291 5134 1385 5193 vel
1419 5153 1493 5193 ex
1527 5141 1770 5197 contra·

188 5236 299 5291 ctu
335 5247 655 5306 onerose,
690 5229 789 5288 vel
821 5247 894 5288 ex
925 5227 1222 5306 gratuitO,
1257 5246 1381 5306 quo
1414 5227 1604 5288 etiam
1638 5230 1770 5289 sine

189 5323 602 5384 necessitate
648 5322 946 5400 praesenti
992 5320 1316 5380 debeatur.
1381 5321 1557 5382 Sicut
1602 5321 1664 5380 in
1694 5323 1770 5382 iis

184 5437 340 5496 qnae
372 5413 694 5477 Ecclesiae
724 5414 1085 5488 solvuntur,
1133 5413 1351 5472 similis
1393 5413 1620 5474 solutio
1653 5414 1769 5474 im-

549 5510 705 5568 'l‘0u.
740 5509 873 5569 Vll.

1839 1995 1980 2038 cum
2012 1976 2148 2035 aliis
2192 1994 2349 2054 quos
2378 1976 2597 2049 affert,
2657 1973 2859 2036 solum
2899 1971 3048 2032 dicit
3092 1970 3372 2031 subditos

1841 2089 1963 2131 non
1995 2068 2192 2130 teneri
2221 2068 2485 2143 solvere,
2521 2068 2598 2127 de
2631 2065 3013 2144 obligatione
3034 2082 3182 2125 vero
3209 2063 3375 2141 prin-

1841 2164 1997 2241 cipis
2042 2163 2122 2221 ad
2167 2161 2624 2222 restituendum
2656 2162 2985 2236 acceptum
3016 2157 3169 2217 nihil
3199 2156 3371 2231 dicit,

1842 2261 1903 2317 et
1935 2274 2105 2315 num.
2142 2258 2200 2314 7.
2237 2254 2528 2329 advertit,
2564 2253 2626 2312 id
2657 2250 2917 2328 intelligi
2940 2249 3190 2330 quando
3213 2249 3377 2327 prin-

1843 2368 1989 2427 ceps
2020 2367 2144 2408 non
2174 2346 2486 2407 convertit
2528 2346 2681 2406 illud
2731 2344 2792 2404 in
2825 2345 3010 2404 aliam
3041 2342 3381 2403 necessita-

1841 2447 1990 2514 tem,
2025 2442 2105 2502 ob
2125 2459 2315 2519 quam
2339 2439 2644 2518 potuisset
2670 2438 2824 2497 illud
2849 2436 3151 2498 tributum
3184 2435 3380 2514 impo-

1845 2553 2015 2610 nere,
2046 2533 2212 2612 quod
2252 2538 2494 2593 certum
2524 2531 2795 2592 videtur.

1923 2629 2149 2688 Joann.
2203 2625 2454 2685 Medina
2500 2626 2565 2685 C.
2618 2623 2688 2684 de
2715 2624 2964 2684 restitut.
3013 2642 3120 2702 qu.
3156 2637 3285 2682 xlv.
3318 2620 3374 2698 §.

1844 2718 2033 2780 Aliud
2057 2717 2326 2793 dubium,
2383 2717 2536 2778 dicit
2567 2716 2915 2796 principem
2954 2716 3153 2777 solum
3181 2712 3380 2775 teneri

1847 2812 1926 2872 ad
1955 2811 2344 2872 restituenda
2375 2811 2605 2871 damna
2662 2813 2878 2871 secuta
2929 2828 3005 2870 ex
3059 2808 3225 2868 malo
3264 2825 3383 2866 usu

1844 2905 2060 2967 tributi
2092 2905 2338 2982 accepti
2373 2951 2388 2980 ,
2452 2922 2572 2964 non
2605 2922 2755 2964 vero
2805 2903 2884 2962 ad
2929 2900 3384 2964 restituendum

1847 2999 2152 3060 tributum
2202 3001 2529 3076 acceptum
2568 3017 2581 3057 ε
2643 2997 2789 3076 quia
2846 2995 3136 3074 princeps
3181 2995 3385 3055 solum

1848 3095 2098 3152 tenetur
2146 3090 2261 3150 sub
2318 3089 2736 3168 disjunctione
2766 3089 2862 3149 vel
2915 3088 2993 3149 ad
3024 3086 3383 3166 expenden-

1851 3184 2004 3245 dum
2038 3183 2343 3245 tributum
2389 3183 2452 3243 in
2501 3183 2575 3244 iis
2608 3183 2687 3244 ob
2725 3201 2864 3262 quae
2891 3182 3077 3244 datur
3102 3229 3117 3259 ,
3177 3181 3276 3241 vel
3306 3180 3388 3241 ad

1851 3277 2239 3339 restituenda
2281 3277 2513 3336 damna
2541 3281 2792 3349 secuta3
2846 3276 3130 3337 subditos
3175 3280 3386 3337 tamen

1852 3390 2033 3450 posse
2063 3370 2216 3431 illud
2248 3389 2372 3430 non
2402 3370 2644 3430 solvere
2671 3417 2686 3447 ,
2740 3370 2794 3429 si
2836 3388 3028 3430 causa
3071 3387 3196 3430 non
3226 3386 3391 3447 prae-

1854 3470 2072 3536 stetur,
2108 3481 2223 3524 nec
2253 3463 2552 3542 princeps
2583 3463 2874 3524 restituat
2900 3463 3152 3523 damna.
3191 3463 3391 3535 Quam

1854 3556 2229 3618 sententiam
2260 3556 2383 3616 late
2414 3557 2743 3634 impugnat
2771 3558 3056 3634 vasquez
3094 3555 3156 3616 d.
3188 3556 3244 3633 ἓ.
3283 3554 3384 3613 111.

1856 3652 2005 3711 dub.
2041 3667 2127 3711 lv.
2163 3669 2334 3709 num.
2369 3653 2469 3710 49.
2506 3649 2654 3728 quia
2683 3649 2971 3728 princeps
3004 3668 3126 3708 non
3157 3648 3393 3725 obliga-

1856 3749 1958 3805 tur
1989 3743 2362 3822 disjunctive
2403 3742 2643 3818 solum,
2695 3741 2804 3800 sed
2858 3741 3268 3802 determinate
3311 3738 3391 3799 ad

1857 3856 2112 3898 causam
2145 3836 2502 3916 ponendam
2537 3856 2550 3896 :
2585 3835 2745 3895 sicut
2773 3839 2979 3895 custos
3009 3852 3133 3895 non
3163 3832 3395 3910 obliga·

1858 3935 1960 3991 tur
1996 3930 2202 3990 solum
2252 3927 2625 4006 disjunctive
2674 3928 2754 3987 ad
2797 3926 3271 3987 custodiendam
3302 3925 3397 3985 vi-

1860 4042 2067 4099 neam,
2102 4021 2202 4083 vel
2230 4020 2617 4082 restituenda
2647 4020 2910 4096 damna,
2961 4019 3072 4080 sed
3102 4019 3291 4080 debet
3321 4037 3397 4078 ex

1862 4120 2186 4178 contractu
2245 4119 2308 4175 et
2354 4134 2429 4174 ex
2469 4113 2712 4193 justitia
2762 4114 3078 4176 custodire
3122 4113 3393 4189 vineam,

1862 4228 1977 4270 nec
2008 4213 2214 4288 potest
2240 4208 2304 4268 id
2335 4208 2467 4269 sine
2497 4206 2797 4286 injustitia
2826 4207 3133 4269 omittere.

1944 4303 2156 4363 Tertia
2186 4301 2492 4362 sententia
2539 4305 2634 4362 est
2663 4301 2967 4362 Gabrielis
3013 4301 3181 4380 apud
3224 4319 3401 4361 eum-

1862 4396 2007 4456 dem
2040 4398 2327 4475 Vasquez
2359 4414 2530 4456 num.
2563 4399 2663 4456 47.
2714 4395 2821 4474 qui
2850 4394 3019 4470 dicit,
3054 4394 3402 4473 principem

1864 4507 1989 4549 non
2020 4487 2251 4547 debere
2300 4490 2626 4549 restituere
2675 4488 2990 4566 gabellam
3039 4491 3397 4565 acceptam;

1864 4582 1974 4644 sed
2007 4582 2260 4658 damna,
2298 4583 2580 4642 subditos
2611 4600 2762 4642 vero
2794 4599 2919 4642 non
2948 4580 3145 4643 teneri
3177 4580 3257 4639 ad
3288 4579 3405 4640 sol-

1866 4675 2140 4735 vendum
2172 4674 2498 4735 tributum.
2536 4675 2735 4746 Quam
2766 4672 3138 4733 sententiam
3162 4676 3404 4733 contra-

1868 4767 2159 4829 dictionis
2189 4767 2397 4845 arguit
2424 4767 2696 4842 Medina,
2733 4766 2879 4845 quia
2908 4765 2955 4826 si
2991 4766 3280 4844 princeps
3301 4765 3405 4844 jus

1869 4860 2061 4921 habet
2092 4860 2383 4937 exigendi
2415 4865 2477 4920 et
2504 4860 2849 4939 recipiendi
2881 4860 3185 4920 tributum
3206 4905 3220 4934 ,
3257 4876 3407 4937 ergo

1871 4959 1930 5016 et
1959 4953 2188 5014 subditi
2209 4953 2444 5014 debent
2472 4954 2625 5013 illud
2656 4954 2919 5029 solvere,
2955 4970 3099 5012 cum
3121 4952 3256 5012 boec
3286 4953 3411 5014 sint

1871 5046 2266 5121 correlativa,
2300 5065 2413 5107 nec
2444 5046 2641 5125 possit
2662 5045 2766 5124 jus
2794 5046 3055 5124 reperiri
3088 5044 3150 5103 in
3181 5044 3407 5122 princi-

1873 5158 1950 5217 pe
1980 5139 2112 5199 sine
2143 5139 2353 5200 debito
2386 5158 2459 5197 ex
2489 5144 2666 5217 parte
2699 5137 3093 5198 subditorum
3129 5158 3142 5198 ε
3179 5143 3241 5198 et
3269 5138 3409 5198 ideo

1873 5231 2005 5309 ipse
2038 5231 2194 5292 dixit
2221 5231 2569 5309 principem
2617 5231 2819 5290 solum
2850 5228 3118 5308 obligari
3162 5230 3241 5289 ad
3289 5230 3414 5290 dis-

1867 5323 2263 5403 junctionem
2313 5324 2618 5403 exigendo
2651 5323 2955 5385 tributum
2985 5341 3000 5396 ;
3057 5331 3242 5401 alque
3272 5323 3412 5384 ideo

1871 5416 2158 5478 subditos
2202 5417 2402 5478 teneri
2451 5416 2529 5476 ad
2574 5415 2942 5476 solvendum
2969 5462 2984 5491 ‚
3037 5416 3087 5474 si
3118 5416 3413 5494 princeps
