4263 6376
749 320 869 379 606

751 494 916 555 unde
946 493 1171 574 injuste
1199 493 1571 571 impeditum
1621 492 1739 553 fuit
1782 492 1885 571 jus
1916 492 2102 553 illius
2140 495 2284 551 Haec

750 591 1034 666 Vasquez
1063 586 1241 667 cujus
1272 585 1622 646 discursum
1643 590 1706 646 et
1724 585 2029 646 radonem
2064 603 2286 664 appro-

749 681 862 742 bat
887 680 1175 741 Turrian.
1212 678 1374 757 disp.
1401 695 1530 740 xvi.
1568 678 1716 739 dub.
1751 683 1813 738 2.
1849 698 1911 739 n.
1948 681 2041 738 ll.

832 775 964 851 Ego
1012 776 1223 832 tamen
1275 775 1738 850 consequenter
1790 771 1870 832 ad
1924 770 2288 849 supradicta

752 885 878 927 non
925 866 1132 941 video,
1192 864 1506 943 quomodo
1564 882 1636 924 eo
1684 883 1831 925 casu
1876 864 1958 925 sit
1985 863 2284 941 obligatio

750 957 1117 1020 restituendi
1160 956 1365 1017 minus
1394 957 1584 1035 digno
1624 961 1883 1035 propter
1909 956 2287 1016 beneficium

753 1051 1052 1111 amissum
1084 1067 1099 1113 :
1133 1068 1280 1109 nam
1311 1054 1511 1112 totum
1533 1050 1638 1128 jus
1668 1049 1838 1129 quod
1866 1050 1968 1109 ille
1997 1054 2149 1109 tunc
2180 1049 2286 1109 ha-

750 1144 859 1205 bet
887 1144 964 1205 ad
996 1143 1339 1222 petendum
1368 1142 1744 1203 beneficium
1765 1189 1779 1218 ,
1816 1142 2016 1203 oritur
2046 1161 2120 1202 ex
2152 1143 2286 1220 ejus

754 1236 1127 1315 ignorantia,
1171 1256 1295 1315 qua
1326 1236 1524 1297 nescit
1568 1255 1632 1295 se
1664 1254 1885 1296 revera
1916 1254 2049 1296 esse
2079 1236 2287 1295 minus

752 1329 1015 1408 dignum
1048 1344 1062 1391 t
1097 1327 1507 1407 supponimus
1553 1328 1720 1387 enim
1762 1347 1975 1388 eoram
2006 1331 2168 1403 Deo,
2226 1331 2289 1389 ct

752 1423 815 1482 in
845 1422 1106 1483 veritate
1135 1422 1337 1482 solum
1366 1421 1716 1500 digniorem
1748 1421 1979 1482 habere
2003 1420 2130 1501 jus,
2166 1420 2284 1479 illi-

753 1534 875 1594 que
903 1514 1018 1575 soli
1047 1514 1263 1574 deberi
1293 1533 1369 1573 ex
1392 1513 1658 1592 justitia,
1694 1518 1757 1574 et
1783 1514 1992 1574 minus
2025 1514 2286 1593 dignum

754 1607 1037 1668 excusari
1053 1606 1599 1667 aconti-edictione
1622 1610 1682 1667 et
1702 1606 2113 1685 oppositione,
2142 1606 2290 1685 quia

754 1718 879 1761 non
909 1703 1155 1761 constat
1181 1699 1266 1758 illi
1296 1699 1374 1758 de
1404 1717 1552 1759 vero
1594 1698 1736 1777 jure
1786 1699 2089 1777 dignioris
2112 1746 2128 1775 ,
2174 1716 2290 1758 neo

755 1794 898 1873 eligi
930 1797 1137 1873 potest
1169 1794 1338 1872 juste
1382 1792 1501 1852 nisi
1531 1811 1643 1871 per
1673 1792 1962 1853 accidens
1984 1839 1999 1868 ,
2035 1796 2291 1870 propter

752 1886 1172 1966 ignorantiam
1230 1885 1537 1960 electoris,
1602 1885 1708 1964 qui
1757 1886 1955 1945 nescit
1981 1886 2289 1962 majorem

755 1979 1123 2059 dignitatem
1152 1977 1410 2039 alterius
1446 1998 1458 2038 :
1496 1996 1689 2057 quare
1719 1977 1984 2039 licetille
2001 1978 2290 2039 videatur

749 2071 851 2152 jus
881 2072 1112 2132 habere
1143 2071 1221 2130 ad
1251 2070 1592 2149 petendum
1631 2071 1733 2131 illo
1784 2071 1970 2131 modo
2001 2117 2015 2146 ,
2049 2070 2167 2131 hoc
2197 2074 2292 2131 ta-

753 2183 898 2226 men
929 2168 1024 2225 est
1050 2163 1210 2225 sicut
1244 2163 1496 2242 quando
1546 2164 1732 2224 datur
1773 2164 2005 2223 bellum
2048 2164 2289 2242 justum

754 2277 831 2318 ex
863 2262 1127 2336 utraque
1158 2261 1336 2336 parte
1382 2261 1642 2336 propter
1689 2257 2106 2335 ignorantiam
2131 2255 2291 2335 juris

756 2350 929 2412 certi.
965 2350 1083 2424 Qui
1130 2355 1341 2412 autem
1392 2354 1599 2410 certus
1653 2355 1746 2410 est
1791 2349 1869 2409 de
1918 2348 2163 2428 justitia
2204 2349 2293 2408 di-

755 2443 1012 2522 gnioriS,
1051 2443 1151 2503 oui
1182 2443 1296 2503 soli
1325 2461 1398 2501 ex
1423 2442 1668 2521 justitia
1697 2443 1958 2503 debetur
1982 2489 1996 2517 ,
2032 2445 2102 2502 ut
2150 2461 2291 2520 sup-

755 2555 920 2616 pono
950 2537 1011 2596 in
1043 2536 1147 2596 illa
1177 2536 1506 2608 sententia,
1540 2554 1663 2596 non
1694 2540 1899 2614 potest
1921 2531 2191 2611 ‘obligari
2211 2532 2290 2593 ad

756 2629 1211 2691 restituendum
1240 2629 1446 2689 minus
1477 2629 1694 2707 digno,
1730 2647 1875 2688 cum
1904 2628 2060 2688 sciat
2087 2628 2151 2687 in
2185 2645 2294 2688 ve-

755 2722 937 2783 ritate
967 2721 1206 2781 nullum
1236 2720 1531 2781 habuisse
1566 2721 1670 2800 jus
1698 2721 1778 2781 ad
1816 2720 2155 2800 petendum
2186 2719 2292 2780 be-

757 2814 1048 2874 neficium
1107 2817 1325 2874 contra
1380 2813 1754 2891 digniorem.
1809 2815 1927 2874 Pro
1968 2831 2089 2891 quo
2123 2813 2292 2872 enim

754 2907 1081 2968 restituere
1111 2906 1347 2968 debet?
1373 2924 1495 2968 non
1526 2924 1639 2985 pro
1670 2906 1805 2985 ipso
1834 2905 2138 2966 beneficio
2159 2952 2174 2981 ,
2209 2905 2289 2964 ad

757 3000 925 3080 quod
966 3000 1030 3058 in
1072 2999 1335 3060 veritate
1383 2999 1623 3059 nullum
1676 2997 1781 3077 jus
1823 2997 2099 3059 habebat
2131 3017 2144 3059 :
2180 2997 2289 3058 sed

757 3110 873 3153 nec
901 3091 1092 3153 debet
1117 3091 1446 3152 restituere
1477 3096 1588 3169 pro
1627 3090 1769 3171 jure
1812 3090 2065 3169 petendi
2098 3091 2291 3169 impc-

757 3186 886 3248 dito
916 3203 1030 3265 per
1057 3184 1185 3244 vim
1234 3190 1297 3246 et
1336 3184 1654 3260 fraudem,
1717 3184 1864 3263 quia
1913 3203 2028 3245 neo
2069 3202 2294 3245 revera

756 3279 1033 3340 habebat
1058 3278 1182 3339 tale
1206 3277 1309 3358 jus
1339 3277 1456 3337 nisi
1485 3296 1596 3356 per
1624 3277 1915 3337 accidens
1946 3281 2008 3337 ct
2037 3280 2297 3356 propter

757 3371 1196 3452 ignorantiam,
1231 3388 1350 3431 nec
1377 3370 1532 3430 illud
1568 3369 1673 3450 jus
1718 3373 1853 3430 erat
1897 3370 2289 3445 aestimabile,

757 3466 875 3526 nisi
904 3470 1162 3543 propter
1189 3463 1393 3541 ipsum
1432 3462 1807 3524 beneficium
1832 3510 1848 3538 ,
1902 3481 2016 3541 pro
2049 3481 2173 3543 quo
2204 3467 2296 3523 ta·

757 3563 903 3620 men
934 3557 1180 3618 restitui
1209 3575 1331 3618 non
1363 3555 1583 3632 debet,
1627 3574 1772 3616 cum
1803 3555 2043 3615 nullum
2075 3572 2294 3615 verum

750 3651 855 3732 jus
886 3651 965 3712 ad
994 3650 1147 3711 illud
1177 3649 1460 3726 haberet,
1494 3649 1605 3709 sed
1620 3649 1824 3709 solum
1845 3648 2290 3709 existimatum.

760 3745 937 3806 Siout
965 3762 1080 3803 neo
1115 3747 1209 3805 est
1254 3742 1551 3820 obligatio
1600 3741 1969 3803 restituendi
2015 3740 2072 3800 ei
2105 3758 2293 3819 quem

759 3857 870 3916 per
896 3837 1025 3897 vim
1064 3836 1162 3896 vel
1210 3835 1499 3896 fraudem
1542 3834 1855 3914 impedisti
1897 3852 1937 3895 a
1976 3833 2142 3894 bello
2189 3850 2295 3911 ge-

757 3931 977 4007 rend0,
1013 3929 1180 4010 quod
1215 3929 1348 4008 ipse
1381 3931 1639 4008 propter
1664 3926 2105 3989 bonamfidem
2124 3927 2293 4005 juste

757 4022 1038 4101 gerebat,
1072 4023 1120 4083 si
1154 4027 1366 4083 tamen
1397 4020 1506 4082 tibi
1538 4024 1780 4082 constet
1803 4018 2111 4098 justitiam
2126 4021 2294 4079 stare

759 4134 870 4194 pro
903 4119 1080 4193 parte
1110 4114 1428 4176 contraria
1457 4115 1588 4174 sola
1611 4159 1627 4187 ‚
1662 4131 1853 4192 quam
1896 4131 2009 4191 per
2036 4112 2164 4171 vim
2195 4110 2293 4170 vel

760 4207 1047 4267 fraudem
1074 4207 1462 4285 superiorem
1491 4206 1715 4267 fecisti.

1960 316 2062 376 DE
2104 312 2455 377 JUS'l‘l'rlA
2503 316 2602 376 ET
2637 317 2835 377 JURE

2573 971 3267 1072 DlSPUTATIO
3344 977 3729 1071 XXXVI.

2389 1330 2470 1378 1²13
2499 1335 2678 1380 JUSTA
2719 1337 3184 1384 DISTRIBUTIONE
3213 1341 3276 1385 IN
3306 1340 3673 1387 lnronssnms
3702 1345 3940 1390 GABEL-

2551 1428 2663 1488 LIS,
2698 1430 2773 1474 ΕΤ
2807 1432 3108 1493 Tnmn'rls,
3144 1435 3220 1477 m·
3261 1436 3338 1479 DE
3376 1435 3774 1483 OBLIGATIONE

2986 1525 3301 1575 SOLVENm.

2393 1813 2615 1873 Ssscrlo
2671 1814 2716 1873 Ι.
2755 1782 2936 1888 ¹Quid
2985 1814 3350 1897 intelliqatur
3411 1818 3640 1879 nomine
3693 1819 3930 1893 tributi,

2470 1906 2564 1965 rel
2623 1905 2868 1985 qabelloe
2934 1916 2991 1967 et
3054 1907 3260 1988 quibus
3312 1910 3536 1991 possint
3595 1912 3748 1990 juste
3822 1915 3935 1972 irn-

2466 2019 2630 2078 pom.

2393 2155 2617 2215 Sssc'rto
2672 2156 2747 2216 ΙΙ.
2812 2156 2955 2230 Quoe
3025 2156 3159 2217 alioe
3212 2157 3563 2218 conditiones
3616 2159 3933 2240 requiran-

2470 2255 2568 2306 tur
2590 2246 2671 2307 ad
2688 2248 2909 2326 justam
2940 2249 3150 2310 tributi
3175 2251 3619 2332 impositionem.

2394 2402 2619 2461 Sssc'rlo
2650 2403 2751 2463 111.
2786 2402 2875 2463 Dc
2903 2402 3249 2484 obligatione
3274 2405 3445 2486 requi
3469 2405 3549 2466 ad
3573 2425 3689 2466 non
3720 2425 3932 2488 accep-

2472 2492 2715 2554 tandum
2736 2494 3016 2557 tributum
3046 2496 3347 2576 injustum.

2393 2649 2614 2711 SEc'rlo
2642 2652 2745 2713 lv.
2781 2651 2870 2712 De
2898 2652 3248 2735 obliqatione
3298 2655 3558 2716 solvendi
3606 2655 3849 2730 tributa,
3880 2667 3934 2718 el

2470 2742 2539 2803 de
2562 2753 2795 2825 peccato
2830 2745 2935 2806 illa
2966 2746 3463 2828 defraudantium.

2392 2901 2615 2961 Sac'rlo
2644 2904 2719 2964 V.
2752 2903 2849 2963 An
2881 2902 3135 2964 creditor
3185 2906 3358 2987 reyes,
3412 2907 3519 2987 qui
3546 2926 3716 2967 suum
3743 2906 3929 2968 credi-

2473 3002 2593 3054 tum
2622 3014 2970 3077 recuperare
3006 3017 3121 3058 non
3140 3006 3333 3079 potest
3350 3000 3541 3080 possit
3563 3021 3679 3060 non
3707 3001 3931 3062 solvere

2470 3087 2760 3168 qabellam
2778 3090 3118 3170 publicane,
3165 3101 3231 3152 ut
3253 3092 3370 3153 sibi
3391 3104 3736 3175 compenset.

2395 3244 2616 3305 SECTIO
2646 3248 2748 3308 vl.
2804 3248 2899 3306 An
2949 3245 3186 3307 dubium
3241 3247 3310 3308 de
3328 3249 3561 3329 justitia
3586 3251 3804 3311 tributi
3825 3271 3928 3313 ex·-

2472 3346 2627 3398 cuset
2673 3337 2755 3399 ad
2779 3359 2843 3400 eo
2871 3340 3167 3404 solvendo.

2394 3494 2618 3556 Sssc'no
2647 3498 2774 3558 VII.
2812 3497 2953 3573 Quoe
2994 3519 3267 3580 personae
3293 3510 3576 3583 eaeemptoe
3611 3504 3732 3563 sint
3757 3524 3793 3564 a
3822 3506 3925 3565 tri·

2474 3586 2623 3693 billis
2650 3597 2705 3649 et
2743 3590 2983 3671 qabellis
3035 3602 3090 3653 et
3137 3594 3467 3675 proesertim
3496 3594 3565 3656 de
3601 3596 3928 3658 Ecclesias-

2475 3682 2621 3744 tzciS.

2397 3836 2618 3898 Ssscrlo
2705 3839 2865 3899 Vm.
2942 3839 3013 3899 ln
3066 3840 3272 3921 quibus
3326 3842 3552 3903 casibus
3600 3843 3929 3907 Ecclesias-

2474 3928 2575 3988 tici
2596 3929 2817 3992 tributa
2846 3931 3064 3993 solvere
3090 3932 3335 3995 debeant
3361 3936 3449 3996 vel
3458 3938 3708 4018 possint.

2396 4083 2617 4144 SEc'no
2659 4085 2764 4145 IX.
2827 4085 3071 4160 Quando
3120 4089 3344 4149 censen-i
3388 4087 3592 4151 debeat
3647 4091 3927 4151 tributum

2474 4185 2679 4237 contra
2702 4177 3121 4240 immunitatem
3142 4180 3607 4245 ecelesiasticam.

2396 4330 2619 4393 SECTIO
2649 4333 2724 4393 X.
2778 4333 2888 4393 Ex
2921 4334 3128 4416 quibus
3161 4337 3571 4417 conti-acubus,
3622 4339 3712 4400 vel
3760 4339 3929 4400 rebus

2472 4424 2743 4488 solvenda
2771 4427 2847 4487 sit
2870 4427 3124 4509 qabella.

2396 4580 2618 4642 Sac'rlo
2648 4584 2751 4643 XI.
2783 4582 2873 4645 De
2898 4592 3155 4666 tempore
3182 4586 3304 4648 loco
3353 4598 3411 4649 et
3465 4589 3599 4650 aliis
3657 4589 3925 4650 circuns-

2473 4674 2670 4827 Eavltlgis
2735 4695 2868 4757 quoe
2922 4678 3225 4758 pertinent
3291 4679 3375 4741 ad
3438 4682 3773 4743 solutionem
3819 4700 3926 4762 ya-

2511 4785 2542 4826 e
2638 4813 2652 4829 .

2471 4884 2527 4964 §.
2566 4889 2621 4947 1.
2651 4887 2741 4948 De
2771 4888 2891 4949 loco
2919 4890 3210 4954 solvendae
3235 4893 3497 4974 qabelloe.

2472 5003 2527 5081 ἓ.
2564 5008 2622 5066 2.
2657 5006 2766 5067 Ex
2794 5008 3001 5088 quibus
3028 5009 3201 5070 rebus
3227 5012 3378 5073 solvi
3399 5011 3622 5076 debeat.

2480 5312 2735 5375 Justitia
2782 5311 3204 5391 distributiva,
3236 5318 3306 5375 ut
3359 5313 3630 5375 diximus
3682 5315 3830 5394 disp.
3872 5332 3922 5376 1.

2391 5406 2515 5467 duo
2549 5406 2872 5484 potissima
2926 5424 3191 5469 munera
3241 5407 3450 5470 habet.
3510 5409 3782 5470 Primum
3824 5415 3927 5470 eet

2392 5500 2771 5561 distribuere
2825 5518 2969 5560 cum
3017 5499 3227 5561 debita
3296 5503 3704 5580 proportione
3756 5502 3923 5561 bona
