4263 6376
933 381 1051 439 564

933 554 1132 617 vitare
1160 553 1543 630 intendebat,
1585 552 1718 632 jam
1758 550 2032 631 positum
2089 552 2185 611 est
2231 549 2292 608 in
2331 549 2466 627 ipsa

933 647 1313 722 venditione,
1348 665 1463 707 nec
1493 645 1803 707 restitutio
1833 643 2242 724 pretiisacere
2266 646 2468 719 potest

934 740 1102 820 quod
1131 740 1236 799 illa
1265 740 1623 800 indecentia
1653 738 1858 817 posita
1885 755 2012 797 non
2048 737 2148 797 sit.
2186 736 2287 797 Sic
2317 752 2465 811 ergo

931 834 993 893 in
1025 850 1171 893 casu
1208 836 1419 893 nostro
1465 832 1724 892 vendita
1764 831 1957 891 semel
1996 829 2300 890 electione
2336 828 2466 887 offi-

930 925 1030 1001 cii,
1090 924 1218 1003 jam
1272 929 1365 985 est
1420 925 1625 1003 posita
1681 923 2007 1002 turpitudo
2063 920 2460 996 venditioniS,

929 1022 1235 1098 quantum
1266 1018 1367 1077 lex
1394 1019 1594 1079 vitare
1623 1018 2022 1087 intendebat;
2048 1034 2243 1094 quare
2281 1014 2462 1074 resti-

926 1112 1083 1171 tutio
1115 1111 1292 1189 pretii
1343 1110 1734 1190 subsequens
1797 1128 2020 1187 parum
2063 1109 2340 1168 deservit
2385 1107 2464 1166 ad

924 1204 1234 1265 intentum
1259 1204 1437 1282 legis.
1474 1221 1587 1265 nec
1614 1204 1697 1263 ad
1727 1221 1883 1280 opus
1914 1202 2050 1280 lege
2079 1203 2464 1279 praeceptum

923 1297 1307 1376 ponendum.
1351 1298 1509 1357 Hinc
1560 1296 1843 1371 infertur,
1896 1295 2235 1354 habentem
2281 1294 2467 1353 licen-

924 1390 1075 1451 tiam
1100 1388 1519 1450 transferendi
1558 1388 1853 1463 officium,
1883 1388 2029 1448 licet
2049 1406 2174 1447 non
2219 1403 2467 1463 semper

924 1482 1155 1543 habeat
1182 1482 1438 1544 tacitam
1456 1482 1770 1542 licentiam
1802 1480 2146 1551 vendendi3
2183 1480 2233 1538 si
2253 1483 2463 1539 tamen

922 1576 1175 1652 vendat,
1233 1593 1357 1635 non
1415 1574 1644 1634 debere
1717 1573 1982 1633 reddere
2038 1573 2333 1652 pretium,
2396 1575 2465 1632 ut

922 1673 1139 1729 contra
1165 1667 1321 1728 alios
1350 1666 1578 1728 docent
1605 1666 1912 1726 Ledesma
1944 1668 2006 1726 et
2032 1668 2254 1726 Petrus
2286 1666 2458 1740 Sot0,

921 1779 1076 1840 quos
1103 1763 1302 1836 affert,
1338 1766 1399 1822 et
1428 1760 1712 1839 sequitur
1738 1760 1936 1819 Diana
1967 1775 2036 1819 11.
2082 1764 2234 1820 tom.
2283 1765 2456 1817 tract.

921 1871 981 1915 v.
1014 1853 1249 1914 miscell.
1285 1854 1470 1913 resol.
1506 1855 1640 1913 109.
1672 1854 1804 1912 Imo
1835 1852 2004 1912 idem
2032 1854 2254 1912 Petrus
2285 1852 2454 1925 sote,

919 1951 982 2007 et
1008 1947 1110 2006 alii
1131 1965 1358 2025 graves
1388 1946 1677 2007 doctores
1697 1944 1960 2020 addunt,
1982 1944 2156 2004 illum
2187 1943 2459 2003 venden-

918 2043 1045 2101 tem
1084 2058 1345 2119 peccare
1411 2039 1615 2099 solum
1661 2036 2010 2112 venialiter,
2068 2036 2217 2115 quia
2288 2035 2458 2116 quod

916 2133 1112 2211 gratis
1148 2133 1247 2193 vel
1282 2151 1393 2211 pro
1425 2133 1626 2210 pretio
1670 2131 2027 2206 transferat,
2076 2147 2299 2207 parum
2336 2129 2460 2189 rei-

919 2226 1184 2304 publicae
1218 2229 1424 2287 nocet.

998 2318 1177 2380 Circa
1208 2318 1327 2378 hoc
1356 2319 1560 2396 ipsum
1590 2317 1749 2377 solet
1777 2335 1912 2376 esse
1945 2316 2305 2391 difficultaS,
2376 2333 2457 2374 an

919 2430 1044 2472 non
1098 2412 1301 2472 solum
1358 2411 1649 2489 princeps
1704 2410 2040 2482 saeculariS,
2100 2408 2214 2468 sed
2267 2408 2457 2469 etiam

916 2505 1233 2584 principes
1263 2504 1668 2565 ecclesiastici
1694 2504 1759 2563 in
1775 2505 1902 2563 suis
1920 2503 2206 2578 statibuS,
2238 2502 2299 2561 in
2325 2500 2457 2580 qui-

854 2606 866 2620 ·
917 2595 1035 2658 bus
1063 2596 1300 2658 habent
1353 2599 1728 2675 potestatem
1784 2595 2197 2672 temporalem
2243 2612 2455 2672 supre-

916 2709 1086 2751 mam
1107 2737 1123 2768 ,
1175 2690 1413 2768 possint
1439 2689 1713 2749 vendere
1761 2688 1966 2748 officia
1995 2688 2364 2766 temporalia
2393 2687 2455 2745 in

916 2783 993 2844 iis
1019 2782 1266 2844 casibus
1295 2783 1358 2842 in
1382 2782 1608 2861 quibus
1635 2782 1966 2842 saeculares
1988 2781 2297 2859 principes
2317 2799 2455 2858 pos-

917 2882 1080 2937 sunt.
1142 2875 1579 2953 Respondetur
1612 2874 1827 2950 facile,
1880 2874 1929 2933 si
1977 2874 2022 2932 ii
2060 2873 2301 2951 praelati
2344 2872 2457 2931 ha·-

914 2969 1106 3029 beant
1151 2972 1527 3045 potestatem
1559 2985 1920 3046 supremam
1954 2965 2362 3043 temporalem
2391 2965 2455 3024 in

914 3062 1042 3123 suis
1071 3061 1411 3122 ditionibus
1431 3106 1446 3136 ‚
1508 3079 1690 3140 posse
1722 3060 1890 3139 quod
1922 3058 2235 3138 principes
2265 3075 2455 3118 saecu-

915 3155 1077 3215 lares
1106 3153 1383 3233 supremi
1413 3158 1709 3233 possunt;
1757 3154 1811 3214 si
1838 3170 1989 3213 vero
2020 3170 2144 3212 non
2180 3150 2458 3213 habeant

913 3251 1288 3328 potestatem
1338 3265 1699 3326 supremam
1726 3294 1741 3323 ,
1802 3247 1913 3307 sed
1958 3245 2236 3306 habeant
2262 3244 2453 3304 alium

914 3342 1262 3421 principem
1292 3360 1479 3420 super
1504 3360 1592 3417 se,
1628 3344 1814 3419 prout
1842 3339 2075 3399 habent
2098 3338 2287 3417 aliqui
2321 3338 2453 3416 epi-

914 3435 1089 3513 scopi
1141 3434 1204 3493 in
1260 3435 1559 3514 Hispania
1581 3481 1595 3510 ,
1656 3434 1823 3494 idem
1872 3432 2209 3492 dicendum
2257 3435 2350 3491 est
2376 3431 2454 3491 de

914 3529 1034 3589 illis
1063 3528 1232 3608 quod
1261 3528 1497 3589 dictum
1530 3531 1624 3589 est
1653 3528 1731 3587 de
1763 3526 1900 3587 aliis
1950 3525 2214 3586 ducibus
2238 3572 2253 3601 ,
2286 3543 2456 3584 mar-

916 3622 1277 3698 chionibuS,
1333 3625 1396 3683 et
1436 3621 1706 3682 dominis
1751 3619 2128 3680 habentibus
2171 3637 2360 3698 supra
2385 3637 2454 3679 se

915 3715 1106 3776 alium
1149 3714 1496 3794 principem
1528 3714 1949 3792 superiorem,
1996 3717 2065 3773 ut
2105 3729 2248 3771 cum
2278 3711 2455 3772 Salo-

913 3809 1040 3885 nio,
1074 3808 1391 3886 Aragonio
1423 3812 1486 3868 et
1512 3807 1649 3868 aliis
1680 3807 1863 3867 docet
1892 3803 2121 3867 Sanch.
2159 3804 2219 3866 d.
2241 3822 2380 3883 cap.
2400 3805 2450 3865 1.

914 3901 1065 3962 dub.
1096 3917 1304 3961 xxxlx.
1365 3902 1463 3960 An
1491 3918 1641 3960 vero
1673 3899 1914 3977 possint
1943 3896 2214 3957 vendere
2248 3897 2454 3957 officia

913 3993 1261 4073 spectantia
1303 3993 1381 4052 ad
1429 3992 1667 4053 curiam
1696 3990 2217 4064 ecelesiasticam,
2270 3994 2340 4051 ut
2368 3990 2450 4050 vi—

832 4150 845 4163 ,
914 4087 1090 4162 carii,
1122 4086 1369 4162 fiscalis,
1405 4085 1654 4162 notarii,
1690 4089 1751 4147 et
1788 4084 2035 4159 similia,
2071 4083 2342 4161 pertinet
2371 4084 2451 4144 ad

687 5326 766 5387 40

606 5506 719 5558 indie
720 5485 833 5557 aſtrui,

590 5573 642 5602 cu
616 5560 656 5602 ui
688 5561 713 5601 d
715 5538 835 5603 obeat

600 5614 816 5658 restituere

912 4179 1242 4240 materiam
1270 4177 1663 4257 dehsimonia.

1394 4614 1995 4701 SEGT101V.

912 4929 1003 4991 De
1028 4925 1374 5007 obligatione
1416 4921 1758 4984 restituendi
1794 4940 1869 4981 ea:
1895 4920 2165 4981 electione
2190 4918 2442 4998 indiqm',

1072 5048 1158 5095 vet
1184 5032 1373 5092 minus
1391 5029 1559 5110 diqm'
1582 5027 1662 5088 ad
1690 5027 1892 5108 officia
1919 5024 2284 5106 temporalia.

994 5300 1275 5363 Diximus
1322 5313 1513 5375 supra
1558 5297 1710 5354 sect.
1745 5308 1813 5353 11.
1848 5291 1911 5349 in
1944 5288 2284 5368 principio,
2338 5289 2449 5349 eli-

912 5401 1166 5477 gentem
1195 5393 1456 5471 dignum
1486 5388 1615 5448 sive
1645 5386 1933 5458 scienter,
1954 5383 2086 5443 sive
2101 5400 2245 5442 cum
2277 5383 2447 5485 igno-

912 5489 1114 5551 rantia
1142 5486 1419 5566 graviter
1446 5479 1740 5559 culpabili
1787 5494 2045 5555 peccare
2094 5480 2310 5536 contra
2348 5474 2446 5554 J‘u-

908 5582 1144 5646 stitiam
1171 5575 1706 5649 commutativam,
1739 5577 1927 5650 atque
1955 5568 2113 5629 adeo
2143 5569 2344 5629 teneri
2371 5587 2445 5629 ex

2091 376 2197 435 DE
2237 373 2591 435 JUSTITIA
2636 374 2736 433 ET
2778 375 2976 435 Jmuc

2559 548 2803 627 justitia
2831 550 2911 610 ad
2941 550 3344 612 resarcienda
3374 551 3609 612 damna
3650 571 3791 632 qua²
3835 571 3909 612 ex
3939 553 4076 612 mala

2568 642 2746 703 electi
2777 643 3317 705 administratione
3346 650 3488 705 orla
3517 649 3691 706 sunt:
3727 645 3790 705 in
3820 666 3941 725 quo
3968 665 4078 705 om·

2567 754 2676 795 nes
2706 737 3086 797 conveniunt
3126 743 3188 798 et
3227 739 3393 798 hanc
3440 739 3727 798 eamdem
3776 739 4079 814 obligatio-

2566 847 2710 888 nem
2741 829 2974 890 habere
3025 831 3199 891 illum
3228 832 3333 910 qui
3364 832 3717 908 renuntiat,
3771 833 3869 891 vel
3917 833 4078 891 sacul-

2566 926 2692 983 tate
2722 922 2837 981 sibi
2866 941 3159 983 concessa
3184 970 3200 1000 ,
3247 924 3465 985 vendit
3493 925 3769 984 officium
3799 945 3978 984 suum
4005 927 4078 983 in-

2566 1014 2788 1092 digno;
2849 1035 2994 1076 cum
3035 1016 3138 1077 hic
3172 1017 3360 1077 etiam
3409 1023 3602 1096 ponat
3631 1037 3888 1077 causam
3919 1018 4078 1077 tulius

2564 1107 2728 1168 illius
2758 1108 2992 1169 damni.
3036 1110 3353 1171 Admonet
3378 1115 3588 1171 autem
3618 1113 3684 1171 P.
3721 1113 4000 1189 vasquez
4026 1132 4074 1171 n.

2568 1203 2703 1262 107.
2737 1219 2881 1261 cum
2910 1202 3078 1277 aliis,
3133 1203 3335 1281 primo
3383 1204 3519 1264 loco
3563 1205 3764 1264 teneri
3817 1204 3899 1263 ad
3927 1204 4078 1264 resti·

2562 1295 2868 1353 tuendum
2897 1314 3009 1372 pro
3039 1295 3136 1355 his
3165 1296 3410 1357 damnis
3454 1297 3797 1375 ipsummet
3839 1297 4077 1357 electam:

2564 1386 2893 1466 indignum
2915 1435 2930 1464 ,
2987 1389 3096 1468 qui
3144 1390 3258 1450 fuit
3288 1409 3478 1450 causa
3510 1391 3769 1468 physica
3802 1397 3862 1451 et
3891 1391 4079 1450 imme-

2564 1479 2732 1541 diata
2759 1481 2974 1541 damni
3021 1502 3136 1542 sua
3181 1483 3348 1543 mala
3394 1483 3968 1558 administratione,
4018 1503 4074 1542 ee

2563 1579 2777 1634 autem
2807 1593 2932 1634 non
2959 1576 3330 1638 restituente
3350 1623 3365 1652 ,
3399 1578 3601 1636 teneri
3631 1577 3968 1638 electorem
3991 1577 4074 1654 qui

2563 1667 2679 1727 fuit
2707 1686 2898 1727 causa
2940 1669 3236 1731 mediata.
3296 1671 3428 1730 Hoc
3481 1675 3692 1729 tamen
3755 1670 4078 1747 intelligen-

2561 1760 2712 1821 dum
2743 1765 2871 1832 est,
2926 1761 2972 1819 si
3005 1761 3137 1841 ipse
3167 1762 3463 1840 indignus
3492 1763 3891 1841 culpabiliter
3915 1782 3976 1822 se
4001 1764 4076 1820 in·

2558 1853 2752 1930 gessit
2783 1871 2797 1916 2
2830 1854 3060 1932 poterit
3087 1855 3317 1934 quippe
3346 1857 3714 1935 contingere
3748 1860 3809 1916 et
3837 1856 4075 1935 plerum-

2560 1965 2681 2024 que
2703 1947 3093 2026 evenitquod
3122 1949 3255 2026 ipse
3286 1950 3521 2011 electus
3551 1957 3732 2028 putet
3761 1950 4073 2028 sedignum

2560 2043 2623 2099 et
2648 2039 3062 2101 sufficientem
3093 2059 3258 2116 esse,
3310 2042 3649 2103 electorem
3677 2062 3828 2103 vero
3858 2049 4076 2103 contra-

2557 2130 2720 2191 rium
2752 2132 2950 2208 seire,
2994 2133 3092 2192 vel
3122 2134 3281 2193 scire
3312 2134 3545 2195 debere
3587 2154 3603 2198 :
3643 2155 3773 2214 quo
3803 2156 3943 2196 casu
3971 2137 4076 2194 ele-

2558 2228 2695 2284 ctus
2736 2225 2818 2285 ob
2866 2225 3286 2303 ignorantiam
3319 2227 3752 2288 invincibilem
3784 2229 4073 2288 excusabi-

2556 2322 2660 2379 tur
2686 2318 2766 2378 ab
2799 2318 3180 2397 obligatione
3210 2321 3584 2382 restituendi
3610 2369 3625 2398 ,
3659 2329 3724 2383 et
3754 2324 3976 2382 elector
4001 2331 4074 2381 te-

2557 2411 2809 2470 nebitur
2855 2413 3055 2490 primo
3105 2413 3241 2473 loco
3272 2414 3354 2474 ad
3385 2419 3582 2475 totam
3611 2416 4070 2477 restitutionem.

2637 2506 2873 2564 Rursus
2901 2506 3211 2584 secundo,
3267 2508 3316 2566 si
3346 2526 3499 2568 vera
3527 2513 3626 2568 est
3650 2511 3959 2570 sententia
3983 2509 4077 2568 do·
4153 2543 4159 2560 ι

2557 2616 2704 2658 cens
2733 2598 2939 2658 officia
2983 2599 3116 2659 haec
3144 2600 3230 2660 ita
3256 2600 3473 2660 deberi
3504 2602 3817 2680 digniori,
3866 2611 3934 2663 ut
3973 2621 4070 2661 nen
4141 2640 4159 2680 1

2558 2691 2795 2769 possint
2817 2691 2872 2750 ci
2903 2691 3183 2770 absque
3168 2694 3401 2798 injuria
3431 2696 3675 2772 negari,
3711 2714 4070 2775 consequen
4121 2697 4159 2788 ‚fl

2556 2788 2650 2844 est
2677 2784 2845 2862 quod
2876 2785 3112 2862 eligens
3149 2786 3356 2846 minus
3385 2787 3686 2865 dignum,
3739 2789 3964 2850 debeat
3997 2809 4066 2848 re—
4097 2811 4159 2894 a:

2555 2878 2809 2936 stituere
2839 2877 3108 2955 digniori
3153 2883 3355 2939 totum
3386 2879 3719 2940 damnum.
3779 2882 3841 2942 Si
3889 2895 4068 2941 antem
4099 2857 4159 2894 *ι’

2556 2988 2680 3030 non
2728 2975 2823 3031 est
2875 2970 3175 3048 obligatio
3233 2972 3510 3051 eligendi
3564 2974 3942 3053 digniorem
3995 2976 4065 3032 τε]

2555 3068 2722 3124 certe
2751 3062 2802 3122 si
2834 3068 2927 3124 est
2955 3063 3100 3124 talis
3131 3064 3428 3143 obligatio
3455 3112 3471 3141 ,
3529 3085 3655 3127 non
3696 3075 3792 3129 est
3816 3070 3962 3147 qnia
3984 3087 4067 3126 ee-

2553 3156 2782 3218 bentur
2811 3156 3113 3235 digniori,
3149 3158 3258 3218 sed
3287 3178 3362 3218 ex
3393 3159 3611 3222 debito
3643 3180 3794 3240 erga
3822 3179 4066 3221 commn-
4157 3181 4159 3195 ¹

2555 3250 2814 3312 nitatem
2845 3254 2907 3310 et
2941 3255 3199 3329 propter
3226 3252 3361 3330 ejus
3407 3253 3687 3331 bonum,
3737 3260 3882 3315 tunc
3929 3256 4064 3313 nulia

2555 3346 2649 3403 est
2676 3342 2972 3421 obligatio
3000 3344 3368 3405 restituendi
3390 3346 3663 3424 digniori
3685 3349 4060 3423 omisso,cum
4153 3352 4154 3381 l

2555 3435 2612 3495 ei
2641 3435 2810 3494 nulla
2839 3434 3067 3514 injuria
3088 3436 3364 3515 irrogata
3383 3438 3596 3500 fuerit.
3633 3440 3867 3500 Deinde
3895 3440 3942 3499 si
3968 3440 4059 3497 ele-
4151 3452 4152 3473 ¹

2555 3534 2689 3589 ctor
2719 3528 3006 3588 vendidit
3034 3528 3309 3589 officium
3338 3531 3540 3608 pretio
3572 3534 3925 3607 excessivo,
3953 3550 4057 3590 eer-

2551 3625 2686 3683 tum
2712 3626 2808 3683 est
2852 3621 3020 3700 quod
3063 3622 3251 3683 debet
3286 3625 3553 3707 emptori
3587 3626 3850 3686 reddere
3877 3642 4054 3684 exces-

2553 3732 2693 3774 sum
2721 3714 2925 3792 pretii.
2989 3714 3054 3775 Si
3082 3719 3295 3776 autem
3339 3716 3460 3777 hoc
3488 3724 3679 3795 pacto
3709 3719 4056 3779 occasionem

2554 3807 2730 3867 dedit
2755 3807 3022 3887 emptori
3053 3807 3351 3869 abutendi
3381 3811 3613 3887 officio,
3635 3818 3707 3873 ut
3731 3813 3897 3873 lucro
3923 3811 4054 3886 turpi

2552 3899 2822 3978 pretium
2878 3899 2994 3960 sibi
3041 3908 3500 3980 compensaret,
3553 3910 3798 3965 certum
3841 3912 3926 3964 est
3969 3902 4054 3960 de-

2551 3993 2700 4052 bere
2728 3992 2949 4053 saltem
2978 3993 3251 4053 secundo
3282 3995 3419 4056 loco
3452 4002 3600 4073 post
3628 3998 3831 4077 ipsum
3857 4002 4052 4072 empti>

2552 4103 2686 4146 rem
2741 4086 3043 4146 resarcire
3100 4086 3331 4147 damna
3386 4090 3527 4150 aliis
3583 4091 3759 4152 illata
3809 4110 3878 4150 ex
3917 4087 4052 4147 mala

2552 4177 3090 4239 administratione
3121 4180 3308 4240 officii
3334 4228 3349 4257 ,
3403 4185 3589 4262 cujus
3619 4185 3754 4265 ipse
3781 4201 3950 4245 causa
3975 4183 4048 4239 in·

2544 4268 2716 4349 justa
2743 4270 2879 4331 fuit.

2629 4363 2861 4441 Tertio,
2903 4364 2951 4424 si
2981 4366 3199 4427 electio
3226 4368 3339 4427 fiat
3364 4386 3480 4447 per
3507 4387 3874 4431 concursum
3895 4387 4048 4428 veca-

2550 4457 2627 4517 tis
2657 4475 2770 4534 per
2795 4458 3001 4519 edicta
3039 4462 3564 4523 concurrentibus
3587 4510 3602 4539 ,
3659 4464 3936 4543 obligatio
3972 4468 4046 4521 e?-

2549 4549 2822 4628 eligendi
2850 4551 3199 4629 digniorem
3223 4599 3238 4628 ,
3291 4559 3363 4615 ut
3397 4554 3675 4617 diximus
3703 4564 3844 4618 sect.
3871 4573 3938 4616 11.
3965 4555 4046 4613 cni

2549 4642 2601 4702 si
2630 4644 2987 4720 omittatur,
3037 4646 3109 4705 fit
3148 4644 3377 4724 injuria
3405 4666 3552 4708 cum
3584 4651 3944 4729 obligatione
3967 4666 4044 4708 re·

2548 4736 2844 4796 stituendi
2875 4740 2936 4797 et
2961 4739 3339 4799 resarciendi
3369 4746 3575 4802 totum
3604 4743 3908 4804 damnum.

2519 4878 2536 4887 „,
2631 4829 2886 4905 Quarto,
2923 4830 2972 4889 si
3003 4849 3154 4891 vera
3179 4832 3259 4893 sit
3287 4835 3625 4912 sententia,
3659 4836 3814 4916 quod
3839 4835 4043 4894 elcese.-

2549 4924 2838 4983 teneatur
2861 4942 2937 4982 ex
2965 4924 3344 5003 obligatione
3371 4927 3598 4989 saltem
3629 4948 3772 5007 erga
3795 4946 4043 4988 comme·

2550 5014 2810 5076 nitatem
2842 5015 3070 5094 eligere
3100 5018 3455 5096 digniorem
3489 5040 3502 5081 :
3537 5022 3728 5101 aliqui
3754 5021 3947 5080 adhuc
3970 5018 4040 5076 di-

2549 5112 2717 5183 eunt,
2749 5113 2820 5169 ut
2846 5108 3116 5169 vidimus
3139 5158 3154 5187 ,
3188 5130 3308 5171 non
3344 5132 3481 5172 esse
3510 5115 3940 5193 obligationem
3962 5132 4038 5171 re-

2545 5200 2853 5260 sarciendi
2900 5202 3257 5280 reipublicae
3309 5204 3544 5265 damna
3590 5207 3670 5267 ob
3710 5207 4036 5265 electionem

2545 5293 2751 5353 minus
2798 5294 3006 5372 digni,
3060 5296 3207 5375 quia
3234 5297 3530 5376 obligatio
3559 5300 3662 5359 illa
3689 5316 3798 5360 non
3827 5308 3953 5359 erat
3977 5317 4032 5353 αι

2539 5386 2780 5465 justitia
2809 5388 2914 5447 sed
2949 5407 3024 5447 ex
3052 5389 3372 5451 fidelitate.
3434 5393 3566 5471 Ego
3608 5400 3803 5453 tamen
3847 5410 4032 5453 eonse-

2547 5484 2812 5557 quenter
2838 5480 3174 5541 dicendum
3201 5487 3388 5560 pute,
3450 5503 3585 5545 esse
3630 5486 4030 5589 obligationem

2546 5572 2928 5633 resarciendi
2953 5573 3183 5635 damna
3203 5578 3683 5651 communitam,
3715 5579 3860 5655 qnia
3886 5580 3934 5636 si
3958 5584 4028 5633 ω
