4263 6376
511 761 626 821 119

762 312 876 371 212
1875 314 1977 372 DE
2019 312 2374 374 JUSTITIA
2420 311 2519 371 ET
2561 312 2761 373 JURE

757 488 1009 566 ponitur
1027 534 1041 562 ‚
1102 491 1164 549 et
1191 491 1408 566 postea
1434 488 1715 567 sequitur
1743 488 1924 549 tertia
1953 487 2239 567 probatio
2273 506 2286 547 :

757 582 860 659 qui
892 601 1066 641 error
1092 581 1203 639 nisi
1237 582 1616 656 advertatur,
1651 581 2066 641 confundetur
2096 581 2294 640 lector

758 694 829 731 ex
862 674 1106 734 defectu
1139 674 1544 733 connexionis
1593 693 1734 733 cum
1768 674 2283 751 praecedentibus

837 768 1141 826 Probatur
1186 785 1334 840 ergo
1367 767 1568 842 primo
1619 768 1932 826 conclusio
1967 767 2044 824 ad
2079 766 2285 823 homi-

757 878 898 918 nem
931 879 944 927 ;
981 859 1126 936 quia
1156 858 1325 937 quod
1353 858 1657 919 terminus
1678 859 1870 918 sitvel
1891 878 2011 919 non
2036 859 2114 918 sit
2136 876 2288 936 prze-

751 952 911 1011 111105
943 951 1270 1024 solutioni,
1307 969 1528 1028 parum
1559 950 1787 1021 refert;
1824 970 1969 1010 uam
2000 952 2143 1009 licet
2168 955 2287 1009 ter-

752 1044 958 1102 minus
989 1048 1151 1103 esset
1178 1044 1471 1121 praefixus
1493 1090 1506 1115 ,
1543 1043 1842 1120 potuisset
1872 1043 2287 1103 mutuatarius

752 1137 991 1195 solvere
1021 1141 1362 1213 antequam
1394 1136 1659 1213 pretium
1693 1141 2033 1210 cresceret„
2081 1140 2143 1194 et
2170 1134 2288 1194 sibi

752 1228 1061 1306 imputare
1093 1228 1280 1287 debet
1312 1228 1360 1286 si
1392 1247 1513 1287 non
1548 1229 1852 1305 praevenit
1885 1250 1896 1288 z
1947 1229 1998 1287 si
2029 1246 2178 1305 ergo
2211 1245 2285 1286 eo

751 1340 899 1381 casu
938 1339 1060 1380 non
1095 1325 1298 1398 potest
1326 1320 1491 1380 licite
1521 1321 1746 1380 eadem
1774 1308 2069 1380 mensura
2098 1319 2282 1397 exigi,

751 1418 820 1474 ut
847 1414 1076 1475 fatetur
1105 1414 1338 1474 Melina
1368 1420 1428 1473 et
1448 1414 1575 1489 alii,
1611 1413 1777 1473 idem
1799 1413 2006 1473 dicere
2028 1414 2281 1489 debent,

747 1507 894 1567 licet
936 1507 1245 1566 terminus
1297 1525 1420 1566 non
1469 1506 1656 1566 fuerit
1701 1506 2027 1585 p1·aefixus;
2090 1524 2285 1584 quare

752 1599 1279 1676 inconsequentiae
1321 1617 1427 1659 eos
1459 1599 1664 1675 arguit
1693 1598 1869 1657 Salas
1900 1618 2004 1658 nu.
2040 1601 2097 1658 3.
2163 1597 2286 1657 Sed

754 1709 869 1769 ego
901 1692 1184 1769 suspicor
1204 1711 1326 1751 non
1359 1691 1547 1750 fuisse
1570 1691 1885 1750 defectum
1907 1708 2288 1768 consequen-

751 1784 876 1858 tiae,
912 1784 1057 1860 quia
1089 1785 1389 1843 terminus
1420 1784 1752 1861 dupliciter
1789 1782 2023 1861 praefigi
2056 1788 2279 1861 potest.

750 1877 993 1951 PrimO,
1054 1881 1122 1935 ut
1173 1896 1295 1937 non
1346 1877 1657 1952 obligetur
1695 1877 2110 1936 mutuatarius
2141 1882 2284 1936 ante

752 1969 940 2028 talem
965 1968 1300 2027 terminum
1324 1968 1399 2026 ad
1425 1968 1797 2028 solutionem
1820 1968 2016 2028 mutui
2044 1988 2057 2039 ;
2092 1968 2287 2046 possit

751 2066 983 2133 tamen,
1021 2061 1070 2118 si
1098 2061 1247 2120 velit
1280 2066 1424 2120 ante
1455 2061 1628 2120 illum
1650 2061 1986 2120 terminum
2019 2061 2281 2121 solvere.

755 2152 1044 2213 Secundo
1071 2200 1084 2225 ,
1146 2157 1213 2211 ut
1257 2172 1369 2212 nec
1401 2158 1694 2212 mutuans
1714 2153 1908 2231 possit
1929 2160 2072 2214 ante
2102 2154 2285 2212 illum

753 2245 1089 2306 terminum
1123 2246 1406 2322 exigere,
1469 2265 1582 2305 nec
1630 2247 2047 2306 mutuatarius
2091 2244 2290 2322 possit

754 2343 898 2398 ante
929 2339 1189 2398 solvere.
1227 2340 1292 2397 ln
1327 2358 1447 2416 quo
1481 2338 1755 2397 secundo
1787 2358 1966 2397 sensu
1997 2338 2288 2398 videntur

753 2430 796 2488 ii
825 2433 1112 2489 auctores
1141 2429 1334 2508 loqui,
1398 2450 1542 2489 nam
1573 2431 1625 2489 si
1655 2430 1716 2488 iu
1750 2432 1949 2507 primo
1980 2449 2165 2489 sensu
2196 2431 2288 2489 lo-

756 2525 1116 2601 querentur,
1139 2521 1357 2582 merito
1381 2524 1910 2601 inconsequentia}
1941 2523 2120 2599 argui
2143 2542 2289 2601 pos-

756 2621 916 2676 sent.

834 2708 1120 2771 Secundo
1153 2726 1301 2785 ergo
1335 2708 1583 2785 probari
1614 2714 1818 2787 potest
1840 2754 1855 2783 ,
1891 2708 2036 2786 quia
2067 2709 2117 2769 si
2149 2727 2289 2769 mu-

754 2806 931 2862 tuum
965 2802 1076 2861 fiat
1106 2801 1224 2861 1100
1253 2808 1434 2879 pacto
1468 2802 1779 2878 explicito,
1813 2806 1881 2861 ut
1910 2801 1961 2861 si
1991 2820 2113 2862 non
2146 2802 2291 2861 red-

757 2896 942 2955 datur
969 2893 1243 2954 triticum
1274 2894 1436 2953 intra
1466 2912 1572 2952 sex
1603 2912 1866 2962 menseS,
1906 2894 2135 2955 debeat
2154 2894 2289 2954 dari

759 3006 831 3047 eo
862 2991 1143 3065 tempore
1177 3005 1299 3064 quo
1322 2985 1591 3063 pretium
1623 2988 1757 3064 ejus
1787 2985 1992 3066 majus
2019 2987 2118 3063 sit,
2152 3005 2291 3065 pro-

758 3079 857 3140 cul
887 3080 1077 3139 dubio
1107 3078 1478 3157 injustitiam
1509 3078 1821 3153 continet,
1882 3079 2000 3138 nisi
2047 3081 2288 3141 ratione

756 3172 912 3233 lucri
941 3172 1239 3233 cessantis
1270 3170 1368 3231 vel
1412 3190 1616 3249 poenae
1651 3170 1820 3252 juste
1852 3172 2152 3250 apposita,²
2185 3192 2285 3231 ex-

758 3272 1028 3327 cusetur.
1065 3263 1438 3342 Hujusmodi
1467 3272 1677 3326 autem
1708 3269 1959 3342 pactum
1991 3265 2287 3344 implicite

759 3357 1067 3419 contineri
1094 3357 1377 3431 videtur,
1414 3357 1665 3435 quando
1700 3357 2082 3435 praevidetur
2109 3358 2289 3435 pretii

760 3454 1168 3528 augmentum
1240 3449 1518 3509 futurum
1587 3453 1870 3526 tempore
1938 3449 2285 3526 solutioniS,

760 3543 1000 3604 etiamsi
1034 3541 1336 3602 terminus
1365 3559 1488 3601 non
1521 3541 1918 3618 praefigatur:
1949 3541 2095 3601 licet
2124 3542 2290 3601 enim

761 3636 956 3716 possit
985 3635 1231 3695 debitor
1279 3638 1462 3693 antea
1493 3635 1772 3705 solvere3
1826 3634 1878 3693 si
1923 3638 2134 3695 tamen
2165 3654 2289 3695 non

762 3729 965 3803 solvit,
1001 3727 1272 3787 creditor
1303 3725 1507 3802 exiget
1557 3732 1618 3785 et
1646 3730 1828 3804 coget
1858 3727 2030 3786 illum
2059 3727 2139 3786 ad
2169 3729 2288 3788 sol-

761 3821 1035 3880 vendum
1063 3824 1366 3896 tempore,
1403 3837 1525 3896 quo
1558 3818 1741 3878 tritici
1773 3819 1947 3878 valor
1966 3819 2169 3899 major
2187 3820 2287 3895 sit,

762 3921 824 3974 et
853 3914 928 3973 ad
962 3913 1081 3972 1100
1109 3911 1467 3971 faciendum
1491 3910 1595 3987 jus
1645 3911 1833 3970 habet
1863 3929 1935 3970 ex
1983 3912 2044 3971 vi
2091 3913 2294 3973 mutui

762 4012 946 4067 antea
974 4006 1119 4065 facti
1159 4025 1171 4064 :
1221 4023 1371 4080 ergo
1403 4003 1700 4080 implicite
1730 4023 1795 4062 se
1828 4004 2127 4082 obligavit
2155 4025 2294 4065 mu-

761 4099 1068 4161 tuatarius
1109 4097 1188 4155 ad
1233 4096 1625 4155 reddendum
1656 4097 1931 4157 triticum
1963 4097 2026 4156 in
2069 4098 2292 4175 majori

762 4191 1006 4260 valore,
1040 4188 1346 4248 creditore
1378 4189 1695 4265 exigente,
1730 4188 1781 4248 si
1810 4191 1956 4248 ante
1987 4189 2109 4248 tale
2140 4194 2292 4249 tem-

762 4303 879 4363 pus
907 4286 1192 4341 mutuum
1225 4298 1348 4340 non
1379 4280 1772 4341 reddidisset.

843 4374 1050 4436 Tertio
1081 4373 1330 4452 probari
1365 4376 1594 4449 potest,
1643 4375 1789 4451 quia
1820 4373 2134 4434 contraria
2160 4392 2295 4433 sen-

764 4468 957 4529 tentia
1002 4466 1111 4525 dat
1136 4465 1391 4524 modum
1431 4465 1676 4524 facilem
1719 4465 2004 4526 lucrandi
2051 4485 2126 4525 ex
2153 4485 2293 4526 mu—

766 4570 870 4621 tuo
900 4580 911 4620 :
975 4576 1119 4618 nam
1169 4558 1410 4635 quoties
1463 4558 1657 4618 scitur
1700 4558 2119 4619 mutuatarius
2168 4577 2291 4618 non

763 4654 1076 4714 soluturus
1109 4655 1252 4710 ante
1282 4669 1540 4725 annum,
1575 4651 1805 4728 poterit
1832 4656 2125 4711 mutuans
2156 4670 2293 4710 mu-

762 4752 939 4809 tuum
973 4744 1054 4803 illi
1087 4744 1237 4802 dare
1264 4789 1278 4818 ,
1338 4763 1461 4802 non
1508 4744 1570 4802 in
1614 4744 1880 4820 pecunia
1909 4791 1924 4819 ‚
1984 4743 2094 4802 sed
2126 4744 2187 4802 111
2216 4744 2292 4804 iis

762 4837 1074 4900 mercibus
1104 4855 1366 4914 quarum
1406 4835 1674 4913 pretium
1706 4855 1869 4895 nunc
1900 4836 2018 4895 vile
2050 4839 2180 4908 est,
2233 4839 2295 4897 01

763 4937 904 5012 post
929 4947 1160 4989 annum
1191 4930 1394 5005 majus
1425 4928 1575 5002 erit,
1610 4928 1945 4987 reddendis
1975 4928 2036 4986 in
2069 4929 2291 4987 eadem

762 5041 1084 5098 mensura,
1132 5027 1317 5099 atque
1363 5021 1501 5079 ideo
1546 5026 1686 5098 post
1713 5039 1946 5079 annum
1978 5020 2186 5097 exiget
2211 5021 2291 5080 ab

762 5137 835 5176 eo
878 5115 1136 5176 totidem
1184 5131 1424 5178 merces
1472 5130 1651 5189 oeque
1698 5112 1894 5171 bonas
1938 5116 1996 5172 et
2035 5112 2291 5189 majoris

761 5209 1033 5269 valoris:
1083 5224 1205 5285 quo
1255 5209 1435 5283 pacto
1480 5223 1728 5281 semper
1776 5224 1850 5263 ex
1895 5210 2114 5263 mutuo
2163 5223 2291 5264 ma-

760 5321 951 5378 gnum
981 5301 1225 5359 lucrum
1254 5296 1511 5357 habebit
1535 5344 1548 5371 ,
1601 5297 1770 5356 nulla
1813 5297 1931 5356 alio
1965 5315 2154 5356 onere
2186 5315 2290 5373 po-

762 5396 915 5467 sito,
969 5393 1086 5451 nisi
1113 5389 1415 5449 reddendi
1467 5390 1528 5447 iu
1574 5390 1795 5449 eadem
1828 5408 2143 5449 mensura.
2179 5391 2290 5448 Fa-

761 5486 1019 5550 tendum
1051 5503 1199 5560 ergo
1232 5488 1346 5559 est,
1382 5482 1534 5541 illud
1567 5501 1725 5542 onus
1753 5481 2060 5542 reddendi
2093 5481 2157 5541 in
2186 5499 2292 5542 ea-

2393 486 2539 547 dem
2586 505 2912 563 mensura,
2975 504 3109 548 esse
3157 505 3313 549 onus
3356 507 3664 567 magnum
3703 494 3911 552 mutuo

2392 580 2885 656 superadditum,
2921 581 3169 658 quando
3200 582 3580 660 praevidetur
3599 582 3911 644 solutionis

2392 679 2670 750 tempore
2731 673 3007 733 valorem
3062 673 3368 753 majorem
3421 694 3557 734 esse
3613 676 3910 737 futurum.

2390 766 2561 825 Alias
2603 765 2877 824 rationes
2907 765 3049 824 vide
3080 767 3249 843 apud
3284 769 3482 839 SalaS,
3537 785 3680 846 quae
3713 772 3913 827 tamen

2390 877 2512 917 non
2545 876 2760 917 omnes
2790 866 2934 918 sunt
2963 858 3110 919 satis
3141 860 3447 920 efficaceS.

2470 952 2601 1010 Hoc
2631 956 2841 1011 autem
2889 969 3035 1010 casu
3068 953 3446 1011 contrariam
3478 953 3664 1012 facile
3695 953 3915 1013 admit-
4018 968 4093 1024 {20

2387 1047 2617 1117 terem,
2683 1043 2931 1120 quando
2958 1090 2972 1118 ,
3033 1044 3176 1104 licet
3216 1050 3357 1123 post
3384 1064 3619 1104 annum
3650 1047 3912 1124 pretium
3996 1092 4067 1142 Μ
4099 1094 4117 1129 «⁴

2388 1135 2576 1195 tritici
2624 1135 2827 1213 majus
2875 1136 3153 1195 sut-urum
3203 1138 3622 1214 praevidetur,
3671 1139 3911 1198 interim
3974 1128 4140 1237 “³²³‘sssssf

2388 1230 2597 1287 tamen
2642 1227 2762 1287 hoc
2805 1247 2969 1287 anno
3008 1229 3276 1305 pretium
3305 1230 3626 1289 decrescet
3652 1249 3693 1290 a
3722 1232 3913 1309 pretio
3988 1212 4147 1293 urai?

2389 1321 2680 1398 praeseuti
2706 1367 2720 1396 ‚
2782 1326 2843 1380 et
2896 1322 3126 1398 poterit
3179 1323 3596 1383 mutuatarius
3653 1323 3914 1382 reddere
4015 1313 4107 1345 ‘³²²²

2389 1412 2639 1491 quando
2670 1412 2876 1472 minus
2908 1412 3175 1488 valebit,
3228 1418 3290 1473 et
3316 1414 3578 1474 dubium
3608 1421 3707 1475 est
3751 1435 3830 1475 an
3855 1416 3913 1475 id

2388 1506 2576 1566 faciet
2608 1525 2620 1564 :
2669 1509 2872 1565 stante
2918 1505 3085 1565 enim
3130 1506 3357 1584 aequali
3389 1508 3485 1566 vel
3525 1508 3658 1567 fere
3694 1509 3915 1586 aequali

2388 1598 2577 1656 dubio
2606 1644 2622 1672 ,
2682 1598 2759 1655 de
2788 1597 2960 1658 luero
2991 1597 3090 1656 vel
3125 1602 3202 1657 de
3227 1598 3505 1676 jactura,
3559 1605 3914 1661 contractus

2388 1690 2644 1769 oequalis
2671 1690 2819 1762 erit,
2858 1691 2979 1749 imo
3001 1691 3115 1749 hoc
3140 1691 3477 1751 dicendum
3499 1694 3640 1769 erit,
3676 1693 3915 1754 etiamsi

2388 1783 2689 1844 terminus
2740 1784 2887 1841 anni
2916 1784 3208 1861 praefixus
3233 1785 3315 1844 sit
3341 1786 3636 1845 solutioni
3686 1786 3747 1845 in
3778 1805 3916 1864 gra-

2386 1876 2537 1936 tiam
2569 1875 2901 1950 debitoriS,
2964 1875 3048 1934 ita
3096 1880 3164 1936 ut
3205 1877 3399 1953 possit
3427 1877 3559 1955 ipse
3586 1923 3601 1952 ,
3665 1878 3721 1937 si
3749 1878 3911 1953 velit,

2386 1967 2751 2045 praevenire.
2815 1967 3077 2038 Quando
3119 1973 3329 2028 tamen
3369 1970 3762 2047 probabilius
3804 1976 3910 2043 est,

2386 2059 2759 2119 solutionem
2788 2059 3143 2119 faciendam
3165 2063 3287 2120 tem
3298 2079 3445 2136 pore
3466 2063 3726 2139 majoris
3758 2062 3913 2122 valo-

2387 2152 2493 2226 115,
2528 2171 2651 2211 11011
2676 2158 2936 2230 apparet
2959 2153 3281 2230 (equalitas
3303 2153 3360 2211 in
3390 2159 3743 2230 contractu,
3780 2174 3914 2213 cum

2389 2262 2465 2304 ex
2491 2245 2551 2303 vi
2581 2245 2742 2303 illius
2771 2245 3026 2323 majoris
3070 2245 3281 2305 damni
3325 2247 3673 2322 periculum
3704 2250 3917 2306 subeat

2388 2338 2590 2414 majus
2618 2338 3036 2398 mutuatarius
3061 2385 3075 2410 ,
3111 2356 3299 2416 quam
3330 2344 3627 2398 mutuans
3651 2385 3667 2411 ,
3714 2344 3778 2400 et
3806 2339 3916 2398 hoc

2390 2448 2510 2488 non
2561 2429 2623 2488 in
2674 2448 2926 2505 poenam
2966 2431 3238 2508 justam,
3298 2430 3407 2489 sed
3466 2449 3542 2489 ex
3586 2431 3648 2489 vi
3696 2430 3912 2505 mutui,

2388 2522 2737 2599 praesertim
2769 2539 2909 2580 cum
2942 2540 3107 2599 saepe
3138 2522 3373 2600 absque
3405 2522 3589 2600 culpa
3620 2523 3918 2583 debitoris

2389 2614 2733 2673 differenda
2763 2615 2842 2672 sit
2870 2613 3092 2673 solutio
3126 2633 3237 2691 per
3265 2632 3499 2672 aunum
3532 2616 3611 2674 ob
3644 2615 3782 2693 ejus
3811 2616 3918 2674 im-

2387 2706 2753 2786 potentiam.
2807 2706 2869 2766 Si
2901 2725 3050 2784 ergo
3095 2725 3218 2765 non
3250 2710 3456 2783 potest
3495 2708 3721 2767 eadem
3751 2727 3919 2767 men-

2390 2817 2536 2857 sura
2566 2799 2714 2875 peti,
2750 2799 3018 2859 termino
3050 2802 3303 2876 praefixo
3325 2846 3339 2874 ‚
3390 2800 3647 2878 quando
3696 2802 3922 2878 proba-

2389 2891 2573 2950 bilius
2603 2895 2694 2951 est
2723 2898 3133 2969 augmentum
3159 2938 3173 2966 ‚
3228 2910 3417 2970 quam
3447 2892 3920 2953 decrementum

2387 2983 2618 3043 valoris
2648 3002 2719 3043 eo
2751 2989 3034 3061 tempore
3067 2986 3317 3061 praefixo
3340 3030 3355 3060 ‚
3405 2984 3553 3063 quia
3582 2985 3794 3063 major
3821 2986 3922 3045 illa

2389 3075 2795 3154 probabilitas
2855 3077 2999 3137 facit
3052 3077 3427 3155 inaequalem
3489 3083 3918 3148 contractum;

2389 3169 2552 3229 idem
2586 3168 2921 3229 dicendum
2944 3168 3211 3245 videtur,
3242 3169 3494 3248 quando
3516 3170 3923 3249 probabilitas

2389 3263 2547 3322 lucri
2582 3263 2873 3339 provenit
2899 3263 3213 3324 mutuanti
3244 3283 3320 3322 ex
3349 3281 3421 3323 eo
3445 3310 3460 3339 ,
3496 3263 3669 3342 quod
3698 3265 3920 3325 solutio

2390 3375 2512 3415 non
2544 3356 2623 3415 sit
2648 3355 2936 3415 facienda
2962 3355 3082 3416 1100
3112 3360 3418 3433 tempore,
3451 3355 3564 3416 sed
3593 3357 3739 3418 illo:
3776 3357 3921 3436 quid

2391 3449 2556 3508 euim
2606 3449 2799 3509 refert
2845 3448 3014 3527 quod
3064 3448 3268 3527 major
3314 3450 3727 3528 probabilitas
3770 3449 3920 3510 lucri

2388 3541 2716 3621 proveniat
2756 3560 2830 3600 ex
2879 3540 3036 3615 1100,
3095 3543 3193 3601 vel
3233 3542 3337 3601 illi
3381 3550 3797 3620 argumento,
3845 3543 3920 3602 ad

2390 3634 2781 3693 reddendum
2814 3638 3205 3694 contractum
3260 3636 3496 3713 magis,
3556 3636 3661 3696 vel
3715 3636 3918 3696 minus

2390 3727 2719 3804 aequalem.

2473 3818 2760 3879 Secunda
2790 3819 3123 3880 difficultas
3152 3839 3286 3880 esse
3315 3824 3542 3898 potest,
3576 3821 3832 3899 quando
3859 3822 3917 3881 in
4038 3833 4111 3889 {21

2391 3917 2606 3971 mutuo
2658 3910 2810 3969 nihil
2857 3912 3200 3988 explicatur
3243 3912 3320 3971 de
3349 3912 3673 3972 reddenda
3704 3915 3918 3974 eadem
3959 3955 4163 4010 93⁴5OE

2391 4022 2706 4076 mensura,
2742 4003 2838 4062 vel
2870 4004 3074 4080 potius
3106 4005 3328 4063 eodem
3359 4004 3573 4065 valore
3597 4052 3612 4081 ‚
3660 4007 3744 4067 ad
3774 4006 3918 4085 quid
3958 4014 4163 4070 αρ’·ωὲ·

2392 4095 2768 4172 obligandus
2809 4096 2888 4156 sit
2915 4098 3332 4157 mutuatarius
3354 4144 3369 4172 ,
3439 4105 3501 4160 et
3557 4117 3635 4158 an
3695 4100 3917 4178 eligere
3971 4075 4155 4108 mm

2391 4189 2588 4268 possit
2615 4188 2979 4248 alterutram
3008 4189 3385 4250 solutionem
3405 4190 3434 4249 ἱ)
3479 4194 3788 4252 Auctores
3816 4193 3921 4253 ob-

2391 4299 2570 4340 scure
2611 4280 2976 4359 loquuntur.
3009 4282 3261 4344 Lessius
3307 4302 3480 4344 num.
3517 4288 3655 4347 149.
3691 4290 3753 4346 et
3790 4290 3916 4346 150.

2391 4373 2592 4432 solum
2622 4374 2805 4449 dicit,
2855 4375 2907 4433 si
2936 4374 3205 4452 pretium
3237 4375 3614 4452 decreverit,
3674 4386 3918 4440 mutua·

2389 4465 2618 4526 tarium
2665 4485 2788 4526 non
2820 4468 3021 4527 teneri
3062 4468 3366 4546 maiorem
3403 4489 3769 4530 mensuram
3797 4472 3924 4531 red-

2392 4560 2539 4618 dere
2561 4606 2575 4634 ,
2637 4560 2784 4637 quia
2820 4561 2908 4620 ita
2950 4580 3065 4621 usu
3111 4568 3432 4640 receptum
3464 4568 3560 4623 est
3589 4563 3651 4622 in
3681 4570 3918 4640 mutue,

2390 4655 2460 4711 ut
2490 4651 2689 4710 solum
2719 4652 2798 4712 sit
2827 4653 3122 4732 obligatio
3141 4654 3449 4714 reddendi
3469 4654 3672 4715 simile
3701 4656 3767 4714 in
3797 4675 3925 4734 spe·

2393 4744 2508 4818 cie,
2543 4743 2820 4803 bonitate
2846 4790 2861 4820 ,
2896 4745 2954 4803 et
2981 4763 3280 4805 mensura
3304 4793 3318 4821 ,
3367 4746 3488 4805 nisi
3532 4748 3716 4807 aliter
3742 4748 3926 4807 fuerit

2393 4840 2768 4896 conventum
2823 4854 2836 4899 ς
2896 4841 2959 4897 et
2989 4838 3135 4917 quia
3174 4838 3311 4898 haec
3354 4843 3448 4900 est
3476 4840 3757 4901 conditio
3788 4841 3923 4920 puri

2392 4928 2613 5003 mutui,
2640 4929 2736 4987 cui
2761 4930 3014 5006 emptiO,
3046 4935 3155 4991 aut
3178 4931 3453 4992 venditio
3476 4932 3781 5011 implicite
3803 4951 3922 4993 non

2393 5021 2706 5082 miscetur.
2742 5023 3022 5081 Navarra
3038 5028 3248 5082 tamen
3279 5023 3444 5100 apud
3468 5025 3768 5084 eumdem
3786 5027 3922 5086 Les-

2391 5113 2552 5172 sium
2580 5114 2960 5172 contrarium
2986 5115 3155 5189 dicit,
3182 5114 3329 5194 quia
3350 5115 3628 5193 alioquin
3656 5136 3781 5178 non
3802 5137 3921 5177 ser-

2391 5209 2575 5264 vatur
2603 5206 2948 5282 aequalitas.
3004 5209 3236 5267 Neuter
3286 5212 3498 5268 autem
3539 5209 3823 5287 loquitur
3847 5209 3918 5268 de

2393 5297 2771 5371 obligatione
2802 5300 3166 5374 mutuantiS,
3201 5299 3453 5377 quando
3488 5301 3761 5378 pretium
3792 5321 3917 5361 cre·

2389 5390 2498 5449 vit.
2537 5390 2825 5449 Rebellus
2869 5392 3035 5452 dicta
3066 5400 3282 5470 quaest.
3320 5409 3454 5453 vni.
3510 5413 3684 5455 uum.
3718 5399 3779 5456 4.
3828 5413 3914 5454 50·

2389 5481 2518 5542 lum
2552 5483 2733 5556 dicit,
2768 5502 2949 5560 posse
2980 5485 3043 5544 in
3072 5489 3325 5563 pactum
3354 5485 3584 5547 deduci
3614 5488 3909 5567 majorem
