4263 6376
794 326 911 384 796

794 501 935 562 talis
992 522 1131 583 quae
1185 509 1409 570 merito
1464 511 1900 590 postponenda
1956 510 2034 572 sit
2089 510 2328 588 ingenti

795 593 1026 657 damno
1074 598 1460 663 haereditatis
1505 604 1767 677 eximiae,
1823 607 1885 664 et
1932 604 2218 664 similiter
2248 602 2325 663 de

796 689 1037 750 notario
1068 708 1210 751 cum
1240 697 1643 772 proportione
1674 696 2010 758 dicendum
2051 697 2322 771 videtur,

795 798 943 840 nam
997 781 1101 842 illa
1131 787 1349 862 regula
1393 789 1559 867 quod
1589 808 1714 850 non
1745 789 1980 867 obliget
2016 789 2325 849 restitutio

796 872 1110 933 bonorum
1141 876 1506 940 inferiorum
1551 900 1694 941 cnm
1733 882 1986 961 jactura
2014 882 2327 943 bonorum

797 965 1031 1026 ordinis
1060 971 1419 1049 superioriS,
1454 974 1645 1035 debet
1664 974 1918 1036 omnino
1951 975 2153 1054 accipi
2177 991 2323 1034 cum

797 1056 1346 1138 haeliinitatione3
1410 1066 1546 1144 quis
1578 1068 1744 1126 enim
1801 1066 1971 1127 dicat
2023 1066 2193 1145 quod
2220 1065 2329 1125 ali-

795 1151 933 1230 quis
1002 1160 1334 1217 excusetur
1404 1177 1441 1219 a
1497 1159 1882 1220 restituenda
1955 1159 2325 1220 haereditate

795 1260 1047 1322 magna,
1109 1265 1181 1308 eo
1214 1249 1382 1327 quod
1439 1251 1657 1313 timeat
1713 1252 1936 1312 febrim
1990 1252 2181 1313 trium
2227 1252 2325 1311 vel

796 1341 1062 1412 quatuor
1090 1339 1355 1418 dierum,
1392 1347 1454 1405 et
1469 1362 1581 1422 per
1597 1363 1986 1424 consequens
2008 1347 2326 1425 Jacturam

796 1428 1071 1507 aliquam
1099 1434 1403 1512 sanitatis,
1455 1455 1594 1516 quae
1625 1442 1719 1499 est
1757 1439 1824 1498 in
1866 1439 2189 1517 superiore
2231 1456 2325 1499 or-

796 1518 938 1580 dine
994 1523 1349 1588 bonorum?
1404 1530 1532 1589 Imo
1589 1530 1842 1608 ipsimet
1897 1534 2003 1610 qui
2056 1537 2325 1593 matrem

794 1613 1142 1676 adulteram
1173 1625 1470 1683 excusant
1517 1641 1552 1681 a
1580 1624 2036 1685 manifestando
2087 1625 2324 1685 adulte-

793 1705 909 1782 rio,
947 1707 1163 1771 dicunt
1203 1713 1401 1773 teneri
1447 1732 1587 1773 eam
1626 1717 2028 1779 manifestare
2072 1718 2227 1777 illud
2256 1717 2323 1777 fi-

793 1798 897 1876 lio,
947 1801 998 1861 si
1027 1807 1237 1882 sperat
1278 1824 1423 1866 eum
1465 1808 1856 1870 crediturum
1905 1814 1967 1871 et
2009 1811 2324 1872 restitutu-

791 1911 969 1966 rum;
1032 1915 1181 1975 ergo
1225 1899 1362 1977 jam
1407 1906 1767 1980 supponunt
1817 1905 2013 1964 teneri
2055 1908 2325 1965 matrem

792 2005 936 2046 cum
965 1989 1174 2068 aliqua
1216 1993 1466 2070 jactura
1519 1996 1726 2072 famae,
1790 2015 1937 2056 nam
1968 1997 2086 2057 hoc
2111 1997 2323 2075 ipsum

793 2081 1190 2144 manifestare
1208 2084 1357 2161 filio,
1390 2091 1483 2147 est
1503 2087 1805 2148 infamare
1824 2108 1889 2149 se
1907 2091 2074 2167 apud
2090 2090 2317 2170 ipsum.

793 2173 991 2236 Debet
1017 2194 1169 2255 ergo
1230 2178 1427 2257 accipi
1481 2181 1586 2240 illa
1637 2182 1860 2258 regula
1890 2200 2032 2242 cum
2065 2201 2323 2261 propor-

790 2266 981 2344 tione,
1034 2269 1152 2330 hoc
1182 2274 1295 2348 est,
1348 2274 1628 2334 excusari
1673 2275 1948 2354 aliquem
1992 2294 2028 2335 a
2072 2277 2324 2337 restitu-

792 2358 959 2420 tione
988 2361 1134 2421 boni
1169 2362 1500 2442 inferioriS‚
1554 2367 1805 2446 quando
1852 2368 1916 2428 id
1960 2368 2167 2429 facere
2197 2388 2323 2431 non

790 2457 997 2530 potest
1025 2454 1154 2514 sine
1177 2457 1426 2535 jactura
1456 2458 1561 2519 tali
1592 2460 1739 2520 boni
1768 2462 2137 2539 superioriS‚
2175 2479 2320 2541 quae

784 2546 1032 2624 jactura
1052 2548 1291 2626 judicio
1321 2550 1647 2629 prudentis
1674 2552 1787 2613 viri
1818 2554 1899 2615 sit
1927 2553 2322 2633 incompara-

789 2637 931 2698 bilis
961 2658 1104 2700 cum
1133 2641 1236 2702 illo
1267 2642 1432 2703 bono
1479 2644 1779 2708 inferiori.
1843 2647 2082 2726 Regula
2112 2652 2323 2708 autem

792 2731 871 2790 ad
914 2732 1394 2795 discernendum
1432 2738 1682 2815 quando
1731 2738 1963 2802 habeat
2013 2741 2204 2800 talem
2229 2740 2322 2800 in-

791 2827 1417 2905 comparabilitatem,
1451 2829 1701 2890 videtur
1728 2850 1887 2908 esse,
1942 2833 2193 2911 quando
2216 2833 2319 2911 ju·

791 2916 952 2978 dicio
995 2921 1396 2999 prudentum,
1457 2923 1559 2982 ille
1610 2925 1768 2985 alius
1811 2926 2319 2990 irrationabiliter

789 3029 856 3069 se
884 3015 1080 3088 geret,
1114 3017 1176 3074 et
1204 3015 1540 3077 crudeliter
1570 3017 1824 3095 exigens
1857 3018 2317 3080 restitutionem

791 3121 936 3163 cum
961 3108 1135 3167 tanto
1166 3125 1355 3166 onere
1400 3127 1413 3168 :
1457 3127 1518 3169 v.
1551 3128 1614 3187 g.
1647 3110 1696 3169 si
1726 3110 1970 3172 furatus
2002 3131 2068 3172 es
2099 3112 2322 3175 decem

784 3198 976 3276 julios
1008 3217 1044 3258 a
1073 3201 1282 3276 Petro,
1333 3219 1446 3261 nec
1485 3206 1662 3280 potes
1703 3206 2031 3266 restituere
2063 3206 2183 3267 nisi
2213 3226 2320 3267 ex-

790 3291 1028 3368 pendas
1058 3295 1308 3351 centum
1325 3292 1405 3352 ad
1422 3294 1760 3356 mittendos
1788 3297 1926 3357 illos
1958 3297 2202 3375 decem,
2237 3300 2322 3359 ir-

791 3383 1245 3445 rationabiliter
1286 3386 1492 3463 exiget
1529 3390 1768 3465 PetruS,
1816 3392 1886 3450 ut
1927 3389 2135 3451 adhuc
2178 3410 2318 3452 cum

789 3479 961 3536 tanto
982 3495 1171 3537 onere
1201 3478 1491 3539 restituas
1513 3479 1731 3540 decem
1751 3482 1965 3560 julios.
2003 3482 2106 3543 Sic
2129 3484 2321 3544 etiam

789 3569 839 3628 si
872 3569 1061 3629 debes
1096 3572 1275 3630 Petro
1321 3570 1554 3632 famam
1585 3591 1701 3633 nec
1737 3574 1938 3652 possis
1982 3576 2317 3638 restituere

791 3662 911 3721 nisi
931 3680 1072 3722 cum
1090 3663 1340 3741 jactura
1361 3665 1501 3724 vitae
1519 3686 1533 3736 ;
1564 3665 2079 3728 irrationabiliter
2096 3671 2161 3729 et
2176 3686 2320 3729 cru-

792 3754 1013 3815 deliter
1041 3774 1106 3815 se
1136 3759 1315 3833 geret
1358 3757 1612 3835 exigens
1655 3758 1890 3819 famam
1928 3777 2070 3820 cum
2103 3778 2316 3838 onere,

792 3852 855 3908 et
874 3848 1126 3926 jactura
1153 3850 1260 3909 illa
1287 3850 1767 3928 incomparabili
1799 3871 1812 3911 :
1861 3851 1975 3912 tibi
2005 3853 2172 3912 enim
2203 3855 2323 3913 mi-

791 3960 909 4000 nus
938 3942 1380 4019 comparabilis
1411 3947 1506 4003 est
1532 3943 1660 4004 vita
1689 3944 1944 4022 propria
1973 3963 2117 4005 cum
2149 3946 2322 4008 fama

794 4034 978 4109 Petri,
1013 4053 1202 4113 quam
1240 4038 1494 4095 centum
1515 4035 1656 4114 julii
1684 4054 1827 4097 cum
1859 4037 2100 4099 decem.
2139 4039 2323 4099 Deni-

791 4145 913 4205 que
938 4126 986 4186 si
1008 4127 1198 4188 debes
1218 4131 1399 4189 Petro
1417 4128 1586 4188 mille
1617 4133 1815 4203 scuta,
1851 4148 1989 4208 quae
2021 4149 2146 4190 non
2178 4151 2324 4210 pos—

789 4219 873 4281 sis
902 4219 1229 4280 restituere
1262 4220 1393 4280 sine
1436 4221 1808 4299 gravissima
1840 4223 2093 4300 jactura
2138 4224 2320 4285 famae

790 4330 981 4392 quam
1002 4313 1168 4391 juste
1198 4312 1502 4391 possideS,
1537 4314 1758 4374 eodem
1774 4314 1960 4375 modo
1977 4318 2315 4394 excusam,

791 4406 936 4485 quia
968 4423 1092 4465 non
1141 4409 1234 4465 est
1286 4405 1792 4483 incomparabilis
1839 4406 2090 4487 jactura
2136 4410 2320 4471 samae

789 4517 932 4558 cum
960 4497 1128 4557 mille
1160 4498 1349 4559 scutis
1376 4518 1388 4559 :
1424 4517 1456 4558 e
1486 4503 1705 4559 contra
1724 4519 1874 4560 vero
1910 4501 1959 4560 si
2018 4520 2142 4561 non
2173 4520 2320 4580 pos-

788 4591 872 4652 sis
901 4592 1226 4652 restituere
1257 4591 1475 4651 decem
1513 4591 1678 4652 furto
1726 4590 1955 4670 ablata,
2009 4594 2159 4673 quin
2217 4614 2323 4655 ex-

788 4684 1026 4764 pendas
1055 4683 1176 4743 alia
1233 4684 1507 4763 quinque
1565 4685 1897 4762 teneberiS,
1959 4686 2243 4748 similiter
2272 4687 2321 4747 si

788 4795 908 4836 non
942 4776 1143 4854 possis
1161 4777 1493 4837 restituere
1519 4776 1753 4837 samam
1773 4778 2160 4855 gravissimae
2179 4798 2323 4857 per-

785 4887 978 4944 sonae,
1011 4868 1109 4928 vel
1140 4868 1604 4929 communitatis
1637 4869 1769 4929 sine
1802 4869 2077 4947 periculo
2108 4870 2319 4949 aliquo

784 4966 1027 5023 remoto
1050 4961 1214 5037 vitre,
1244 4980 1409 5039 saepe
1440 4961 1787 5034 teneberis;
1822 4962 2092 5040 denique
2112 4963 2163 5023 si
2194 4982 2319 5025 non

784 5054 985 5136 possis
1015 5054 1343 5115 restituere
1392 5072 1655 5132 regnum
1703 5055 1834 5113 sine
1894 5054 2104 5134 aliqua
2160 5056 2317 5115 infa-

785 5148 912 5208 mia
967 5146 1166 5226 gravi,
1202 5165 1326 5206 non
1359 5147 1695 5223 excusariS,
1731 5147 1879 5225 quia
1922 5146 2055 5207 haec
2109 5148 2320 5208 omnia

785 5246 931 5302 sunt
958 5239 1404 5318 comparabilia
1426 5240 1587 5300 inter
1615 5258 1715 5311 se;
1749 5258 1950 5318 neque
1974 5239 2074 5298 ille
2106 5258 2320 5301 exces-

784 5354 889 5395 sus
921 5338 1014 5394 est
1040 5336 1249 5393 tantus
1305 5336 1373 5393 ut
1429 5332 1605 5393 tollat
1660 5350 1910 5392 omnem
1966 5334 2318 5411 proportio-

785 5446 964 5488 nem:
1000 5429 1152 5505 quot
1171 5426 1336 5485 enim
1369 5425 1642 5502 reperies
1673 5425 1780 5503 qui
1807 5444 2074 5503 regnum
2124 5426 2319 5485 velint

786 5522 976 5583 etiam
1006 5537 1150 5579 cum
1180 5518 1390 5598 aliqua
1427 5519 1610 5578 fama}
1625 5517 1894 5598 jactura,
1928 5518 2025 5579 vel
2082 5519 2315 5579 famam

1941 335 2042 395 DE
2083 333 2440 397 JUSTITIA
2484 332 2585 392 ET
2627 332 2826 392 JURE

2426 526 2569 569 cum
2601 508 2812 587 aliquo
2844 509 3119 587 periculo
3154 510 3324 588 vitae,
3363 515 3491 575 etc.
3538 511 3641 572 Ad
3697 515 3967 570 nostrum

2427 621 2576 680 ergo
2596 620 2813 663 casum
2843 601 2919 662 de
2950 604 3195 665 notario
3218 603 3406 682 juxta
3435 605 3577 665 haec
3636 603 3967 664 dicendum

2425 695 2672 757 videtur
2700 713 2866 773 saepe
2907 696 3137 775 saepius
3178 697 3601 776 obligandum
3641 697 3727 756 ad
3779 699 3969 755 mani-

2425 788 2818 849 festationem
2847 787 3069 849 saltem
3098 794 3242 867 post
3270 794 3548 851 mortem
3579 790 3964 856 taciendam:

2426 880 2573 958 quia
2602 880 2755 940 illud
2784 880 3230 943 detrimentum
3263 883 3456 944 famae
3504 889 3653 962 post
3708 887 3969 942 mortem

2423 972 2821 1033 subeundum
2853 991 2978 1035 non
3009 973 3260 1035 videtur
3284 977 3441 1037 tanti
3474 976 3869 1049 faciendum,
3908 981 3971 1035 ut

2420 1068 2681 1144 propter
2738 1065 2893 1126 illud
2951 1066 3111 1127 alius
3159 1067 3438 1145 patiatur
3518 1087 3829 1147 magnum
3868 1070 3967 1128 de-

2424 1156 2790 1218 trimentum
2842 1157 3234 1220 fortunarum
3292 1180 3367 1221 ex
3425 1161 3587 1222 falsa
3663 1162 3968 1240 scriptura

2419 1249 2834 1327 proveniens:
2870 1250 2984 1310 nisi
3012 1251 3193 1328 sorte,
3216 1257 3286 1314 ut
3314 1253 3467 1329 dixi,
3513 1253 3963 1314 detrimentum

2423 1341 2577 1402 illud
2606 1343 2790 1404 famae
2810 1346 3056 1405 tantum
3088 1351 3270 1423 esset,
3307 1347 3410 1407 vel
3437 1347 3754 1408 damnum
3782 1348 3964 1408 fortn-

2424 1452 2649 1495 narum
2704 1439 2868 1497 esset
2921 1436 3082 1497 adeo
3134 1457 3426 1517 parvum,
3488 1443 3563 1500 ut
3607 1459 3739 1501 non
3768 1448 3968 1502 essent

2422 1528 2876 1605 comparabilia
2903 1529 3067 1590 iuter
3120 1549 3185 1590 se
3236 1531 3424 1611 juxta
3476 1534 3770 1612 regulam
3827 1535 3967 1594 assi·

2422 1625 2702 1697 gnatam.

2500 1712 2831 1773 Dubitatur
2858 1714 3097 1793 quinto,
3128 1720 3341 1777 utrum
3362 1719 3666 1780 Notas-ius
3688 1723 3963 1780 teneatur
4080 1731 4127 1788 {5

2423 1805 2773 1881 restituere,
2809 1806 2976 1884 quod
3008 1808 3233 1886 accipit
3262 1810 3428 1870 ultra
3458 1813 3739 1889 pretium
3796 1817 3964 1873 taxa·
4042 1855 4121 1905 Q
4148 1871 4161 1894 ι

2422 1903 2577 1974 tum,
2626 1898 2705 1960 ol)
2734 1897 3168 1976 instrumenta,
3195 1920 3335 1980 quae
3366 1904 3672 1965 conficit?
3703 1907 3964 1984 Respon·
4003 1913 4187 1960 ‹st-*un

2424 1990 2609 2053 detur
2654 1991 2945 2069 breviter,
2981 1992 3031 2052 si
3087 1995 3320 2055 taxatio
3392 1996 3474 2057 sit
3538 1997 3743 2075 justa,
3776 2000 3965 2058 teneti
4044 1976 4167 2057 Ξ

2423 2084 2640 2163 utique
2659 2083 2742 2143 ad
2772 2084 3257 2163 restitutionem,
3294 2106 3372 2147 an
3435 2107 3593 2148 vero
3653 2090 3733 2150 sit
3775 2092 3957 2168 justa,

2422 2177 2655 2254 pendet
2684 2195 2760 2236 ex
2787 2177 2998 2238 multis
3027 2178 3524 2241 circumstantiis
3582 2201 3732 2260 quae
3762 2183 3822 2241 in
3847 2184 3966 2243 fan-

2420 2274 2483 2330 to
2555 2270 3028 2332 considerandae
3096 2275 3273 2345 sunt;
3346 2273 3735 2354 plerumque
3808 2277 3962 2335 enim

2423 2362 2674 2441 quando
2704 2362 2876 2440 leges
2904 2366 3188 2424 taxantes
3227 2369 3374 2424 sunt
3432 2366 3625 2425 valde
3673 2369 3958 2447 antiquae,

2418 2474 2543 2516 non
2573 2458 2904 2516 censentur
2921 2454 3055 2533 jam
3075 2454 3284 2534 justat,
3321 2459 3472 2536 quia
3498 2460 3717 2537 pretia
3766 2479 3958 2520 rerum

2421 2547 2700 2609 omnium
2758 2551 2943 2609 aucta
3011 2552 3190 2619 sunt;
3254 2551 3515 2629 quando
3564 2571 3725 2612 vero
3796 2554 3954 2630 leges

2420 2645 2565 2702 sunt
2590 2658 2790 2715 novae,
2826 2658 2937 2718 pro
2969 2640 3087 2700 illis
3114 2643 3530 2719 praesumitur
3562 2664 3579 2703 ε
3614 2664 3739 2706 nec
3768 2647 3957 2706 obstat

2421 2733 2589 2813 quod
2619 2732 2842 2793 notarii
2875 2731 3085 2793 dicant
3112 2751 3235 2793 non
3293 2753 3479 2812 posse
3520 2756 3595 2796 se
3656 2737 3828 2798 alere
3876 2740 3955 2798 fa·

2421 2826 2680 2902 minam,
2737 2825 2788 2885 si
2840 2825 3043 2903 legem
3097 2825 3457 2888 observent.
3523 2831 3957 2908 Respondebit

2423 2921 2611 2996 enim,
2645 2920 2763 2980 hoc
2792 2918 3124 2996 provenire
3156 2937 3231 2977 ex
3260 2937 3335 2980 eo
3367 2922 3547 2999 quod
3578 2924 3782 2983 velint
3808 2924 3957 2983 alere

2420 3011 2721 3072 familiam
2749 3028 2941 3088 supra
2971 3011 3394 3071 conditionem
3428 3014 3527 3074 sui
3590 3019 3839 3087 status;
3868 3016 3956 3074 de-

2418 3106 2570 3167 bent
2596 3103 2762 3164 enim
2791 3102 3187 3164 considerare
3217 3112 3546 3167 crescente
3579 3127 3850 3168 numero
3866 3127 3959 3168 no·

2417 3199 2745 3274 tariorum‚
2802 3195 3052 3257 viluisse
3100 3196 3236 3275 jam
3307 3217 3533 3259 eorum
3609 3219 3863 3280 operas,
3894 3221 3959 3262 ac·

2420 3290 2683 3372 proinde
2731 3308 2857 3350 non
2886 3308 3068 3368 posse
3124 3309 3240 3350 nec
3286 3291 3524 3352 debere
3581 3313 3758 3354 nunc
3804 3296 3956 3354 illum

2420 3386 2818 3466 splendorem
2873 3401 3264 3459 conservare,
3298 3403 3491 3463 quem
3551 3387 3804 3447 nobiles
3832 3388 3953 3449 viri,

2420 3481 2517 3540 vel
2547 3496 2733 3558 quem
2774 3475 3082 3537 haberent
3117 3477 3166 3537 si
3217 3477 3485 3539 fuissent
3512 3480 3711 3559 pauci
3744 3481 3949 3542 notarii

2419 3574 2482 3633 in
2512 3569 2852 3650 republica,
2882 3571 2951 3628 ut
2977 3569 3123 3629 olim
3149 3573 3349 3631 erant.

2500 3667 2659 3727 Sunt
2685 3666 2897 3723 tamen
2926 3661 3120 3739 aliqui
3162 3680 3365 3737 casuS,
3404 3663 3471 3722 in
3501 3663 3743 3742 quibus
3799 3671 3957 3725 nota-
4066 3682 4111 3735 {9

2419 3760 2547 3819 rius
2576 3758 2781 3835 potest
2833 3754 3072 3833 aliquid
3141 3754 3428 3834 accipere
3478 3757 3651 3818 ultra
3699 3759 3953 3837 pretium
4022 3804 4147 3855 effi,

2419 3866 2772 3913 commune.
2833 3847 3064 3924 Primo,
3125 3847 3376 3925 quando
3449 3848 3645 3910 datur
3718 3851 3953 3911 omnino
4014 3870 4163 3911 vm

2418 3943 2634 4022 gratiS,
2666 3944 2728 4001 et
2756 3939 2997 4000 notario
3020 3943 3382 4001 constanter
3404 3941 3780 4003 affirmante
3802 3943 3864 4002 id
3888 3942 3953 4002 si·
4013 3914 4083 3965 μὴ
4060 3924 4165 4013 ρξ’

2419 4036 2485 4096 bi
2514 4035 2683 4094 nullo
2713 4032 2902 4092 modo
2960 4032 3197 4107 deberi,
3257 4033 3484 4095 datur:
3550 4034 3664 4095 ubi
3714 4036 3955 4095 adverte

2420 4146 2545 4188 non
2566 4127 2715 4187 satis
2744 4144 2880 4185 esse
2911 4124 3079 4204 quod
3108 4126 3388 4186 notarius
3427 4127 3866 4205 interrogatus
3890 4128 3955 4187 de

2420 4220 2644 4298 pretio,
2680 4219 2886 4280 dicat:
2922 4219 3001 4278 da
3032 4219 3199 4296 quod
3249 4219 3551 4295 volueris,
3615 4220 3759 4280 haec
3806 4220 3956 4280 enim

2422 4318 2516 4375 est
2545 4330 2644 4371 ars
2675 4310 2753 4369 ad
2795 4308 3231 4388 accipiendum
3288 4311 3453 4371 ultra
3504 4313 3791 4389 pretium
3838 4314 3960 4392 jus-

2418 4409 2573 4465 tum.
2604 4402 2914 4479 Secundo,
2949 4401 3200 4481 quando
3232 4400 3332 4461 ille
3363 4404 3472 4481 qui
3503 4403 3641 4481 dat,
3670 4404 3828 4465 alias
3855 4405 3957 4464 scit

2418 4497 2577 4558 bene
2608 4499 2911 4574 quantum
2940 4495 3263 4571 debeatur,
3299 4500 3363 4556 et
3392 4500 3613 4556 tamen
3637 4500 3791 4576 quia
3821 4498 3959 4557 libe-

2422 4590 2569 4650 ralis
2598 4592 2710 4664 est,
2744 4588 2853 4649 dat
2868 4588 3199 4667 plusquam
3227 4587 3518 4664 debetur,
3556 4610 3686 4650 non
3718 4598 3959 4650 tenetur

2421 4681 2695 4743 nolarius
2725 4681 3064 4741 admonere
3094 4681 3173 4739 de
3202 4683 3427 4758 pretio,
3466 4683 3620 4761 quia
3642 4683 3781 4761 jam
3806 4688 3957 4743 esset

2420 4774 2656 4835 inutilis
2702 4773 2806 4833 illa
2836 4772 3200 4834 admonitio,
3235 4773 3448 4834 Tertio
3473 4819 3490 4849 ,
3551 4775 3814 4853 quando
3858 4775 3961 4833 de-

2420 4868 2650 4928 bentur
2675 4885 2782 4926 sex
2808 4865 2965 4946 julii,
3001 4886 3063 4929 v.
3091 4884 3153 4944 g.
3189 4868 3252 4926 et
3282 4884 3408 4925 non
3440 4868 3726 4928 occurrit
3754 4886 3955 4926 mone·

2420 4967 2485 5024 ta
2513 4961 2716 5019 minor
2745 4962 2944 5035 scut0,
2979 4976 3091 5018 nec
3122 4958 3256 5035 ipse
3299 4958 3583 5020 ostendit
3636 4960 3957 5019 difficulta-

2419 5059 2546 5115 tem
2593 5050 2959 5131 expectandi
3016 5050 3583 5111 commutationem
3649 5056 3951 5119 monetae:

2420 5147 2522 5206 ille
2554 5150 2762 5206 autem
2792 5144 2949 5204 alius
2977 5143 3145 5203 cedit
3162 5143 3293 5223 juri
3344 5162 3484 5219 suo,
3520 5149 3737 5221 potest
3790 5144 3953 5203 illum

2421 5257 2743 5299 excessum
2773 5256 2914 5297 eum
2943 5236 3328 5316 gratitudine
3356 5237 3661 5298 retinere.
3697 5238 3945 5311 Quarto,

2418 5332 2659 5392 addunt
2687 5329 2898 5409 aliqui,
2932 5329 3182 5409 quando
3214 5347 3511 5409 persona·
3532 5350 3679 5409 quae
3708 5331 3837 5401 dat,
3869 5338 3955 5388 est

2415 5429 2602 5485 tantae
2635 5423 2973 5502 dignitatiS,
3000 5426 3068 5482 ut
3094 5421 3220 5481 dici
3252 5441 3379 5481 non
3415 5425 3639 5500 possit,
3675 5442 3753 5483 ue
3783 5423 3955 5481 dede-

2418 5518 2501 5577 ris
2530 5516 2683 5576 mihi
2714 5517 2872 5576 ultra
2904 5515 3173 5593 pretium
3208 5518 3526 5593 taxatum,
3560 5535 3751 5596 posse
3782 5516 3953 5577 etiam
