4263 6376
625 3571 743 3632 ¹04

524 3698 814 3755 Supponuntur

577 3806 776 3851 (neuton.

846 301 965 362 296

851 481 1118 558 quenter
1170 477 1506 540 dicendum
1559 477 1808 539 videtur
1861 477 1940 538 de
1987 496 2060 539 eo
2116 478 2219 539 cui
2259 478 2379 541 hac

853 571 1046 634 etiam
1072 572 1177 634 via
1204 571 1405 633 facilis
1434 572 1552 633 erit
1569 616 1585 648 ,
1634 575 1945 650 quatenus
1972 589 2383 651 compensare

853 665 974 726 sibi
1000 669 1207 745 potest
1233 664 1511 726 debitum
1563 683 1759 725 unum
1802 683 1946 725 cum
1995 665 2155 742 ali0,
2215 666 2384 744 quod

850 756 988 836 regi
1035 757 1250 832 debet,
1300 757 1570 838 ipsomet
1611 776 1762 837 rege
1806 757 2386 837 compensationem

852 854 1242 928 acceptante.

933 943 1137 1021 DiceS,
1173 943 1586 1007 conductores
1627 943 1766 1005 illos
1814 963 1889 1004 ex
1917 944 1977 1004 vi
2023 944 2191 1023 pacti
2237 944 2384 1007 facti

854 1053 999 1096 cum
1025 1053 1175 1114 rege
1195 1082 1211 1113 ,
1248 1035 1448 1097 videri
1474 1036 1604 1113 iam
1631 1036 1829 1099 factos
1859 1036 2035 1117 quasi
2074 1038 2242 1117 regis
2268 1038 2388 1099 mi-

853 1128 1083 1189 nistros
1111 1128 1190 1189 ad
1210 1129 1512 1190 solvenda
1541 1129 1677 1209 ejus
1705 1129 1920 1192 debita
1953 1150 1965 1191 :
2002 1149 2196 1210 quare
2227 1131 2390 1193 sicut

854 1220 1010 1298 regii
1041 1221 1310 1283 ministri
1346 1237 1470 1282 non
1512 1224 1774 1302 possunt
1801 1222 1906 1283 illa
1927 1222 2157 1283 minori
2185 1224 2386 1303 pretio

857 1330 1067 1373 emere
1087 1357 1103 1389 ,
1137 1317 1200 1375 et
1225 1313 1473 1393 integra
1513 1333 1553 1375 a
1578 1333 1729 1394 rege
1760 1314 2042 1394 accipere
2070 1360 2085 1393 ‚
2140 1320 2210 1377 ut
2236 1316 2389 1375 dixi-

855 1424 1031 1482 muS,
1078 1405 1168 1466 sic
1198 1425 1314 1467 nec
1340 1411 1716 1469 mercatores
1744 1408 1833 1467 illi
1861 1412 2175 1487 poterunt.
2239 1411 2391 1470 Res-

856 1497 1205 1577 pondetur‚
1264 1517 1391 1560 non
1438 1518 1573 1560 esse
1620 1501 1817 1562 factos
1860 1501 2026 1579 regis
2072 1502 2390 1563 ministros

857 1591 984 1652 ullo
1016 1591 1224 1668 modo,
1259 1610 1463 1673 neque
1492 1594 1558 1654 id
1576 1592 1853 1654 muneris
1884 1594 1945 1654 in
1976 1613 2043 1655 se
2073 1596 2390 1674 suscipere

859 1683 1166 1761 voluisse,
1216 1685 1327 1745 sed
1367 1687 1569 1747 solum
1615 1686 1984 1765 impetrasse
2030 1688 2389 1750 facultatem

861 1777 1310 1855 compensandi
1337 1783 1579 1859 partem
1608 1780 1791 1859 pretii
1820 1780 2010 1841 debiti
2043 1799 2187 1842 cum
2216 1781 2392 1842 debi-

858 1870 938 1930 tis
964 1869 1102 1930 aliis
1137 1869 1333 1948 ipsius
1360 1873 1549 1951 regiS.
1601 1873 1797 1934 Sicuti
1827 1892 1976 1953 ergo
2007 1877 2260 1952 possent
2288 1874 2393 1934 illa

863 1961 1076 2023 debita
1105 1964 1431 2041 acquirere
1461 1965 1799 2027 donatione
1827 1966 2100 2045 gratuita
2128 1967 2393 2027 credito-

859 2072 1026 2132 rum,
1059 2053 1148 2116 sic
1167 2060 1428 2135 possunt
1457 2058 1771 2135 emptione
1801 2058 1901 2119 vel
1921 2058 2040 2119 alio
2068 2061 2393 2120 contractu

862 2165 1127 2208 oneroso
1151 2168 1168 2221 ;
1202 2149 1372 2227 quod
1392 2149 1655 2212 fortasse
1684 2150 2095 2212 creditoribus
2123 2152 2276 2231 ipsis
2300 2152 2392 2212 in·

862 2243 1114 2318 gratum
1142 2259 1308 2319 saepe
1337 2260 1463 2303 non
1494 2243 1645 2319 erit,
1707 2261 1975 2323 quorum
2014 2244 2196 2306 multi
2238 2244 2392 2305 nihil

863 2332 942 2392 de
968 2332 1096 2393 suis
1124 2333 1377 2395 creditis
1406 2336 1777 2415 reciperent,
1813 2340 1876 2398 et
1903 2336 2022 2397 hac
2049 2337 2153 2399 via
2181 2337 2394 2400 debita

863 2423 1087 2504 majori
1119 2444 1195 2486 ex
1223 2429 1400 2505 parte
1430 2427 1715 2491 obtinere
1743 2432 2024 2508 possunt.

1529 2878 1587 2959 g.
1618 2881 1678 2940 2.

868 3170 971 3233 An
1001 3167 1072 3232 ob
1099 3168 1343 3232 dilatam
1363 3168 1702 3232 solutionem
1715 3168 1902 3251 pret&
1922 3186 2014 3232 res
2022 3169 2214 3254 pluris
2231 3169 2405 3235 vendi

1509 3277 1755 3361 possint.

953 3547 1066 3609 Hic
1107 3551 1202 3610 est
1246 3545 1402 3608 alius
1428 3545 1643 3609 titulus
1696 3544 2014 3607 vendendi
2067 3546 2273 3607 carius
2328 3563 2404 3606 ea

873 3659 1012 3723 quae
1041 3640 1279 3703 credito
1308 3639 1685 3716 venduntur,
1718 3639 1912 3700 dilata
1939 3640 2246 3702 solutione
2267 3660 2405 3722 pre-

607 3754 744 3819 ·uqua
869 3735 942 3797 tii
966 3753 1079 3816 per
1127 3732 1379 3813 aliquod
1408 3737 1654 3811 tempus
1687 3751 1701 3792 :
1762 3732 1963 3794 solent
1990 3734 2157 3794 enim
2186 3736 2404 3796 vendi-

869 3832 1040 3890 tores
1070 3825 1296 3889 cariori
1337 3826 1539 3906 pretio
1582 3830 1734 3887 tunc
1760 3826 2036 3887 vendere
2065 3845 2253 3907 quam
2284 3848 2401 3908 pe-

868 3922 1053 3984 cunia
1117 3917 1434 4000 praesenti.
1536 3919 1605 3979 In
1692 3937 1814 3999 quo
1897 3924 2128 3999 puncto
2193 3920 2403 4001 aliqua

867 4015 1076 4076 facilia
1099 4017 1279 4090 sunt,
1327 4015 1389 4074 et
1431 4012 1498 4072 in
1541 4010 1769 4092 quibus
1797 4013 1925 4073 DD.
1985 4014 2402 4075 communiter

868 4106 1285 4169 consentiunt.
1317 4104 1526 4165 Primo
1547 4150 1563 4181 ,
1609 4104 1779 4183 quod
1806 4105 1971 4166 intra
1999 4105 2226 4166 limites
2248 4106 2401 4185 justi

866 4198 1052 4280 pretii
1090 4197 1289 4276 possis
1318 4196 1522 4257 carius
1551 4196 1827 4257 vendere
1856 4198 2126 4275 credito,
2176 4218 2401 4279 nempe

868 4292 1069 4374 pretio
1126 4308 1370 4351 summo
1403 4335 1419 4367 ,
1480 4290 1730 4371 quando
1787 4291 2076 4368 praesenti
2135 4292 2402 4371 pecunia

868 4384 1089 4449 vendis
1108 4384 1323 4444 infimo
1342 4382 1440 4443 vel
1460 4383 1784 4444 mediocri.
1821 4384 2135 4461 Secund0,
2169 4386 2223 4445 si
2237 4405 2396 4464 rem,

869 4497 1010 4560 quae
1039 4496 1206 4538 nunc
1233 4475 1401 4538 valet
1428 4479 1524 4538 10.
1561 4480 1922 4538 servaturus
1963 4495 2103 4539 eras
2133 4478 2213 4537 ad
2243 4482 2403 4540 tem-

867 4592 986 4655 pus
1015 4589 1139 4651 quo
1168 4570 1408 4631 valeret
1439 4571 1533 4630 13.
1584 4587 1801 4647 posses
1846 4568 2096 4649 exigere
2131 4573 2225 4631 13.
2279 4572 2403 4632 sol-

863 4664 1077 4728 venda
1104 4663 1208 4725 illo
1235 4668 1519 4742 tempore
1539 4707 1556 4739 ,
1589 4665 1660 4725 ut
1687 4665 1934 4724 constat
1963 4681 2039 4723 ex
2067 4682 2122 4725 c.
2157 4663 2232 4724 In
2260 4664 2404 4725 civi-

868 4767 987 4820 tate
1009 4805 1025 4835 ,
1059 4755 1128 4818 de
1155 4756 1365 4816 usuris.
1403 4757 1597 4816 Secus
1627 4754 1677 4815 si
1709 4758 2072 4817 servaturus
2102 4774 2228 4817 non
2259 4776 2398 4818 eras

866 4853 948 4914 ad
980 4851 1135 4911 illud
1164 4853 1453 4927 tempuS,
1508 4852 1576 4909 ut
1617 4853 1837 4910 contra
1886 4850 2079 4928 Cajet.
2125 4849 2191 4910 in
2241 4868 2403 4928 prae-

866 4944 1046 5022 senti,
1078 4963 1185 5023 qu.
1217 4957 1472 5003 Lxxvm.
1525 4960 1615 5002 ar.
1649 4945 1708 5003 9..
1760 4941 1841 5003 ad
1872 4942 2243 5021 septimum,
2296 4943 2401 5023 qui

867 5038 1024 5099 dixit
1050 5054 1231 5117 posse
1289 5034 1352 5094 id
1407 5034 1544 5095 fieri
1585 5034 1636 5093 si
1682 5035 1953 5113 pretium
2000 5053 2073 5096 eo
2115 5038 2401 5114 tempore

868 5131 1240 5193 solvendum
1268 5128 1368 5204 sit,
1403 5127 1633 5189 docent
1662 5127 1765 5187 alii
1796 5146 2036 5205 omneS,
2072 5129 2222 5208 quia
2250 5148 2403 5189 ven-

867 5225 1019 5286 ditio
1043 5225 1178 5304 jam
1208 5226 1394 5283 antea
1421 5222 1588 5284 facta
1607 5221 1831 5298 fuerat,
1866 5224 1928 5282 et
1947 5222 2218 5301 pretium
2239 5226 2402 5283 tem-

866 5317 1036 5398 poris
1055 5316 1431 5379 venditionis
1450 5316 1630 5377 factae
1659 5314 2117 5394 inspiciendum
2141 5317 2255 5392 est,
2289 5334 2404 5395 per

869 5431 935 5472 se
954 5410 1290 5490 loquendO.
1319 5408 1616 5490 Cajetano
1635 5408 1848 5469 favere
1867 5408 2163 5469 videntur
2181 5409 2396 5489 aliqui,

868 5522 1027 5584 quos
1069 5505 1250 5567 affert
1276 5502 1452 5565 Salas
1489 5505 1568 5566 tr.
1606 5501 1676 5563 de
1701 5510 1879 5582 empt.
1911 5510 1967 5561 et
1993 5500 2208 5562 vendit.
2244 5501 2395 5563 dub.

2002 299 2106 360 DE
2148 299 2502 362 JUSTITIA
2545 300 2647 362 ET
2688 300 2887 363 JURE

2479 496 2605 542 xm.
2640 498 2816 542 num.
2848 482 2906 541 3.
2955 479 3067 541 sed
3109 498 3249 541 eam
3290 480 3667 543 sententiam
3691 479 3843 541 bene
3870 478 3969 541 im-

2481 577 2723 652 pugnat
2751 573 2897 635 Mol.
2931 572 3090 653 disp.
3123 576 3263 635 355.
3296 574 3354 651 §-
3390 573 3502 635 ult.

2560 666 2769 727 Tertio
2799 670 3041 727 certum
3069 666 3317 729 videtur
3336 711 3352 743 ,
3401 684 3583 745 posse
3610 666 3817 745 augeri
3842 668 3972 727 tunc

2481 760 2750 841 pretium
2770 759 3009 820 ratione
3031 758 3363 838 cujuslibet
3377 759 3535 819 lucri
3555 759 3859 831 cessantis,
3888 759 3971 818 vel

2483 853 2697 913 damni
2726 852 3101 931 emergentis
3131 871 3205 911 ex
3236 851 3534 913 dilatione
3562 853 3737 931 pretii
3760 898 3776 928 ‚
3827 852 3974 931 quod

2484 965 2560 1007 ex
2602 946 2785 1007 dictis
2814 946 2976 1023 disp.
3024 944 3295 1024 praeced.
3347 948 3498 1005 sect.
3534 961 3620 1007 v1.
3664 946 3822 1005 circa
3860 963 3976 1004 mu-

2482 1043 2663 1101 tuum
2691 1042 2973 1115 constat,
3022 1037 3131 1097 uhi
3170 1037 3582 1117 explicuimus
3624 1037 3977 1099 conditiones

2482 1131 2814 1213 requisitas
2842 1130 2922 1191 ad
2943 1129 3419 1210 justificandum
3447 1130 3615 1191 hunc
3640 1130 3897 1205 titulum,
3924 1134 3979 1190 et

2485 1225 2800 1305 quomodo
2829 1223 3171 1286 taxandum
3199 1223 3280 1284 sit
3296 1223 3542 1285 lucrum
3568 1224 3665 1283 vel
3683 1223 3976 1300 damnum,

2486 1321 2549 1378 et
2576 1316 2891 1397 quomodo
2918 1315 2982 1376 in
3011 1319 3265 1394 pactum
3285 1315 3693 1378 determinate
3712 1316 3805 1376 vel
3834 1315 3981 1375 inde·

2484 1410 2816 1472 terminate
2846 1408 3072 1470 deduci
3098 1408 3325 1487 possit,
3372 1411 3436 1470 et
3471 1407 3853 1469 contrahenti
3891 1406 3983 1467 de-

2485 1502 2633 1563 beat
2687 1502 2790 1563 ille
2844 1501 3059 1564 titulus
3105 1500 3490 1562 manifestari
3521 1520 3538 1574 ;
3598 1499 3759 1579 quod
3808 1501 3980 1561 multo

2487 1595 2688 1675 magis
2716 1595 3057 1674 requiritur
3095 1594 3160 1653 in
3190 1593 3511 1673 emptione
3542 1597 3605 1654 et
3630 1593 3977 1669 venditione,

2490 1710 2566 1750 ne
2605 1692 2851 1768 emptor
2894 1688 3244 1766 decipiatur
3267 1733 3283 1764 ,
3342 1691 3572 1766 putans
3626 1705 3755 1747 rem
3808 1692 3983 1746 tot-um

2488 1783 2642 1844 illud
2672 1782 2880 1842 valere
2899 1827 2914 1858 ,
2963 1797 3088 1860 qua
3116 1780 3195 1840 de
3224 1798 3412 1840 causa
3443 1798 3660 1840 omnes
3692 1779 3870 1840 etiam
3896 1779 3982 1839 alii

2488 1875 2652 1936 tituli
2680 1873 3028 1951 accipiendi
3049 1890 3240 1951 supra
3258 1872 3533 1950 pretium
3554 1872 3781 1932 debent
3803 1871 3980 1932 eidem

2490 1967 2756 2046 emptori
2783 1965 3192 2027 manifestari.

2569 2061 2858 2123 Advertit
2897 2063 3109 2120 autem
3166 2058 3323 2119 bene
3350 2058 3586 2119 Molina
3638 2057 3771 2118 loco
3823 2057 3981 2118 citato

2490 2173 2672 2233 posse
2699 2153 3092 2214 venditorem
3139 2151 3247 2231 qui
3291 2156 3656 2213 servaturus
3699 2155 3828 2211 erat
3874 2167 3984 2210 rem

2489 2247 2571 2307 ad
2599 2245 2769 2307 aliud
2797 2251 3046 2324 tempus
3064 2290 3080 2321 ‚
3116 2261 3241 2323 quo
3271 2244 3410 2322 plus
3438 2248 3729 2323 speratur
3752 2243 3983 2303 valitura

2490 2339 2721 2420 pacisci
2751 2338 2849 2399 vel
2904 2336 3179 2399 taxando
3225 2337 3497 2416 pretium
3535 2336 3983 2398 determinatum

2490 2431 2771 2494 medium
2801 2430 2962 2492 inter
2990 2447 3307 2490 summum
3365 2433 3428 2491 et
3469 2429 3758 2489 infimum
3783 2475 3800 2501 ,
3843 2427 3984 2507 quod

2493 2526 2778 2589 futurum
2825 2530 3113 2602 speratur
3157 2527 3443 2601 tempore
3496 2522 3644 2596 illo;
3697 2521 3794 2583 vel
3828 2521 3983 2582 etiam

2494 2618 2649 2679 nihil
2677 2616 2986 2693 taxandO,
3038 2615 3149 2677 sed
3195 2615 3503 2694 exigendo
3546 2615 3820 2694 pretium
3844 2612 3983 2693 quod

2493 2716 2643 2774 tunc
2664 2710 2802 2772 erit.
2836 2710 2967 2771 Imo
2999 2709 3052 2769 si
3069 2709 3359 2771 venditor
3377 2710 3749 2770 decreverat
3772 2724 3985 2769 servare

2494 2823 2631 2866 rem
2658 2822 2785 2864 non
2812 2803 2878 2863 in
2903 2807 3153 2881 tempus
3177 2847 3193 2879 ,
3254 2820 3377 2881 quo
3423 2802 3653 2863 solutio
3683 2801 3857 2881 pretii
3879 2801 3981 2873 fiet,

2497 2897 2606 2959 sed
2635 2897 2699 2958 in
2728 2894 2899 2957 aliud
2940 2913 3064 2974 quo
3094 2895 3233 2974 plus
3260 2894 3527 2956 valitura
3557 2898 3728 2971 erat,
3777 2894 3986 2972 exigere

2498 2991 2684 3053 etiam
2714 2992 2919 3069 potest
2959 2992 3229 3067 utroque
3265 2986 3453 3048 modo
3482 2988 3760 3065 pretium
3786 2985 3983 3046 solven-

2497 3084 2670 3160 dum,
2703 3100 2815 3161 pro
2846 3080 3057 3142 valore
3075 3080 3238 3141 illius
3252 3079 3575 3158 temporis,
3610 3078 3873 3141 taxando
3898 3078 3988 3137 sci·

2494 3177 2641 3240 licet
2659 3172 3093 3251 determinate,
3112 3173 3212 3234 vel
3224 3172 3494 3252 petendo
3514 3171 3983 3234 indeterminate.

2499 3273 2761 3348 Semper
2786 3271 2999 3330 tamen
3029 3266 3470 3327 deducendum
3500 3271 3598 3327 est
3612 3284 3730 3346 pro
3751 3264 3987 3344 periculo

2498 3362 2668 3444 quod
2697 3380 2798 3422 res
2827 3363 2970 3421 ante
3017 3359 3170 3420 illud
3198 3362 3448 3437 tempus
3492 3358 3757 3436 periret,
3791 3375 3891 3437 pro
3915 3357 3989 3415 in-

2499 3454 2869 3519 certitudine
2900 3452 3347 3528 conservandi,
3405 3469 3518 3530 pro
3567 3451 3906 3530 sumptibus
3938 3450 3987 3508 in

2499 3547 2974 3611 conservatione
3003 3545 3327 3620 faciendiS,
3380 3548 3443 3605 et
3487 3562 3603 3622 pro
3653 3544 3789 3604 aliis
3833 3542 3987 3603 omni-

2497 3643 2615 3704 bus
2645 3659 2784 3721 quae
2813 3640 3093 3701 valorem
3120 3641 3495 3717 praesentem
3539 3635 3714 3696 illius
3758 3635 3880 3715 spei
3901 3633 3990 3693 mi·

2500 3752 2693 3796 nuere
2724 3735 3017 3812 possunt3
3053 3730 3222 3810 quod
3251 3728 3421 3789 idem
3450 3747 3594 3790 cum
3621 3729 3989 3808 proportione

2500 3829 2577 3889 de
2606 3827 2820 3887 valore
2849 3823 3122 3887 taxando
3152 3822 3367 3884 damni
3409 3823 3789 3901 emergentis
3814 3821 3990 3882 dicen-

2500 3921 2651 3982 dum
2680 3923 2794 3982 est.

2581 4016 2813 4087 Quarto
2881 4011 3084 4091 major
3126 4030 3274 4091 pars
3328 4009 3663 4073 doctorum
3718 4006 3986 4082 concedit,

2499 4126 2683 4189 posse
2714 4105 2904 4168 etiam
2923 4105 3142 4184 augeri
3160 4104 3454 4183 pretium,
3483 4102 3680 4164 dilata
3698 4102 3987 4173 solutione,

2499 4202 2742 4262 ratione
2772 4198 3033 4278 periculi
3060 4198 3122 4258 in
3152 4197 3256 4258 illo
3285 4194 3743 4276 recuperando,
3772 4198 3832 4255 et
3855 4209 3993 4255 sum-

2500 4298 2723 4374 ptuum
2753 4310 2910 4372 quos
2951 4291 3031 4350 ad
3081 4289 3200 4351 hoc
3237 4289 3445 4350 facere
3473 4289 3825 4367 oportebit,
3876 4286 3993 4346 licet

2502 4386 2671 4469 quod
2702 4385 2922 4446 attinet
2949 4383 3029 4444 ad
3059 4382 3440 4461 periculum,
3489 4381 3553 4441 id
3595 4385 3826 4460 negent
3847 4375 3992 4439 multi

2503 4499 2660 4561 quos
2690 4480 2872 4540 affert
2910 4476 3086 4539 Salas
3135 4475 3197 4536 d.
3231 4474 3380 4536 dub.
3413 4491 3534 4535 xm.
3583 4492 3757 4534 num.
3789 4477 3844 4535 5.
3888 4471 3991 4550 ipse

2502 4577 2710 4634 tamen
2735 4588 2876 4631 cum
2907 4569 3044 4630 aliis
3061 4567 3347 4647 pluribus
3374 4585 3531 4647 quos
3562 4564 3849 4642 affert,'id
3874 4581 3995 4624 con-

2502 4665 2689 4742 cedit,
2722 4664 2955 4726 Melina
2984 4661 3214 4741 disput.
3249 4663 3386 4723 356.
3421 4660 3677 4721 Lessius
3708 4659 3895 4720 dubit.
3923 4671 3990 4716 w.

2503 4777 2674 4819 num.
2708 4761 2808 4818 54.
2851 4759 2914 4817 et
2942 4755 3046 4815 alii
3075 4754 3515 4815 communiter.
3551 4755 3641 4814 De
3674 4752 3793 4814 hoc
3820 4756 3995 4812 tamen

2503 4850 2772 4911 diximus
2800 4850 2981 4929 plura
3019 4848 3186 4908 circa
3225 4850 3517 4907 mutuum
3564 4846 3727 4924 disp.
3760 4840 3993 4924 praeced·

2503 4947 2653 5005 sect.
2688 4945 2746 5004 6.
2782 4961 2862 5001 an
2889 4941 3107 5002 liceret
3134 4940 3296 5000 ultra
3340 4943 3574 5000 sortem
3616 4939 3859 5016 exigere
3884 4951 3997 5013 pro·

2506 5042 2646 5115 pter
2700 5035 3050 5115 periculum
3095 5031 3511 5111 recuperandi
3556 5035 3827 5107 sortem,
3881 5044 3994 5107 quae

2503 5128 2776 5191 videnda
2802 5133 2950 5190 sunt
2969 5174 2985 5204 ,
3022 5127 3244 5187 eadem
3275 5127 3440 5185 enim
3487 5129 3583 5186 cst
3610 5123 3927 5184 difficultas
3950 5121 3995 5180 et

2504 5222 2728 5283 eadem
2757 5225 3132 5300 argumenta
3161 5220 3225 5279 in
3253 5222 3522 5299 utroque
3552 5237 3725 5279 casu.

2584 5313 2810 5387 Quinto
2835 5316 3076 5374 certum
3103 5312 3372 5389 videtur,
3406 5311 3485 5371 ob
3513 5311 3712 5372 solam
3768 5309 3993 5369 dilatam

2503 5408 2877 5470 solutionem
2921 5405 3127 5485 pretii,
3162 5405 3402 5466 secluso
3435 5404 3608 5465 omni
3642 5403 3763 5464 alio
3814 5400 3986 5470 titulo,

2504 5519 2628 5562 non
2655 5501 2842 5563 licere
2883 5517 3115 5578 augere
3143 5498 3294 5559 illud
3327 5516 3515 5577 supra
3545 5515 3831 5558 summun
3874 5510 3994 5571 pre-
