4263 6376
505 867 602 910 uaec
638 868 746 911 actio

580 742 690 800 187

824 282 938 341 3:22

826 479 888 520 n.
921 463 982 522 7.
1016 475 1159 518 cum
1187 458 1439 518 Covarr.
1490 455 1713 517 merito
1750 455 1921 532 dicit,
1983 455 2046 515 id
2102 475 2176 515 ex
2234 457 2353 515 cir-

825 551 1215 612 cumstantiis
1243 548 1497 609 arbitrio
1541 549 1866 627 prudentis
1915 548 2147 629 judicis
2203 548 2354 608 defi-

824 644 1123 705 niendum
1156 661 1309 704 esse.
1346 642 1501 702 Hinc

902 738 1171 797 Infertur
1197 735 1422 815 primo,
1458 735 1769 795 actionem
1800 734 1964 795 hanc
2009 734 2354 796 venditoris

822 831 905 892 ad
932 828 1367 890 redimendam
1393 846 1526 888 rem
1555 829 1878 889 venditam
1932 827 2182 889 reddito
2213 846 2354 905 pre-

519 923 731 1018 fflffle‘ffl
820 924 928 999 tic,
964 922 1227 984 transire
1259 921 1339 980 ad
1367 920 1651 981 haeredes
1688 921 2053 997 venditoriS,
2116 925 2177 982 et
2205 938 2353 981 con·

817 1022 913 1077 tra
968 1015 1252 1076 haeredes
1300 1014 1619 1093 emptoriS,
1672 1015 1789 1075 nisi
1847 1015 2232 1075 eontrarium
2285 1014 2350 1075 in

818 1114 1138 1171 contractu
1173 1108 1539 1186 explicetur,
1573 1107 1691 1167 hoc
1727 1108 1894 1168 enim
1923 1108 1985 1167 in
2016 1111 2241 1168 natura
2260 1110 2350 1168 ta-

816 1203 888 1263 lis
913 1206 1272 1263 contractus
1304 1200 1646 1275 imbibitur,
1683 1205 1751 1261 ut
1777 1201 2092 1279 colligitur
2106 1219 2182 1259 ex
2208 1200 2250 1261 l.
2284 1203 2344 1260 2.

816 1299 860 1358 C
893 1295 964 1356 de
981 1295 1177 1377 pactis
1205 1293 1359 1354 inter
1385 1302 1561 1374 empt.
1595 1300 1651 1356 et
1679 1290 1844 1353 vend.
1880 1298 1942 1355 et
1969 1294 2196 1373 probat
2221 1293 2348 1354 Mo-

814 1390 942 1448 lina
970 1388 1132 1466 disp.
1166 1391 1305 1448 374.
1341 1407 1404 1448 n.
1437 1390 1494 1448 8.
1531 1387 1819 1465 quibene
1848 1387 2143 1463 advertit,
2177 1386 2348 1446 idem

816 1501 950 1543 esse
972 1480 1223 1560 quando
1252 1485 1506 1560 pactum
1534 1479 1650 1541 fuit
1679 1498 1787 1558 pro
1819 1484 2100 1559 tempore
2158 1480 2346 1539 etiam

815 1573 1265 1635 determinato:
1312 1591 1385 1633 eo
1434 1577 1645 1634 autem
1689 1577 1971 1652 tempore
2000 1576 2340 1648 transacto,

814 1685 1058 1728 cessare
1088 1666 1398 1726 actionem
1430 1665 1793 1741 venditoriS‚
1826 1671 2014 1744 atque
2048 1664 2184 1744 ejus
2215 1665 2344 1724 hae·

812 1759 1056 1832 redum,
1091 1759 1335 1819 etiamsi
1362 1758 1599 1838 pupilli,
1645 1763 1755 1819 aut
1782 1758 2057 1818 minores
2099 1758 2242 1834 sint,
2277 1763 2347 1818 ut

814 1872 888 1912 ex
941 1852 982 1913 l.
1042 1850 1354 1928 AEmilzuS,
1401 1852 1467 1911 ff.
1519 1849 1589 1911 de
1650 1849 1989 1927 ηιὶηονίὸιιε,
2038 1850 2346 1928 eolligunt

812 1945 1117 2020 BartoluS,
1152 1948 1213 2005 et
1241 1945 1345 2004 alii
1376 1945 1796 2005 communiter
1824 1944 1991 2021 apud
2044 1943 2341 2003 eumdem

812 2038 1023 2099 Molin.
1058 2038 1204 2098 lieet
1227 2038 1276 2097 si
1310 2038 1388 2097 ob
1418 2037 1839 2115 ignorantiam
1872 2036 2012 2097 talis
2031 2036 2193 2114 pacti
2218 2035 2342 2095 hae-

810 2150 911 2191 res
939 2132 1102 2190 intra
1131 2137 1378 2210 tempus
1417 2131 1740 2209 praefixum
1793 2148 1917 2190 non
1977 2128 2337 2204 redemerit,

813 2223 1280 2285 concedendam
1311 2224 1366 2284 ei
1398 2242 1531 2284 esse
1579 2222 2034 2284 restitutionem
2092 2222 2154 2282 in
2184 2222 2345 2281 inte-

809 2337 1017 2397 grum,
1062 2321 1433 2395 argumento
1463 2317 1586 2395 leg.
1622 2333 1665 2377 1.
1701 2316 1762 2375 in
1794 2315 1910 2376 sin.
1936 2317 2000 2376 ff.
2035 2333 2109 2375 ez·
2138 2313 2344 2395 quibus

811 2429 998 2471 causas
1035 2411 1306 2486 minores,
1333 2409 1553 2490 juncta
1582 2409 1621 2469 l.
1658 2426 1700 2470 1.
1734 2410 1790 2488 ἓ.
1817 2407 2047 2488 Siquis
2069 2417 2335 2489 propter,

811 2506 874 2564 ff.
907 2503 977 2563 de
1004 2503 1154 2564 itiin.
1190 2512 1435 2583 actuque
1458 2502 1969 2583 privat.Doceant
1996 2504 2335 2562 Ant.Gom.

810 2600 871 2657 et
899 2596 1015 2656 Alii
1044 2596 1214 2674 apud
1232 2595 1521 2656 eumdem
1545 2594 1841 2655 Molinam
1870 2593 1980 2654 ibi.

889 2689 1156 2750 Infertur
1202 2688 1501 2764 secunde,
1562 2687 1813 2767 quando
1872 2705 1995 2747 non
2052 2686 2343 2747 determi-

811 2787 997 2843 natur
1023 2783 1218 2843 ullum
1278 2787 1525 2859 tempus
1581 2780 1662 2840 ad
1719 2780 2337 2856 retrovenditionem,

722 2857 761 2939 ῑῗ
810 2880 1183 2956 potestatem
1213 2874 1565 2935 redimendi
1611 2874 1838 2935 durare
1895 2874 1958 2931 in
2014 2873 2340 2934 venditore

813 2971 1002 3030 etiam
1057 2974 1197 3047 post
1243 2968 1499 3046 triginta
1526 2971 1588 3028 et
1615 2966 1824 3045 plures
1881 2985 2078 3026 annos
2107 2967 2169 3025 iu
2203 2985 2344 3044 per-

812 3066 1091 3141 petuum,
1125 3065 1195 3121 ut
1231 3060 1458 3120 docent
1485 3063 1629 3120 Ant.
1667 3062 1842 3119 Gom.
1878 3062 1941 3118 et
1974 3060 2158 3136 Greg.
2185 3060 2337 3136 Lop.

812 3174 969 3236 quos
997 3156 1177 3216 affert
1204 3159 1267 3215 et
1293 3153 1574 3233 sequitur
1600 3152 1832 3214 Melina
1862 3151 1943 3214 ibi
1985 3171 2045 3214 n.
2080 3155 2141 3214 9.
2195 3170 2344 3213 con-

813 3254 907 3310 tra
934 3248 1179 3326 aliquos
1200 3247 1479 3308 dicentes
1514 3250 1655 3324 post
1684 3246 1986 3324 tringinta
2031 3245 2130 3306 vel
2188 3265 2347 3325 qua-

812 3342 1103 3420 draginta
1122 3359 1320 3401 annos
1350 3340 1661 3401 actionem
1704 3340 1873 3399 illam
1921 3338 2148 3417 perire,
2196 3339 2346 3418 quia

811 3435 971 3496 aetio
1011 3433 1353 3514 personalis
1409 3439 1627 3495 eontra
1669 3438 2017 3512 emptorem
2073 3451 2146 3493 eo
2195 3437 2347 3494 tem-

808 3546 961 3606 pore
1015 3527 1337 3607 praescribi
1391 3531 1614 3604 potest.
1677 3526 2079 3587 Contrarium
2128 3531 2341 3587 tamen

809 3625 1052 3681 constat
1080 3639 1151 3680 ex
1199 3640 1315 3680 usu
1364 3619 1427 3678 in
1483 3638 1672 3680 censu
1727 3619 2087 3695 redimibili‚
2154 3637 2342 3698 quem

808 3715 1097 3775 venditor
1120 3718 1262 3792 post
1288 3711 1724 3790 longissimum
1754 3713 1942 3773 etiam
1968 3717 2215 3792 tempus
2247 3731 2342 3772 re-

806 3807 1043 3867 dimere
1089 3810 1312 3884 potest,
1363 3811 1432 3866 ut
1485 3805 1767 3866 decernit
1816 3806 1961 3865 Pius
2016 3807 2090 3866 V.
2136 3806 2197 3864 in
2229 3823 2342 3865 sua

806 3900 995 3976 hulla,
1031 3904 1094 3959 et
1138 3898 1304 3957 idem
1335 3897 1646 3976 colligitur
1676 3917 1751 3956 ex
1779 3898 1820 3958 l.
1876 3896 2116 3972 Quodsi
2166 3898 2335 3975 nolis,

803 3994 860 4071 ἓ.
894 3992 972 4051 Si
994 3991 1139 4072 qued
1162 3992 1265 4066 ita,
1303 3993 1363 4050 ff.
1398 3988 1468 4049 de
1494 3989 1735 4050 oedilitio
1766 3989 1971 4052 edicte.
2008 3991 2340 4051 Rationem

804 4084 1014 4145 reddit
1063 4083 1313 4159 Molina‚
1349 4083 1495 4161 quia
1525 4083 1813 4143 venditor
1841 4102 1964 4144 non
2013 4083 2206 4144 habet
2233 4102 2333 4144 ac-

805 4177 1040 4238 tionem
1094 4177 1174 4235 ad
1220 4194 1356 4235 rem
1413 4175 1756 4250 venditam,
1791 4175 1905 4234 nisi
1937 4176 2138 4253 posita
2169 4176 2340 4255 prius

803 4269 1191 4344 conditione,
1226 4267 1573 4328 reservavit
1601 4267 1766 4326 enim
1802 4268 1917 4327 sibi
1944 4269 2335 4345 facultatem,

803 4368 873 4424 nt
900 4362 1144 4441 quoties
1164 4362 1296 4439 ipse
1314 4361 1412 4419 vel
1448 4358 1584 4439 ejus
1606 4359 1891 4421 hrt-redes
1914 4361 2168 4437 vellent,
2202 4379 2336 4439 pos·

802 4461 941 4516 sent
966 4473 1095 4515 rem
1130 4454 1441 4513 redimere
1474 4473 1487 4514 :
1523 4442 1725 4512 donee
1756 4471 1903 4532 ergo
1949 4454 2164 4530 velint,
2217 4472 2340 4515 non

804 4549 1038 4609 habent
1065 4547 1377 4608 actionem
1398 4547 1708 4606 actualem
1759 4546 1868 4607 sed
1902 4547 1962 4606 in
2013 4545 2332 4625 potentia3

802 4660 995 4721 quare
1024 4638 1347 4719 praescribi
1377 4658 1500 4699 non
1550 4643 1758 4717 potest
1796 4639 1958 4700 actio
2008 4639 2114 4700 illa
2171 4645 2341 4701 ante-

800 4753 988 4815 quam
1018 4736 1162 4794 actu
1193 4731 1291 4792 sit.
1347 4731 1526 4804 Quod
1572 4730 1869 4809 explicari
1911 4736 2153 4811 potest;
2186 4732 2336 4811 quia

799 4829 851 4888 si
899 4830 1251 4887 reservaret
1304 4825 1418 4885 sibi
1460 4825 1751 4885 venditor
1800 4824 1927 4904 jus,
1965 4832 2032 4886 ut
2087 4826 2339 4904 quando

797 4927 1043 4999 emptor
1070 4937 1202 4979 rem
1250 4918 1419 4978 illam
1462 4918 1785 4994 venderet,
1821 4919 2106 4996 praeferri
2151 4918 2343 4978 debe-

793 5019 892 5075 ret
920 5012 1210 5074 venditor
1240 5011 1464 5072 eodem
1493 5010 1715 5088 pretiO,
1756 5012 1885 5071 haec
1918 5012 2183 5072 facultas
2214 5030 2340 5072 non

792 5108 1047 5185 periret,
1105 5104 1351 5166 etiamsi
1407 5110 1551 5183 post
1595 5104 1855 5182 triginta
1909 5104 2011 5164 vel
2071 5104 2316 5183 quadra

789 5201 964 5280 ginta
993 5218 1188 5260 annos
1209 5198 1410 5277 prima
1440 5198 1575 5258 vice
1604 5217 1703 5258 res
1732 5197 2105 5257 venderetur
2130 5218 2143 5258 :
2171 5199 2351 5276 quia*

792 5293 1067 5353 nondum
1097 5291 1301 5371 posita
1331 5291 1537 5352 fuerat
1567 5290 1869 5367 conditio,
1897 5294 1964 5351 ut
1995 5291 2333 5352 resultaret

791 5387 952 5448 actio
983 5385 1110 5445 illa.
1160 5385 1411 5445 Addere
1442 5401 1798 5462 possumus,
1836 5383 1998 5443 hanc
2035 5401 2160 5444 non
2196 5402 2331 5445 esse

788 5479 1075 5540 actionen
1124 5496 1295 5537 mere
1345 5478 1762 5555 personalem,
1799 5480 1867 5536 ut
1894 5482 2112 5555 postea
2162 5476 2332 5537 diee-

1977 277 2079 336 DE
2120 275 2475 337 JUS'rl'rlA
2520 276 2620 335 ΕΤ
2662 276 2862 337 JURE

2454 473 2616 530 mue,
2649 454 2760 515 sed
2789 454 3190 534 aliquomodo
3218 457 3456 517 realem
3503 461 3566 520 et
3617 459 3845 520 affixam
3875 465 3959 523 rei

2453 548 2746 624 vendita),
2771 548 2835 607 in
2857 568 2982 628 qua
3010 550 3300 611 venditor
3319 553 3427 630 jus
3457 551 3613 612 illud
3640 554 3750 613 sibi
3776 574 3960 617 reser-

2452 641 2659 702 vavit:
2707 642 2875 720 quod
2897 640 3002 721 jus
3034 661 3357 723 nunquam
3403 643 3523 705 fuit
3552 648 3958 724 praescriptum

2454 733 2533 794 ab
2576 737 2879 811 emptore,
2914 752 3057 794 cum
3105 736 3346 795 nullum
3391 742 3602 798 actum
3652 739 3961 817 positivum

2453 830 2672 887 contra
2709 828 2815 905 jus
2869 826 3023 887 illud
3065 830 3439 907 exercuerit,
3489 848 3602 908 per
3658 850 3831 910 quem
3866 832 3960 912 jus

2452 920 2836 980 contrarium
2863 920 3185 998 possidere
3216 922 3559 985 videretur.
3589 925 3962 986 Contrarium

2451 1016 2683 1084 tamen,
2719 1031 2947 1091 nempe
2977 1013 3140 1075 hane
3172 1015 3624 1093 obligationem
3651 1035 3821 1094 posse
3861 1020 3965 1079 tri-

2448 1105 2625 1183 ginta
2681 1107 2860 1166 annis
2908 1107 3250 1185 praescribi,
3285 1108 3567 1171 decrevit
3592 1117 3727 1171 rota
3753 1112 3964 1172 Roma-

2449 1216 2530 1255 na
2558 1198 2673 1258 sub
2705 1198 3056 1277 Seraphino
3109 1216 3264 1263 xva.
3298 1201 3445 1263 Maii
3490 1222 3654 1264 anno
3711 1207 3874 1266 1600.
3906 1210 3961 1266 et

2448 1308 2614 1369 saepe
2644 1290 2819 1352 aliaS.

2526 1383 2860 1446 Dubitatur
2910 1386 3208 1463 secunde,
3268 1388 3320 1448 si
3376 1390 3632 1468 quidem
3686 1390 3958 1468 diximus,

4075 1393 4125 1448 ffl

2437 1476 2618 1555 juxta
2647 1477 3127 1539 aestimationem
3155 1479 3318 1541 illius
3350 1482 3558 1543 oneris
3588 1490 3651 1544 et
3677 1485 3833 1563 pacti
3861 1484 3964 1545 de-
3999 1516 4125 1567 qm.

2444 1568 2594 1632 bere
2623 1570 3015 1631 venditorem
3057 1571 3443 1635 descendere
3494 1576 3561 1635 in
3607 1579 3844 1656 pretio,
3892 1596 3960 1638 eo

2443 1760 2747 1833 quantum
2770 1756 2999 1818 debeat
3026 1758 3270 1819 ratione
3300 1760 3462 1820 illius
3492 1761 3571 1822 de
3603 1764 3800 1841 pretio
3824 1764 3963 1823 alio·

2444 1849 2593 1926 quin
2629 1847 2798 1927 justo
2830 1850 3117 1911 diminui.
3154 1851 3421 1923 Quidam
3468 1856 3775 1917 Henricus
3809 1858 3958 1932 Oita,

2444 1959 2631 2018 quem
2661 1943 2930 2003 afferunt
2959 1944 3223 2005 Conrad.
3246 1947 3315 2005 de
3329 1954 3614 2008 contract.
3637 1968 3697 2027 q.
3722 1965 3959 2009 Lxxxm.

2443 2039 2506 2094 et
2528 2036 2754 2095 Joann.
2789 2035 3042 2096 Medina
3071 2056 3132 2115 q.
3169 2037 3279 2099 ult.
3313 2037 3383 2099 de
3408 2059 3571 2104 usur.
3606 2041 3800 2119 dixit,
3838 2060 3962 2102 rem

2442 2146 2587 2187 cum
2615 2146 2687 2188 eo
2717 2132 2901 2207 pacto
2930 2129 3253 2191 venditam
3297 2151 3422 2193 non
3469 2133 3614 2195 ideo
3644 2134 3846 2195 minus
3872 2154 3967 2194 va-

2442 2220 2592 2298 lere,
2627 2239 2770 2281 cum
2801 2222 3091 2282 eamdem
3122 2228 3415 2286 naturam
3460 2231 3523 2288 et
3564 2226 3965 2289 substantiam

2441 2314 2729 2390 retineat,
2761 2319 2954 2394 atquo
2984 2314 3125 2376 ideo
3155 2317 3310 2377 nihil
3341 2338 3474 2380 esse
3506 2319 3585 2381 de
3602 2321 3800 2399 pretio
3829 2321 3966 2381 alio·

2443 2406 2593 2485 quin
2616 2405 2785 2485 justo
2833 2407 3267 2470 minuendum.
3305 2413 3449 2472 Haee
3478 2416 3696 2473 tamen
3731 2420 3967 2474 senten-

2441 2500 2527 2560 tia
2555 2499 2890 2577 singularis
2919 2505 3012 2562 est
3037 2548 3052 2577 ,
3109 2507 3172 2563 et
3203 2505 3424 2565 merito
3456 2505 3536 2565 ab
3568 2507 3856 2567 omnibus
3882 2527 3967 2567 re·

2433 2590 2650 2670 jicitur
2683 2608 2695 2653 :
2729 2593 2877 2672 quia
2905 2594 3083 2653 valor
3121 2595 3212 2655 rei
3246 2615 3369 2657 non
3396 2597 3670 2659 sumitur
3712 2600 3908 2660 solum
3934 2618 3967 2658 a

2440 2688 2666 2745 natura
2695 2685 3042 2745 secundum
3075 2705 3141 2746 se
3167 2733 3183 2764 ,
3231 2689 3340 2749 sed
3371 2689 3435 2748 in
3467 2690 3689 2751 ordine
3718 2692 3801 2752 ad
3833 2711 3969 2753 usus

2441 2777 2749 2837 humanos
2768 2797 2781 2837 ε
2804 2778 3108 2841 decrescit
3135 2786 3346 2842 autem
3362 2781 3496 2842 haec
3515 2784 3771 2861 utilitas,
3792 2804 3972 2865 quan-

2443 2870 2521 2931 do
2553 2876 2796 2950 emptor
2822 2872 3049 2951 accipit
3094 2892 3228 2933 rem
3274 2876 3407 2935 sine
3450 2876 3637 2954 plena
3683 2878 3971 2939 facultate

2443 2963 2523 3023 ad
2553 2964 3015 3041 disponendum
3045 2965 3121 3025 de
3139 2985 3214 3026 ea
3242 2986 3354 3045 pro
3371 2987 3482 3029 suo
3499 2968 3699 3031 libito.
3718 2969 3971 3044 Quando

2444 3075 2593 3134 ergo
2636 3061 2882 3135 emptor
2935 3076 3078 3118 cum
3129 3060 3239 3120 tali
3294 3078 3484 3121 onere
3536 3062 3767 3142 accipit
3823 3082 3968 3138 rem,

2443 3168 2568 3211 non
2621 3149 2869 3211 videtur
2925 3152 3210 3232 accipere
3272 3154 3528 3232 plenum
3589 3156 3722 3236 ejus
3789 3156 3975 3218 domi·

2442 3243 2637 3320 nium,
2671 3262 2815 3304 eum
2837 3263 2959 3304 non
2989 3247 3186 3323 possit
3214 3246 3291 3307 de
3321 3266 3388 3307 re
3420 3248 3528 3309 illa
3555 3250 3737 3328 plene
3770 3251 3974 3328 dispo-

2444 3354 2621 3411 nere,
2673 3337 2783 3396 sed
2829 3355 3204 3398 conservare
3248 3345 3312 3400 et
3356 3340 3624 3402 reddere
3665 3342 3972 3403 venditori

2442 3428 2712 3508 pretium
2743 3429 3029 3491 offerenti
3060 3450 3075 3489 ε
3109 3430 3297 3493 debet
3326 3450 3475 3511 ergo
3521 3434 3599 3493 de
3643 3436 3846 3513 pretio
3891 3434 3973 3494 di-

2440 3520 2636 3580 minui
2666 3525 2971 3600 quantum
3015 3522 3123 3583 illa
3151 3523 3412 3585 dominii
3442 3525 3776 3588 diminutio
3818 3527 3973 3588 aesti·

2441 3618 2668 3676 matur.

2521 3709 2832 3781 Quantum
2861 3727 3010 3770 vero
3042 3709 3305 3770 diminui
3335 3711 3603 3790 debeat,
3657 3714 3855 3794 aliqui
3881 3715 3972 3775 di-

2440 3808 2588 3863 cunt
2613 3821 2746 3862 esse
2776 3803 2903 3862 fere
2934 3803 3182 3863 tertiam
3212 3804 3392 3882 pretii
3416 3808 3829 3884 partem.Alii
3848 3827 3973 3869 me-

2439 3895 2579 3970 lius,
2613 3914 2769 3974 quos
2798 3896 3081 3974 sequitur
3109 3896 3344 3957 Melina
3387 3899 3550 3978 disp.
3586 3903 3724 3961 375.
3773 3921 3881 3962 nu.
3911 3905 3969 3963 8.

2439 3987 2675 4062 dicunt,
2713 4006 2835 4047 non
2866 4007 3046 4065 posse
3077 3989 3363 4067 regulam
3396 3992 3757 4069 generalem
3791 3994 3929 4054 dari
3957 4011 3972 4057 t

2438 4081 2576 4160 plus
2608 4081 2773 4140 enim
2804 4081 3282 4142 diminuendum
3313 4083 3459 4160 erit,
3494 4084 3546 4145 si
3583 4085 3849 4147 facultas
3878 4106 3973 4148 re·

2438 4173 2714 4233 dimendi
2746 4174 2823 4234 sit
2846 4179 3173 4253 perpetua,
3208 4177 3415 4236 minus
3444 4176 3493 4237 si
3516 4177 3597 4237 ad
3617 4179 3810 4240 breve
3827 4186 3976 4242 tem·

2436 4286 2574 4346 pus,
2608 4266 2745 4344 plus
2775 4267 2825 4325 si
2853 4267 2931 4326 ad
2962 4267 3210 4346 longius
3245 4288 3257 4329 :
3292 4287 3544 4347 semper
3570 4277 3785 4332 autem
3807 4274 3976 4334 valor

2437 4361 2600 4420 illius
2631 4360 2838 4420 oneris
2867 4360 3142 4438 pendet,
3176 4360 3339 4421 sicut
3365 4361 3544 4422 valor
3591 4363 3857 4426 aliarum
3888 4386 3976 4427 re-

2437 4472 2579 4513 rum
2632 4471 2705 4512 ex
2758 4451 3240 4513 circumstantiis
3265 4499 3280 4528 ,
3334 4458 3396 4513 et
3440 4473 3514 4514 ex
3565 4457 3976 4520 aestimatione

2440 4545 2839 4626 prudentium
2866 4592 2881 4621 ,
2919 4550 2981 4607 et
3008 4545 3461 4607 consuetudine
3490 4549 3632 4610 talis
3674 4552 3972 4630 regioni3‚

2440 4657 2579 4718 qum
2606 4639 2768 4699 bene
2797 4638 3246 4717 interpretatur
3274 4658 3677 4704 communem
3703 4647 3978 4707 aestima·

2439 4734 2693 4794 tionem.

2518 4825 2850 4886 Dubitatur
2877 4825 3083 4901 tertie,
3119 4825 3168 4885 si
3200 4831 3446 4905 emptor
3465 4829 3676 4890 medio
3697 4830 3802 4891 illo
3822 4838 3978 4893 tem·

2439 4938 2591 4999 pore
2618 4936 2753 4978 rem
2783 4917 2958 4978 alteri
2987 4918 3362 4995 vendiderit,
3395 4939 3476 4980 an
3497 4922 3736 5001 primus
3763 4924 3977 4986 vendi·

2441 5018 2540 5074 tor
2567 5011 2761 5092 possit
2806 5029 2842 5071 a
2888 5011 3162 5072 secundo
3212 5018 3495 5092 emptore
3543 5034 3714 5093 rem,
3767 5017 3976 5078 oblato

4023 1572 4125 1610 uas*-

2445 1662 2614 1741 quod
2644 1681 2799 1723 onus
2831 1664 3020 1724 etiam
3049 1664 3199 1725 illud
3233 1667 3309 1728 sit
3340 1669 3539 1746 pretio
3571 1670 3958 1741 aestimabile3
3999 1623 4125 1716 23¹3

4064 1738 4125 1769 tt·

4087 4852 4104 4908 l

4061 4975 4124 5025 Q-

4017 5039 4124 5124 :3¹³

4019 5143 4081 5177 Um

2444 5106 2665 5184 preti0,
2698 5123 3072 5184 recuperare
3116 5106 3368 5184 quando
3420 5127 3556 5167 rem
3603 5128 3746 5170 eum
3791 5117 3976 5188 pacto
4077 5093 4124 5170 ’ἓ

2445 5197 2994 5259 retrovenditionis
3034 5197 3451 5261 vendiderat?
3496 5203 3744 5280 Negant
3785 5208 3973 5265 Azor.

2448 5293 2624 5352 Gom.
2662 5294 2725 5353 et
2752 5293 2934 5369 Greg.
2967 5293 3121 5369 Lop.
3144 5296 3206 5353 et
3235 5292 3339 5352 alii
3368 5312 3527 5372 quos
3554 5296 3830 5376 sequitur
3843 5298 3980 5358 Mo-

2429 5384 2558 5445 lina
2583 5383 2741 5462 disp.
2776 5386 2913 5445 374.
2949 5402 3012 5445 n.
3049 5387 3144 5445 11.
3182 5388 3245 5446 et
3272 5386 3443 5446 LeSS.
3494 5406 3604 5450 nu.
3654 5392 3789 5451 121.
3824 5390 3976 5468 quia

2432 5477 2594 5538 actio
2642 5476 2988 5537 venditoris
3037 5482 3251 5538 eontra
3306 5479 3581 5556 primum
3624 5490 3968 5561 emptorem
