4263 6376
685 1845 762 1904 88

591 1967 843 2013 Mei-catores

588 2036 641 2065 an
677 2024 836 2078 possim

567 2077 861 2174 majorggguo

602 2143 724 2237 ᾳᾞῖιι
745 2164 833 2231 aiii.

607 5464 684 5526 89

912 258 1030 319 290

915 432 1185 493 donatur
1211 448 1248 491 a
1273 428 1619 491 venditore.
1653 426 1915 501 Quando
1953 430 2164 490 autem
2203 446 2444 506 praesu-

912 525 1105 586 mitur
1130 524 1374 585 animus
1402 523 1595 583 libere
1625 520 1939 598 donandi,
1972 519 2261 582 videatur
2296 520 2440 582 Mol.

914 617 1074 696 disp.
1109 620 1247 678 351.
1283 620 1344 678 et
1370 615 1495 691 alii,
1532 633 1688 695 quos
1718 617 1898 676 affert
1925 614 2123 675 Diana
2151 619 2304 676 tom.
2337 616 2442 675 IV.

914 719 1086 772 tract.
1120 727 1248 772 xrv.
1283 707 1523 770 miscell.
1557 709 1743 770 resol.
1796 711 1894 770 39.
1930 708 2034 788 qui
2081 708 2305 769 merito
2358 706 2447 765 di-

912 804 1015 880 cit,
1065 804 1253 863 talem
1296 801 1684 862 voluntatem
1728 801 2020 879 praesumi
2069 799 2319 880 qnando
2350 800 2447 860 lu-

912 897 1130 957 dentes
1159 896 1221 955 in
1253 895 1543 956 domibus
1589 894 1896 955 nobilium
1937 894 2140 955 solent
2167 894 2317 953 dare
2360 893 2446 953 fa-

908 988 1096 1049 mulis
1123 1007 1235 1066 pro
1267 987 1498 1048 chartis
1527 987 1772 1048 lusoriis
1797 1033 1813 1065 ,
1846 986 2120 1048 candelis
2145 1032 2161 1063 ,
2194 991 2256 1048 et
2283 1004 2448 1066 aqua

911 1083 1052 1141 nive
1081 1081 1483 1159 refrigerata,
1518 1085 1754 1141 certam
1802 1099 2112 1141 summam
2143 1079 2449 1140 exceden-

909 1178 1038 1236 tem
1066 1174 1348 1234 valorem
1374 1173 1592 1234 talium
1637 1192 1891 1251 rerum,
1943 1178 2163 1235 contra
2206 1173 2447 1251 aliquos

911 1267 1017 1347 qui
1046 1266 1341 1329 volebant
1385 1267 1652 1327 famulos
1681 1267 1959 1345 obligare
2007 1267 2087 1327 ad
2116 1266 2448 1327 restituen-

911 1361 1062 1422 dum
1117 1378 1459 1423 excessum.
1521 1363 1651 1421 Hoc
1718 1365 1928 1422 tamen
2003 1364 2168 1422 esset
2230 1364 2446 1420 contra

910 1472 1091 1515 usum
1118 1457 1179 1514 et
1205 1459 1480 1515 mentem
1507 1453 1806 1529 lusorum,
1842 1453 1947 1534 qui
1978 1458 2145 1515 certe
2174 1453 2447 1513 liberali-

910 1552 1007 1609 ter
1031 1547 1252 1607 volunt
1276 1547 1452 1607 illum
1480 1565 1801 1607 excessum
1823 1548 2204 1622 condonare,
2239 1552 2301 1607 et
2331 1546 2447 1605 illi-

908 1638 1153 1700 berales
1208 1640 1666 1700 aestimarentur
1721 1644 1908 1719 atque
1965 1640 2160 1716 avari,
2209 1638 2258 1699 si
2290 1638 2443 1699 illud

909 1733 1349 1794 munificentiae
1367 1737 1428 1794 et
1437 1732 1835 1811 gratitudinis
1846 1752 2042 1811 genus
2057 1737 2439 1794 recusarent.

994 1827 1236 1888 Primus
1267 1845 1415 1904 crgo
1459 1845 1640 1887 casus
1689 1826 1768 1886 ab
1809 1826 2097 1886 omnibus
2138 1826 2445 1887 adductus

912 1925 1027 1997 est,
1061 1920 1312 2000 quando
1344 1919 1568 1999 aliquis
1599 1938 1671 1978 ex
1695 1919 1896 1980 officio
1919 1919 2155 1996 vendit,
2190 1924 2259 1980 ut
2284 1937 2446 1979 mer-

911 2016 1152 2074 catores
1182 2013 1597 2074 communiter
1625 2012 1882 2089 faciunt,
1916 2013 2020 2091 qui
2054 2032 2126 2073 ea
2148 2013 2226 2073 de
2256 2031 2445 2073 causa

911 2109 1172 2187 possunt
1199 2105 1405 2166 carius
1434 2105 1706 2166 vendere
1731 2156 1746 2183 ‚
1790 2109 1859 2167 ut
1894 2106 2214 2168 lucrentur
2242 2106 2321 2166 ad
2349 2105 2442 2165 sui

910 2199 1466 2275 sustentationem,
1516 2198 1664 2277 quia
1704 2199 1900 2278 pretio
1950 2199 2313 2260 aestimabile
2353 2202 2446 2259 est

911 2291 1079 2371 quod
1109 2291 1296 2352 rebus
1324 2291 1764 2370 conquirendis
1785 2338 1800 2368 ,
1836 2292 2281 2353 conservandis
2305 2339 2321 2367 ‚
2356 2291 2445 2351 di-

908 2383 1261 2446 strahendis
1292 2384 1657 2462 attendunt,
1711 2389 1773 2446 et
1802 2385 1953 2445 alias
2001 2385 2444 2462 occupationes

909 2482 972 2540 et
995 2478 1277 2538 lucrandi
1306 2478 1579 2539 rationes
1607 2478 1968 2558 relinquunt
1991 2497 2006 2551 3
2041 2496 2235 2556 quare
2257 2479 2442 2558 paulo

905 2570 1101 2649 pluris
1130 2570 1402 2631 vendere
1432 2576 1694 2649 possunt
1722 2590 1911 2650 quam
1959 2571 2197 2632 eaedem
2233 2590 2334 2631 res
2364 2572 2441 2631 ab

907 2664 1043 2724 aliis
1070 2665 1261 2724 vendi
1291 2664 1551 2726 soleant.
1585 2666 1679 2725 lta
1726 2683 1868 2725 cum
1914 2665 2167 2725 Medina
2208 2670 2270 2726 et
2308 2665 2441 2725 aliis

903 2760 1071 2819 Less.
1109 2756 1216 2816 ubi
1246 2776 1428 2836 supra
1463 2775 1634 2817 num.
1669 2761 1768 2818 24.
1809 2775 1996 2835 quem
2024 2758 2304 2836 sequitur
2334 2760 2440 2818 Sa-

902 2849 995 2909 las
1027 2850 1174 2909 dub.
1209 2866 1376 2910 xx1x.
1413 2868 1473 2911 n.
1510 2852 1566 2910 1.
1602 2849 1726 2911 Sed
1759 2869 1961 2928 neque
1992 2849 2112 2911 hoc
2141 2851 2204 2910 in
2233 2850 2439 2930 rigore

904 2945 998 3002 est
1016 2941 1288 3001 vendere
1317 2959 1451 3001 rem
1479 2959 1668 3020 supra
1697 2943 1830 3020 ejus
1861 2961 2078 3002 verum
2108 2943 2386 3003 valorem
2421 2964 2433 3005 ε

903 3052 1050 3093 nam
1081 3033 1142 3092 in
1175 3033 1541 3094 aestimando
1574 3036 1773 3112 pretio
1803 3036 2047 3113 vulgari
2091 3054 2305 3096 rerum
2347 3040 2438 3097 at-

899 3126 1175 3190 tenditur
1204 3126 1283 3185 ad
1313 3126 1425 3187 has
1455 3145 1758 3206 expensas
1806 3132 1869 3188 et
1912 3129 2088 3190 lucra
2134 3134 2434 3191 mercato-

898 3239 1062 3297 rum,
1096 3223 1157 3280 et
1183 3238 1257 3279 ex
1284 3219 1359 3279 iis
1388 3220 1679 3281 omnibus
1709 3223 1971 3282 resultat
2002 3223 2276 3302 pretium
2309 3224 2437 3284 vul-

897 3331 1049 3392 gare
1080 3316 1140 3373 et
1168 3313 1471 3374 naturale.
1508 3312 1686 3374 Unde
1717 3333 1843 3374 non
1890 3315 2006 3375 soli
2026 3319 2430 3393 mercatoreS,

897 3406 1009 3467 sed
1041 3406 1143 3465 alii
1175 3406 1363 3466 etiam
1395 3406 1502 3485 qui
1533 3407 1654 3466 tale
1699 3408 1976 3467 officium
2019 3427 2143 3468 non
2175 3409 2428 3484 habent,

899 3502 962 3559 et
990 3499 1097 3579 qui
1127 3498 1281 3558 tales
1312 3517 1614 3578 expensas
1647 3518 1772 3560 non
1815 3501 2130 3577 fecerunt,
2176 3506 2433 3580 possunt

894 3591 1061 3652 licite
1092 3591 1316 3651 eodem
1344 3592 1543 3670 pretio
1574 3610 1709 3652 rem
1749 3593 2022 3652 vendere
2043 3640 2059 3669 ,
2115 3612 2237 3672 quo
2269 3613 2433 3654 mer-

893 3684 1210 3745 catoribus
1239 3684 1423 3744 vendi
1455 3684 1650 3762 solet,
1703 3688 1773 3746 ut
1821 3685 2047 3746 fatetur
2089 3686 2257 3746 idem
2285 3689 2431 3747 Les-

890 3778 1017 3838 sius
1047 3798 1152 3838 nu.
1187 3780 1286 3837 25.
1324 3780 1385 3837 et
1415 3778 1590 3838 Salas
1636 3777 1754 3838 loc.
1806 3778 1909 3838 cit.
1946 3779 2091 3856 quia
2135 3779 2430 3841 nimirum

889 3870 1040 3931 illud
1073 3875 1165 3932 est
1193 3874 1343 3932 tunc
1373 3871 1644 3949 pretium
1674 3872 1931 3950 vulgare
1972 3876 2034 3932 et
2061 3871 2342 3950 justum3
2394 3894 2426 3934 e

889 3969 1106 4025 contra
1136 3983 1304 4040 vero,
1335 3969 1547 4042 posset
1574 3964 1739 4024 licite
1773 3984 1809 4023 a
1838 3970 2188 4026 mercatore
2219 3985 2426 4028 emere

886 4056 1082 4117 multo
1137 4056 1363 4117 minori
1417 4057 1641 4135 preti0,
1703 4074 1826 4135 quo
1873 4057 2113 4118 scilicet
2159 4077 2259 4119 res
2303 4060 2425 4121 illas

885 4149 1072 4211 vendi
1101 4149 1304 4210 solent
1331 4148 1409 4208 ab
1441 4149 1576 4210 aliis
1594 4150 1699 4229 qui
1715 4154 2096 4211 mercatores
2114 4170 2237 4212 non
2255 4157 2419 4231 sunt,

886 4242 1032 4321 quia
1063 4241 1182 4302 hoc
1212 4242 1400 4303 etiam
1430 4246 1525 4303 est
1552 4243 1823 4321 pretinm
1850 4243 2110 4321 vulgare
2135 4288 2150 4320 ‚
2200 4250 2263 4307 et
2285 4264 2423 4323 pro-

881 4339 1022 4414 pter
1050 4335 1475 4397 diversitatem
1521 4355 1817 4415 magnam
1846 4336 2253 4400 vendentium
2283 4386 2297 4416 ,
2332 4340 2422 4400 in-

880 4433 978 4490 tra
1005 4427 1400 4489 latitudinem
1439 4427 1594 4507 justi
1625 4429 1804 4506 pretii
1854 4429 1992 4490 dari
2038 4435 2247 4508 potest
2290 4436 2420 4494 tota

876 4521 983 4582 illa
1027 4521 1343 4598 distantia,
1403 4540 1548 4582 cum
1601 4541 1702 4582 res
1758 4523 2176 4584 communiter
2221 4525 2419 4586 soleat

877 4633 1003 4677 uno
1035 4614 1135 4675 vel
1180 4614 1375 4676 altero
1406 4615 1607 4693 pretio
1646 4614 1814 4694 juste
1862 4615 2103 4676 haberi.
2142 4617 2414 4679 Adverte

872 4708 1022 4769 item
1050 4707 1114 4767 id
1146 4707 1315 4786 quod
1362 4726 1550 4787 supra
1604 4708 1984 4784 notavimus,
2044 4727 2172 4769 non
2228 4728 2412 4790 posse

867 4804 1282 4862 mercatorem
1311 4818 1717 4880 compensare
1745 4802 1863 4863 sibi
1892 4820 2219 4880 expensas,
2255 4821 2413 4882 quas

864 4894 1032 4971 fecit,
1069 4894 1321 4972 quando
1368 4892 1474 4953 alii
1525 4898 1905 4955 mercatores
1930 4940 1945 4971 ,
1981 4895 2089 4973 qui
2135 4896 2409 4957 minores

865 5007 1168 5067 expensas
1196 4989 1501 5063 fecerunt,
1528 4988 1945 5048 communiter
1966 4988 2219 5050 easdem
2247 5009 2408 5050 mer-

863 5100 965 5141 ces
995 5081 1217 5141 minori
1251 5080 1450 5159 pretio
1483 5080 1782 5156 vendunt,
1803 5082 1913 5141 scd
1935 5082 2403 5144 suoinsortunio

861 5173 1169 5253 imputare
1202 5175 1391 5235 debet
1419 5174 1587 5253 quod
1624 5193 1865 5234 merces
1893 5193 2122 5253 magno
2155 5176 2401 5256 dispen-

860 5268 962 5327 dio
995 5268 1270 5329 attulerit
1298 5268 1380 5328 ad
1428 5268 1636 5329 locum
1658 5312 1675 5346 ,
1727 5287 1850 5350 quo
1879 5269 2138 5348 vulgare
2182 5289 2398 5332 earum

862 5360 1135 5440 pretium
1163 5361 1369 5421 minus
1398 5365 1553 5424 erat.

942 5454 1267 5517 Secundus
1303 5472 1484 5516 casus
1514 5460 1608 5518 est
1630 5502 1646 5533 ,
1692 5456 1934 5520 ratione
1966 5456 2127 5520 lucri
2158 5476 2406 5520 cessan-

2062 251 2166 311 DE
2206 249 2562 313 JUSTITIA
2608 251 2709 312 ΕΤ
2750 250 2950 312 JURE'.

2542 428 2662 504 tis,
2697 428 2796 488 vel
2825 427 3038 488 damni
3067 428 3441 506 emergentis
3468 427 3778 489 venditori
3804 432 3902 489 aut
3922 446 4019 489 em·
4066 450 4163 501 Μ..

2543 521 2704 600 ptori
2736 540 2809 582 ex
2837 521 2944 583 tali
2975 522 3330 583 venditione
3363 522 3457 582 vel
3486 522 3831 601 emptione3
3862 522 4019 600 quiti-
4050 504 4164 601 '⁹22

2543 615 2707 674 tulus
2735 614 2893 675 sicut
2936 616 3141 675 locum
3171 616 3360 676 habet
3397 615 3459 674 in
3505 619 3723 676 mutuo
3746 662 3764 690 ,
3808 620 3871 675 ut
3904 615 4022 675 vidi·
4085 617 4164 657 Μ

2543 726 2682 768 mus
2712 708 2869 786 disp.
2903 708 3305 787 praecedenti,
3338 707 3425 769 sic
3456 710 3645 770 etiam
3674 708 3737 768 in
3763 708 3889 768 aliis
3913 726 4022 768 con·
4074 678 4164 723 η

2544 801 2867 862 tractibus.
2944 804 3118 862 Tunc
3174 806 3383 863 autem
3439 802 3627 863 debet
3681 800 4025 863 contrahenti

2542 893 2927 954 manifestari
2966 894 3123 955 ratio
3153 893 3442 972 exigendi
3471 912 3663 973 supra
3684 893 3935 971 pretium
3950 895 4025 971 ju·

2543 989 2709 1046 stum
2737 1030 2752 1062 ,
2812 1004 2891 1045 ne
2946 985 3295 1064 decipiatur
3348 990 3576 1066 putans
3632 1004 3768 1047 rem
3819 992 4028 1065 propter

2543 1096 2720 1140 suam
2748 1079 3092 1140 bonitatem
3123 1080 3354 1141 habere
3398 1084 3649 1141 tantum
3679 1080 3957 1155 valorem,
3983 1084 4029 1139 et

2542 1173 2804 1234 fortasse
2833 1173 3025 1233 nollet
3051 1173 3323 1234 alienum
3371 1174 3559 1234 etiam
3605 1172 4028 1233 incommodum

2542 1265 2741 1345 pretio
2795 1265 3125 1342 redimere,
3185 1267 3295 1327 sed
3351 1267 3638 1344 accipere
3690 1284 3821 1325 rem
3858 1283 4029 1343 aequa·

2541 1359 2616 1420 lis
2642 1359 2873 1420 valoris
2902 1377 3045 1419 cum
3073 1377 3183 1420 suo
3224 1360 3425 1438 pretio
3458 1358 3627 1438 quod
3674 1358 3872 1419 solvit.
3903 1358 4027 1430 Quo-

2541 1452 2730 1513 modo
2778 1458 2987 1513 autem
3033 1452 3277 1513 lucrum
3324 1470 3577 1513 cessans
3617 1452 3720 1513 vel
3774 1451 4027 1511 damnum

2543 1563 2869 1624 emergens
2899 1546 3245 1625 computari
3277 1546 3542 1622 debeat,
3585 1548 3649 1606 et
3677 1545 3801 1604 alia
3824 1562 3945 1623 qua}
3967 1542 4027 1604 ad

2533 1637 2840 1719 justitiam
2869 1638 3055 1718 hujus
3074 1639 3238 1699 tituli
3265 1639 3599 1718 pertinent,
3626 1638 3887 1698 diximus
3899 1637 4025 1716 disp.

2541 1732 2920 1811 praecedenti
2949 1732 3218 1810 agenda,
3253 1732 3330 1792 de
3350 1736 3592 1794 mutu0.

2620 1824 2714 1886 Ad
2746 1824 2912 1885 hunc
2941 1843 3154 1885 casum
3186 1825 3541 1901 reducitur,
3579 1824 3834 1905 quando
3856 1823 4029 1885 vendi·
4119 1847 4162 1905 913

2538 1922 2637 1979 tor
2662 1918 3042 1996 peculiarem
3071 1920 3363 1979 affectum
3391 1919 3470 1978 ad
3487 1936 3622 1978 rem
3652 1936 3831 1978 suam
3854 1917 4025 1989 habet,
4100 1974 4103 1979 .
4152 1970 4158 1981 .

2540 2014 2603 2070 et
2628 2009 2769 2070 ideo
2798 2011 2992 2089 pluris
3022 2011 3290 2072 {estimat
3335 2029 3525 2090 quam
3574 2029 3802 2071 revera
3826 2011 4026 2075 valeat;
4060 1973 4163 2067 0ἶῖ

2540 2121 2661 2182 quo
2700 2103 2876 2163 titulo
2922 2104 3277 2165 concedunt
3324 2104 3747 2165 communiter
3791 2104 4028 2164 doctores
4094 2082 4164 2173 Ξ

2539 2215 2720 2274 posse
2778 2197 2914 2274 plus
2971 2197 3240 2275 exigere,
3301 2215 3424 2257 non
3474 2204 3689 2259 tamen
3735 2215 3843 2276 pro
3867 2195 4026 2267 libito,
4073 2188 4164 2280 ᾖ

2540 2290 2649 2349 sed
2695 2290 2908 2368 quanti
2955 2290 3407 2352 rationabiliter
3450 2290 3553 2350 ille
3604 2291 3866 2351 affectus
3902 2290 4030 2349 aesti-
4076 2286 4164 2347 ιε’-1

2539 2384 2697 2443 mari
2728 2387 3008 2462 poterat,
3060 2387 3129 2444 ut
3174 2384 3227 2443 si
3274 2384 3532 2445 domum
3579 2385 3782 2457 habes
3824 2401 4030 2463 quama

2540 2476 2659 2537 tuis
2688 2475 3030 2555 majoribus
3066 2476 3349 2555 possides
3394 2477 3584 2555 longo
3616 2477 3837 2538 ordine
3870 2482 4031 2537 trans—

2537 2568 2813 2629 missam.
2849 2569 3148 2629 Videatur
3177 2570 3426 2631 Lessius
3456 2589 3629 2631 num.
3664 2574 3769 2631 27.
3811 2574 3870 2631 et
3893 2568 4031 2631 Salas

2538 2661 2688 2722 dub.
2721 2676 2861 2724 xxx.
2898 2681 2958 2721 n.
2993 2664 3052 2722 2.
3088 2662 3194 2740 qui
3224 2663 3377 2723 alios
3408 2664 3611 2736 affert,
3648 2668 3716 2724 et
3744 2664 3880 2725 Mol.
3902 2662 4026 2739 disp.

2535 2757 2641 2815 35¹
2662 2805 2676 2819 .
2707 2756 2762 2834 ς.
2803 2754 3017 2816 Utrum
3045 2763 3236 2815 autem
3260 2801 3276 2833 ,
3310 2756 3417 2835 qui
3444 2773 3587 2816 raro
3633 2756 3704 2816 id
3751 2756 4031 2818 consulen-

2537 2848 2686 2908 dum
2715 2853 2948 2910 monet.

2613 2940 2709 3003 Ad
2753 2940 3041 3001 eamdem
3093 2940 3372 3002 radicem
3419 2941 3635 3003 damni
3699 2941 4029 3021 emergentis

2531 3034 2840 3113 pertinere
2892 3034 3173 3111 videtur,
3236 3035 3487 3114 quando
3546 3054 3744 3115 supra
3801 3035 4026 3115 pretium

2534 3127 2833 3207 exigitur,
2865 3127 2966 3188 vel
2992 3128 3198 3187 minus
3224 3129 3409 3190 datur
3436 3134 3702 3209 propter
3731 3128 4030 3210 periculum

2531 3238 2658 3282 non
2687 3220 2960 3281 habendi
2988 3221 3257 3298 pretium
3275 3223 3373 3282 vel
3400 3241 3533 3282 rem
3556 3229 3876 3302 emptam3
3908 3221 4029 3282 sicut

2531 3315 2787 3374 enimin
2818 3319 3034 3375 mutuo
3084 3314 3321 3376 licitum
3365 3315 3635 3377 diximus
3685 3318 3923 3396 exigere
3946 3313 4029 3374 ali-

2529 3407 2681 3486 quid
2709 3408 2873 3467 ultra
2911 3412 3143 3468 sortem
3188 3413 3446 3487 propter
3490 3410 3842 3487 periculum
3886 3407 4028 3468 sortis

2528 3500 3006 3578 recuperandam
3058 3502 3145 3561 ita
3173 3501 3237 3559 in
3272 3500 3586 3579 emptione
3616 3507 3686 3563 et
3716 3501 4027 3562 venditione

2527 3594 2862 3654 dicendum
2893 3597 3005 3670 est,
3041 3593 3420 3656 attendendo
3450 3612 3740 3674 semper,
3774 3601 3840 3655 ut
3864 3610 4028 3654 exces-

2525 3705 2629 3749 sus
2657 3687 2836 3765 pretii
2867 3705 2990 3747 non
3009 3686 3347 3747 excedatid
3373 3705 3496 3766 quo
3524 3688 3702 3766 apud
3736 3687 4027 3766 prudentes

2524 3780 2817 3841 aestimari
2868 3784 2928 3840 et·
2968 3778 3192 3839 redimi
3237 3785 3447 3857 posset
3485 3781 3842 3859 periculum
3885 3776 4023 3850 illud,

2525 3892 2634 3934 seu
2684 3872 2853 3952 quod
2900 3890 3013 3951 pro
3057 3872 3191 3952 ejus
3232 3873 3702 3934 assecuratione
3733 3872 4029 3953 prudenter

2523 3965 2660 4027 dari
2686 3969 2916 4045 posset.
2953 3967 3040 4024 De
3068 3965 3189 4026 hoc
3217 3965 3415 4026 videri
3442 3970 3715 4045 possunt
3742 3965 3918 4028 etiam
3940 3982 4026 4023 au-

2523 4065 2724 4122 ctores
2754 4061 3120 4138 quosaffert
3148 4059 3346 4120 Diana
3376 4061 3421 4122 l.
3456 4064 3608 4121 tom.
3645 4065 3832 4122 tract.
3855 4058 4028 4119 decon-

2522 4152 2824 4227 tractibus,
2858 4151 3046 4213 resol.
3079 4153 3178 4213 37.
3206 4156 3269 4213 et
3296 4155 3394 4214 38.

2599 4246 2841 4308 Tertius
2872 4262 3053 4305 casus
3080 4245 3288 4305 afferri
3319 4246 3508 4322 solet,
3543 4245 3804 4325 quando
3833 4248 3887 4307 in
3912 4260 4027 4324 gra·
4114 4245 4155 4310 91

2517 4340 2669 4402 tiam
2702 4339 2903 4399 solum
2931 4338 3274 4399 venditoris
3319 4356 3456 4398 rem
3483 4340 3729 4401 vendas
3760 4341 3903 4400 alias
3927 4355 4023 4398 non
4091 4377 4155 4428 μ

2516 4432 2906 4508 vendituruS,
2960 4431 3107 4511 quia
3148 4430 3512 4492 aestimabile
3561 4436 3660 4494 est
3715 4432 3878 4513 quod
3920 4447 4022 4490 rem
4083 4433 4164 4536 2¹¹2

2515 4529 2710 4602 tuam,
2742 4543 2881 4604 quae
2909 4524 3148 4585 venalis
3181 4542 3305 4586 non
3337 4527 3492 4601 erat,
3524 4526 3821 4586 venalem
3846 4524 4020 4586 facias.
4075 4539 4164 4580 :au

2514 4621 2645 4681 Hoc
2685 4622 2931 4692 tamen,
2984 4622 3054 4680 ut
3097 4621 3267 4679 recte
3312 4617 3611 4679 admonet
3653 4621 3827 4681 Lesa.
3860 4637 3915 4678 n.
3941 4619 4019 4677 31.

2514 4730 2639 4772 non
2670 4716 2945 4788 excusat,
2982 4711 3100 4771 nisi
3131 4710 3366 4791 aliquid
3397 4711 3788 4773 incommodi
3805 4711 3897 4772 vel
3920 4727 4026 4770 mo-

2511 4806 2710 4866 lestiae
2753 4803 2861 4866 tibi
2914 4806 3154 4866 afferat.
3215 4807 3433 4866 Posset
3479 4804 3698 4884 itaque
3744 4821 4020 4874 excusare,

2510 4897 2763 4978 quando
2796 4901 3054 4976 rogatus
3085 4896 3383 4958 conducis
3412 4914 3643 4977 operas
3674 4898 3951 4977 pauperis
3973 4899 4025 4955 ut

2509 4991 2740 5052 habeat
2768 4993 2935 5052 undo
2965 5010 3030 5052 se
3063 4991 3207 5067 alat,
3244 5008 3366 5070 quo
3398 5009 3623 5069 parum
3654 4993 3760 5052 vel
3789 4991 3927 5051 nihil
3952 4988 4024 5048 in-

2507 5085 2704 5162 dig-es,
2739 5090 2811 5146 ut
2844 5103 2984 5145 cum
3015 5085 3288 5160 Medina,
3324 5086 3630 5160 NavarrO,
3659 5090 3726 5146 et
3755 5085 3884 5145 aliis
3910 5102 4020 5143 con·

2507 5179 2677 5239 cedit
2705 5179 2849 5239 Mol.
2887 5179 3033 5240 dict.
3070 5179 3229 5258 disp.
3265 5182 3407 5240 351.
3443 5179 3507 5237 in
3539 5180 3872 5257 principi0‚
3904 5177 4021 5255 quia

2507 5273 2842 5334 molestum
2872 5272 2983 5333 tibi
3013 5291 3171 5335 onus
3200 5290 3432 5334 novum
3459 5273 3766 5348 assumis,
3817 5278 3878 5331 et
3905 5270 4020 5348 quia

2508 5364 2939 5426 deficientibus
2986 5365 3374 5445 emptoribus
3400 5365 3502 5427 vel
3539 5364 4015 5432 conductoribus,

2508 5459 2818 5522 decrescit
2843 5458 3137 5539 pretium.
