4263 6376
671 1206 749 1269 32

574 1331 620 1377 ln
639 1333 786 1378 edictis
816 1335 870 1378 ob

572 1388 763 1431 damnum
786 1393 871 1431 ter-

573 1442 620 1485 tii
640 1443 707 1496 qui
741 1455 869 1485 excu-

615 1509 687 1539 8811
663 1501 759 1539 ntur
781 1496 831 1538 ab

584 1562 712 1593 excon
713 1550 872 1593 111111111-

636 1603 812 1649 catione.

921 277 1045 339 754

926 457 1233 538 quidquid
1262 457 1472 520 scierit
1517 460 1595 520 ab
1626 458 1759 539 ipso
1790 459 1925 519 fure
1955 459 2190 520 auferri
2212 504 2228 537 ,
2287 459 2340 520 si
2368 461 2458 521 ta-

924 570 1069 611 men
1096 552 1386 612 dominus
1406 552 1485 614 sit
1511 554 1718 614 minus
1747 552 2045 632 prudens,
2081 557 2145 614 et
2173 572 2458 614 mansue-

923 649 1044 721 tus,
1078 648 1141 707 et
1168 645 1271 724 qui
1302 646 1508 725 potius
1541 647 1759 708 obesse
1781 647 2075 708 credatur
2101 665 2291 726 quam
2320 665 2459 727 pro—

925 738 1128 815 desse,
1178 757 1303 799 non
1332 740 1528 800 teneri
1560 739 1640 801 ad
1669 741 2202 802 manifestandum
2232 741 2454 817 furem,

920 834 993 891 ut
1020 850 1164 892 cum
1192 832 1330 892 aliis
1360 833 1589 895 Sanch.
1625 834 1732 894 ubi
1759 852 1951 913 supra
1981 833 2129 895 dub.
2166 850 2318 894 xvn.
2354 835 2458 896 Se·

923 943 1030 985 cus
1059 926 1111 985 si
1141 931 1304 986 esset
1331 928 1608 1005 prudens
1639 932 1699 988 et
1731 927 1928 1004 mitis,
1988 932 2140 989 tunc
2171 927 2338 987 enim
2367 930 2459 988 te-

920 1018 1172 1078 nebitur
1193 1064 1208 1095 ,
1268 1020 1319 1079 si
1349 1038 1474 1080 non
1506 1024 1671 1082 esset
1698 1039 1841 1099 spes
1871 1020 2224 1100 corrigendi
2257 1020 2459 1081 furem

919 1113 985 1172 et
1011 1130 1144 1173 rem
1174 1116 1416 1175 secreto
1446 1115 1886 1193 componendi.

1001 1207 1179 1266 Nunc
1224 1205 1358 1286 jam
1401 1206 1687 1268 dicamus
1717 1208 1794 1267 de
1823 1208 1928 1268 illo
1957 1225 2190 1286 genere
2222 1206 2458 1268 edicto-

913 1315 1097 1375 rum,
1145 1319 1268 1378 quo
1316 1301 1574 1380 praeeipi
1624 1303 1783 1363 solet
1811 1301 1925 1362 sub
1955 1300 2456 1362 excommunica-

921 1391 1089 1452 tione
1120 1391 1281 1453 intra
1313 1398 1551 1455 certum
1579 1400 1827 1473 tempus
1856 1394 2251 1471 incurrenda,
2287 1394 2456 1474 quod

920 1486 1304 1547 satisfaciant
1332 1501 1445 1565 pro
1492 1488 1738 1549 damnis
1767 1488 1829 1547 in
1860 1488 2126 1566 pecunia
2151 1535 2166 1561 ,
2214 1489 2314 1547 vel
2342 1487 2457 1548 ho-

920 1597 1094 1654 nore,
1129 1580 1227 1639 vel
1256 1580 1445 1658 fama,
1471 1582 1582 1660 qui
1610 1586 2009 1662 acceperunt,
2046 1582 2145 1642 vel
2172 1581 2454 1641 damnifi-

918 1676 1221 1733 caverunt
1249 1672 1515 1751 injuste,
1577 1678 1639 1734 et
1688 1676 1856 1755 quod
1901 1675 2167 1736 scientes
2194 1674 2456 1735 manife-

899 1769 1083 1827 stent
1110 1765 1272 1827 intra
1299 1771 1540 1828 certum
1579 1771 1825 1847 tempus
1857 1768 2055 1830 dictos
2086 1768 2451 1829 damnifica-

914 1863 1103 1921 toreS.
1139 1858 1315 1921 Circa
1346 1877 1485 1939 quae
1517 1859 1722 1923 edicta
1765 1861 2112 1922 notandum
2146 1865 2279 1939 est,
2309 1862 2453 1942 {non

917 1972 1051 2014 esse
1081 1953 1405 2030 facienda,
1468 1955 1586 2015 nisi
1628 1973 1741 2033 pro
1772 1956 1952 2016 bonis
1983 1955 2295 2032 ecclesiae,
2354 1955 2453 2015 vel

917 2066 1031 2126 pro
1076 2047 1322 2107 damnis
1375 2048 1553 2108 valde
1581 2049 1917 2127 gravibus,
1978 2053 2047 2111 ut
2092 2053 2335 2110 constat
2378 2069 2454 2110 ex

913 2141 1145 2201 Concil.
1180 2140 1350 2202 Trid.
1386 2160 1536 2202 sess.
1574 2143 1761 2203 XXV.
1803 2160 1941 2221 cap.
1983 2159 2076 2204 111.

994 2235 1171 2295 Circa
1225 2233 1359 2294 haec
1415 2252 1563 2313 ergo
1621 2235 1824 2298 edicta
1882 2236 1961 2298 sit
2016 2236 2452 2298 decimatertia

910 2328 1273 2389 conclusio:
1324 2329 1502 2390 multi
1547 2332 1712 2404 sunt,
1790 2330 1895 2410 qui
1943 2334 2204 2411 propter
2246 2332 2449 2392 varias

908 2422 1181 2483 rationes
1210 2425 1585 2483 excusantur
1612 2424 1693 2484 ab
1731 2423 2108 2485 incurrenda
2158 2442 2442 2486 censura.

909 2516 1138 2592 Primo,
1174 2516 1225 2576 si
1253 2516 1353 2576 ille
1385 2516 1464 2577 ad
1495 2516 1671 2596 cujus
1693 2517 2051 2579 instantiam
2079 2518 2297 2594 fertur,
2324 2537 2449 2579 non

905 2608 1190 2672 intendat
1233 2611 1371 2671 illos
1443 2611 2001 2690 comprehendere.
2071 2613 2254 2673 Tales
2306 2617 2451 2674 sunt

906 2705 1322 2765 communiter
1342 2709 1576 2765 uxoret
1594 2703 1705 2765 filii
1726 2703 2070 2780 creditoriS,
2097 2703 2185 2766 ita
2215 2706 2363 2767 Soto
2385 2720 2443 2767 v.

903 2796 974 2857 de
983 2797 1184 2878 justit.
1220 2817 1323 2877 qu.
1361 2814 1454 2859 111.
1489 2801 1606 2860 art.
1645 2802 1699 2860 1.
1737 2798 1800 2858 in
1829 2799 1974 2876 fine,
2011 2801 2072 2861 et
2115 2799 2295 2861 Avila
2342 2799 2452 2860 ubi

903 2910 1094 2970 supra
1125 2891 1285 2971 disp.
1325 2909 1384 2952 v.
1422 2891 1571 2953 dub.
1609 2907 1652 2953 1.
1685 2911 1808 2953 non
1841 2891 2007 2952 enim
2049 2893 2448 2971 praesumitur

902 2990 1081 3062 pater
1109 2984 1374 3045 familias
1406 2984 1492 3045 ita
1519 2984 1761 3062 rigidus
1793 3003 1942 3064 erga
1965 3003 2263 3064 personas
2287 2986 2444 3046 adeo

901 3076 1016 3136 sibi
1050 3078 1436 3155 conjunctas,
1473 3076 1588 3137 nisi
1628 3075 1796 3137 aliud
1845 3098 1921 3138 ex
1966 3078 2445 3140 circumstantiis

900 3170 1321 3250 colligeretur.
1356 3172 1453 3231 An
1498 3188 1647 3231 vero
1680 3170 1931 3251 quando
1979 3176 2178 3251 pater,
2233 3192 2290 3234 V.
2343 3191 2437 3252 gr.

898 3264 1100 3324 noluit
1126 3264 1667 3342 comprehendere
1697 3264 1918 3342 filium,
1955 3271 2158 3328 cesset
2205 3264 2444 3344 ohliga-

889 3357 982 3419 tio
1016 3356 1430 3418 denuntiandi
1466 3357 1837 3437 complicem
1870 3359 1977 3438 qui
2006 3376 2149 3419 cum
2179 3358 2305 3420 filio
2346 3359 2441 3420 fu-

894 3456 1069 3512 ratus
1102 3454 1214 3526 est,
1251 3455 1315 3511 et
1340 3470 1414 3510 ex
1445 3453 1624 3530 cujus
1654 3452 1966 3513 delatione
2013 3451 2441 3514 manifestare-

888 3546 994 3605 tur
1020 3544 1316 3604 delictum
1345 3542 1476 3621 filii,
1509 3542 1708 3604 videri
1736 3548 1941 3623 potest
1969 3544 2148 3606 Dian.
2185 3560 2244 3608 v.
2271 3552 2432 3624 part.

887 3637 1758 3699 tract.x111.miscell.resol.69.
1782 3640 1912 3717 Ego
1931 3638 2141 3715 credo,
2158 3636 2222 3699 id
2239 3642 2439 3700 totum

889 3748 963 3791 ex
992 3731 1471 3792 circumstantiis
1492 3730 1908 3809 judicandum
1942 3749 2099 3808 esse,
2140 3735 2207 3793 ut
2238 3733 2437 3812 possit

886 3823 1149 3885 intentio
1181 3824 1375 3904 patris
1405 3823 1814 3904 deprehendi.
1852 3824 2164 3902 Secundo,
2196 3826 2246 3886 si
2303 3846 2437 3886 cre-

887 3916 1055 3978 ditor
1080 3916 1350 3978 debitori
1392 3921 1690 3996 proroget
1731 3918 2071 3979 terminum
2105 3936 2119 3978 :
2169 3936 2433 3981 censura

886 4009 1052 4070 enim
1083 4026 1208 4072 non
1238 4013 1528 4071 censetur
1556 4010 1788 4071 habere
1820 4009 1946 4071 vim
1970 4009 2205 4090 ligandi
2248 4012 2312 4072 in
2359 4012 2433 4074 iis

873 4102 1151 4180 casibus,
1185 4102 1302 4163 nisi
1345 4104 1776 4181 dependenter
1819 4120 1857 4163 a
1905 4103 2226 4167 voluntate
2271 4102 2431 4167 illius

882 4214 995 4275 pro
1026 4214 1150 4276 quo
1180 4197 1396 4273 fertur,
1429 4199 1498 4257 ut
1533 4213 1676 4257 cum
1706 4195 1841 4258 aliis
1873 4198 2104 4259 Suarez
2136 4198 2296 4278 disp.
2324 4212 2424 4260 111.

883 4286 955 4350 de
979 4288 1230 4350 censuris
1251 4292 1400 4350 sect.
1437 4305 1523 4351 VI.
1574 4309 1746 4351 num.
1798 4295 1895 4352 11.
1951 4288 2001 4351 si
2043 4295 2253 4352 tamen
2294 4290 2429 4371 jam

880 4380 1205 4445 transisset
1227 4381 1552 4459 terminus,
1576 4402 1697 4445 non
1720 4391 1930 4463 posset
1950 4383 2202 4461 auferri,
2237 4385 2426 4446 etiam

880 4476 1188 4539 creditore
1203 4476 1451 4537 volente
1475 4490 1838 4555 prorogare,
1872 4478 2006 4538 sine
2028 4476 2423 4540 absolutione

876 4568 1193 4632 Ecclesiae.
1228 4568 1460 4645 Tertia,
1491 4574 1886 4644 excusantur,
1910 4572 2015 4651 qui
2047 4575 2426 4650 acceperunt

878 4663 1132 4745 quidem
1163 4680 1237 4722 ea
1256 4661 1443 4739 bona,
1480 4661 1589 4721 sed
1611 4659 1781 4741 justo
1813 4663 2012 4741 titulo,
2049 4668 2118 4726 ut
2164 4664 2214 4724 si
2244 4682 2423 4725 acce-

874 4762 1104 4838 perunt
1152 4756 1216 4815 in
1264 4754 1839 4834 compensationem
1881 4755 2117 4835 justam
2165 4774 2420 4818 suorum

875 4851 1251 4926 debitorum,
1288 4867 1428 4928 qua».
1458 4847 1639 4909 aliter
1667 4864 1789 4908 non
1832 4852 2120 4927 poterant
2157 4867 2420 4929 recupe-

872 4960 1048 5017 rare;
1084 4943 1250 5005 circa
1284 4942 1445 5003 hanc
1475 4946 1686 5004 tamen
1718 4943 2317 5020 compensationem,
2350 4948 2419 5004 ut

868 5039 1037 5102 licite
1066 5038 1195 5111 fiat,
1257 5036 1486 5097 multas
1524 5034 1785 5097 adhibet
1830 5036 2107 5098 cautelas
2151 5037 2410 5099 Navarr.

870 5133 1098 5196 Summ.
1149 5149 1287 5211 cap.
1347 5145 1501 5192 xvn.
1568 5149 1672 5191 nu.
1737 5131 1872 5192 113.
1936 5137 1998 5192 et
2040 5148 2179 5210 cap.
2216 5144 2407 5193 xxvn.

865 5242 1036 5288 num.
1075 5227 1211 5287 134.
1256 5229 1318 5286 81
1347 5240 1459 5285 nos
1492 5222 1762 5284 diximus
1792 5240 1984 5302 supra
2031 5227 2290 5302 agentes
2333 5224 2411 5286 de

863 5324 1050 5383 furto.
1105 5321 1362 5395 QuartO,
1422 5316 1526 5397 qui
1569 5317 1715 5378 licet
1756 5316 1982 5396 injuste
2027 5318 2404 5397 acceperint,

871 5434 1037 5477 nunc
1063 5420 1276 5478 tamen
1300 5412 1473 5492 juste
1505 5415 1882 5473 excusantur
1927 5426 1962 5471 a
1994 5409 2407 5487 restitutione,

861 5512 958 5573 vel
990 5512 1249 5589 propter
1274 5506 1728 5587 impotentiam,
1765 5507 1862 5567 vel
1905 5505 2031 5567 alia
2078 5505 2158 5568 de
2196 5524 2407 5583 causa,

2089 275 2193 338 DE
2237 273 2592 341 JUS'rl'rlA
2636 277 2739 340 ΕΤ
2781 275 2982 341 man

2558 476 2685 519 non
2716 458 3047 519 incurrunt
3074 455 3833 520 excommunicationem.
3876 455 4070 534 Quinto,

2558 552 2624 611 in
2655 552 2730 612 iis
2760 551 3053 614 omnibus
3082 552 3355 629 casibus,
3377 551 3703 632 inquibus
3722 550 3832 630 qui
3866 551 4070 629 accepit,

2560 663 2687 706 non
2733 645 3312 724 comprehenditur,
3379 651 3730 707 excusatur
3788 645 3974 705 etiam
4006 649 4071 723 qm‘

2558 740 2754 816 novit,
2781 757 2818 800 a
2846 740 3339 812 manifestando;
3372 740 3705 801 tenebitur
3745 743 3960 800 tamen
3992 739 4075 799 ior-

2557 837 2723 895 tasse
2754 851 3116 912 procurare,
3151 832 3321 913 quod
3352 837 3768 894 assecuretur
3815 832 4070 904 debitum,

2559 930 2623 988 81
2676 925 2909 988 vitetur
2945 926 3297 1006 periculum
3350 927 3417 987 in
3489 930 3831 1006 posterum
3886 927 4071 988 meliori

2557 1020 2747 1081 modo
2766 1038 2888 1098 quo
2916 1020 3146 1098 poterit
3178 1038 3192 1092 ς
3228 1019 3377 1099 quia
3407 1019 3685 1081 fortasse
3716 1020 3829 1100 qui
3861 1022 4068 1099 accepit,

2557 1130 2722 1173 nunc
2764 1130 2889 1173 non
2938 1116 3142 1192 potest
3195 1113 3572 1184 restituere;
3623 1114 3871 1193 poterit
3914 1121 4071 1175 tamen

2554 1211 2810 1284 postea3
2845 1206 2899 1267 si
2927 1209 3136 1268 autem
3179 1210 3397 1267 manet
3444 1207 3743 1268 occultus
3800 1226 4069 1288 nunquam

2552 1300 2813 1360 fortasse
2857 1301 3162 1361 restituet.
3217 1301 3505 1380 Denique
3555 1318 3824 1379 semper
3861 1301 3956 1362 1118
3997 1305 4068 1382 qui

2548 1393 2746 1469 novit,
2802 1391 2993 1454 debet
3061 1393 3446 1473 praemittere
3520 1395 3994 1466 correctionem,
4036 1399 4069 1456 si

2549 1491 2761 1566 sperat
2788 1487 3190 1566 profuturum
3220 1492 3287 1548 ut
3315 1488 3428 1548 fiat
3459 1488 3791 1548 restitutio
3824 1506 3957 1549 cum
3987 1490 4068 1548 mi-

2551 1579 2689 1639 nori
2697 1578 2946 1658 jactura
2967 1579 3255 1659 proximi.
3284 1581 3649 1642 Advertere
3670 1585 3887 1641 tamen
3909 1582 4065 1642 dehet

2552 1689 2629 1731 ne
2674 1672 2793 1733 hac
2841 1690 2950 1754 spe
2987 1673 3399 1734 correctionis
3442 1673 3845 1735 creditorem
3877 1676 4065 1737 nanda

2550 1763 2807 1825 omnino
2848 1782 2961 1825 suo
3009 1763 3219 1827 debito
3254 1784 3268 1824 ε
3302 1782 3454 1825 nam
3503 1766 3612 1826 fur
3667 1768 3783 1846 qui
3826 1786 3972 1829 nunc
4002 1777 4065 1828 est

2548 1874 2847 1935 praesensn
2872 1860 2936 1918 et
2962 1856 3154 1918 habet
3181 1858 3243 1917 in
3276 1875 3393 1918 sua
3424 1862 3760 1938 potestate
3787 1878 3915 1920 rem
3938 1860 4067 1920 abla-

2547 1953 2700 2026 tam,
2734 1950 2986 2011 interim
3012 1949 3162 2010 dum
3208 1951 3420 2030 ipsum
3451 1970 3831 2028 monemus,
3862 1954 4067 2015 fortasse

2548 2041 2767 2121 fugiet,
2802 2043 2901 2104 vel
2953 2043 3256 2170 reddetur
3284 2044 3620 2124 impotens
3663 2046 3752 2107 ad
3796 2048 4068 2109 restituen-

2546 2135 2719 2198 dum.

2628 2229 3076 2292 Decimatertia
3104 2165 3449 2304 conclusio,
3485 2235 3557 2292 in
3605 2231 3916 2312 ejusmodi
3950 2235 4065 2295 deli-
4150 2256 4163 2308 3

2544 2322 2658 2384 ctis
2688 2324 3132 2385 denuntiandis
3158 2325 3546 2403 regulariter
3566 2335 4067 2391 excusanturcon-

2546 2417 2874 2496 sanguinei
2906 2417 3068 2478 intra
3100 2423 3395 2498 quartum
3441 2421 3764 2498 gradum,
3797 2423 3928 2502 quia
3958 2440 4068 2500 pro—

2545 2513 2687 2588 pter
2713 2511 3211 2589 magnam-illam
3261 2512 3799 2591 conjunc-tionem
3839 2515 4065 2576 rideren-

2546 2609 2647 2664 tur
2675 2605 3045 2665 denuntiare
3091 2609 3311 2667 contra
3340 2624 3411 2664 se
3458 2606 3673 2686 ipsos.
3728 2607 3857 2670 Hoc
3902 2617 4063 2670 tunm

2546 2713 2668 2757 non
2699 2696 2892 2759 habet
2919 2698 3126 2759 locum
3155 2698 3219 2757 in
3248 2703 3520 2777 peccato
3554 2700 3844 2778 haeresis,
3876 2702 3929 2762 in
3969 2723 4061 2783 quo

2544 2807 2726 2851 nemo
2777 2794 3109 2853 excusatur
3163 2797 3427 2870 propter
3492 2795 3857 2856 maximum
3910 2815 4063 2856 noca·

2542 2886 2827 2944 mentum
2881 2884 3222 2963 publicum,
3259 2884 3431 2964 quod
3495 2888 3697 2949 affert
3727 2909 3745 2962 ;
3806 2889 3883 2950 ita
3922 2889 4065 2951 Avila

2542 2995 2685 3037 cum
2716 2976 2853 3037 aliis
2883 2977 2986 3038 ubi
3018 2995 3209 3057 supra
3240 2978 3392 3038 dub.
3428 2994 3502 3040 11.
3548 2983 3666 3060 qui
3708 2986 3907 3043 tamen
3937 2983 4063 3042 bene

2542 3070 2814 3132 advertit
2844 3070 3132 3131 eamdem
3175 3070 3635 3134 limitationem
3691 3075 4063 3136 adhibendam

2540 3163 2730 3226 etiam
2759 3183 2893 3226 esse
2937 3164 3000 3225 in
3051 3164 3189 3226 aliis
3235 3164 3511 3243 delictis,
3543 3187 3700 3248 qum
3731 3173 3975 3249 vergunt
4018 3169 4061 3228 in

2539 3275 2841 3336 magnum
2865 3258 3224 3337 reipublicae
3254 3268 3761 3340 nocumentum,
3807 3265 4065 3325 teneban-

2537 3355 2642 3413 tur
2670 3357 2882 3414 autem
2909 3355 3058 3413 tunc
3089 3354 3554 3432 consanguinei
3590 3357 3824 3437 magis,
3858 3359 3948 3417 vel
3975 3360 4065 3416 mi—

2537 3464 2654 3506 nus
2683 3445 3023 3525 propinqui
3055 3445 3404 3507 secundum
3430 3453 3915 3527 proportionem
3954 3470 4061 3529 gra·

2535 3539 2726 3600 vioris
2754 3540 3136 3616 nocumenti,
3173 3539 3341 3621 quod
3374 3560 3453 3602 ex
3482 3542 3603 3604 tali
3656 3545 3884 3608 delicto
3920 3545 4063 3623 sequi

2531 3636 2756 3711 potest.

2613 3726 2772 3787 Hinc
2828 3726 3062 3804 pendet
3117 3727 3406 3805 quaestio,
3456 3747 3541 3789 an
3590 3736 3780 3809 pater
3818 3736 4063 3793 teneatur
4156 3746 4163 3793 1

2533 3820 2903 3880 denuntiare
2960 3819 3157 3879 filium
3202 3818 3604 3901 haereticum,
3640 3826 3747 3885 vel
3791 3825 3945 3885 filius
3980 3844 4063 3904 pa·

2531 3913 3190 3974 tremYCommuniter
3228 3912 3532 3991 fatentur,
3590 3923 3845 4024 patrem
3898 3918 4063 3979 teneri

2530 4007 2609 4066 ad
2642 4004 3139 4068 denuntiandum
3169 4005 3389 4082 fllium,
3426 4012 3497 4069 ut
3530 4028 3609 4069 ex
3633 4012 3921 4072 omnium
3945 4030 4061 4070 sen-

2528 4101 2725 4161 tentia
2752 4100 2983 4161 fatetur
3014 4100 3243 4161 Sancb.
3281 4101 3389 4161 lib.
3430 4120 3519 4162 il.
3561 4102 3797 4165 Coris-tl.
3848 4123 3977 4183 cap.
4006 4120 4057 4163 11.
4132 4096 4163 4173 ¹:

2529 4192 2676 4255 dub.
2712 4206 2839 4254 xlx.
2875 4212 2937 4254 n.
2970 4197 3029 4254 3.
3066 4196 3128 4254 et
3156 4193 3363 4273 colligi
3395 4194 3759 4259 videmrex
3780 4198 4060 4260 Deam.

2524 4301 2660 4348 xm.
2724 4285 2831 4348 ubl
2876 4283 3140 4366 jubetur
3192 4291 3375 4366 pater
3431 4288 3831 4353 denuntiare
3900 4292 4063 4352 filium

2528 4382 2899 4442 adorantem
2930 4380 3119 4441 idola.
3156 4379 3333 4442 Unde
3390 4380 3596 4444 filium
3654 4388 3853 4447 etiam
3900 4384 4063 4446 tami

2524 4472 2605 4535 ad
2678 4471 3180 4537 denuntiandum
3225 4478 3471 4553 patrem
3527 4474 3931 4551 haereticum,
3976 4478 4067 4537 do-

2524 4571 2667 4629 cent
2697 4565 2889 4646 Cajet.
2952 4568 3189 4644 Castro,
3254 4566 3578 4630 Navarrus
3625 4577 3697 4633 et
3755 4574 3887 4650 alii,
3937 4589 4066 4651 qnos

2521 4658 2701 4722 affert
2727 4660 2893 4722 idem
2925 4659 3154 4723 Sanch.
3191 4659 3276 4720 ibi
3299 4681 3405 4722 nu.
3438 4664 3493 4722 1.
3524 4662 3705 4725 idem
3736 4670 3910 4727 tenet
3938 4666 4065 4726 Sua-

2519 4773 2624 4815 rez
2654 4753 2813 4834 disp.
2850 4766 2950 4816 xx.
2986 4753 3056 4815 de
3080 4752 3217 4835 fide,
3236 4760 3387 4817 sect.
3424 4772 3514 4817 lv.
3553 4777 3736 4820 num.
3766 4762 3869 4820 21.
3904 4762 4061 4819 Ater.

2521 4848 2885 4924 ComitoluS,
2922 4845 3367 4924 Sanctarellus,
3419 4852 3482 4910 et
3525 4849 3889 4929 Bonaeina,
3934 4854 4067 4912 Por·

2517 4941 2625 5019 tel,
2658 4940 2815 5003 Lud.
2853 4943 3079 5020 Lopez,
3115 4944 3176 5002 81
3204 4940 3310 5001 alii
3344 4958 3506 5022 quos
3534 4946 3727 5006 affert
3770 4952 3839 5007 et
3872 4942 4065 5024 sequi-

2515 5034 2618 5097 tur
2645 5034 2842 5095 Diana
2873 5035 3039 5095 dicto
3070 5034 3250 5096 tract.
3285 5032 3357 5095 de
3408 5033 3737 5099 denuntiat.
3802 5039 3985 5099 resol.
4018 5039 4061 5096 1·

2515 5128 2637 5191 Alii
2664 5132 2874 5190 tamen
2906 5133 3139 5207 negant
3168 5144 3310 5189 eam
3340 5128 3810 5210 obligationem
3840 5132 3905 5192 in
3934 5130 4057 5193 filia.

2512 5242 2626 5306 pro
2648 5241 2773 5304 qua
2801 5220 2968 5284 idem
2986 5222 3184 5295 Diana
3202 5224 3385 5284 affert
3415 5223 3731 5288 Alexand.
3758 5229 4061 5289 Mensem.

2513 5316 2725 5398 Rojas,
2762 5315 3063 5381 Riccium.
3100 5321 3163 5378 81
3188 5318 3424 5380 Joann.
3475 5318 3813 5382 Valerum.
3868 5323 3943 5382 Hi
3986 5326 4061 5380 ta-

2513 5430 2659 5472 men
2718 5410 3063 5492 loquuntur
3105 5429 3252 5472 cum
3304 5411 3524 5493 aliqua
3574 5412 3981 5487 limitatione,
4008 5420 4059 5472 nt

2516 5507 2694 5568 notat
2722 5503 2953 5567 Sancb.
2988 5523 3159 5565 num.
3185 5508 3246 5567 6.
3284 5506 3407 5579 Qui
3438 5505 3606 5571 bene
3634 5526 3787 5571 cum
3820 5510 3957 5570 aliis
3980 5506 4061 5567 di-

4098 2382 4163 2634 nnsis

4098 3876 4163 3910 ΔΞ

4106 3936 4163 4013 Ξ

4110 4032 4163 4069 tr*
