4263 6376
562 989 638 1049 82

496 1113 600 1167 Quid
634 1114 686 1157 de

800 239 882 300 80
1955 237 2058 298 DE
2100 237 2451 300 JUSTI'I'IA
2499 239 2601 300 m·
2642 239 2842 302 JURE

788 414 1127 477 haereditas
1155 414 1507 495 applicatur
1548 413 1698 475 fisco
1723 462 1739 492 ,
1789 413 1956 475 hunc
2003 416 2201 476 teneri
2243 416 2323 476 ad

788 509 999 570 omnia
1045 508 1257 569 debita
1284 507 1559 569 defuncti
1599 508 1777 586 juxta
1805 507 1970 568 vires
1998 508 2327 570 haeredita-

786 601 884 678 tis,
916 602 958 662 l.
993 600 1131 663 lion
1150 608 1392 682 possunt
1417 602 1480 661 ff.
1527 598 1754 681 dejure
1776 599 1913 681 fisci
1936 619 1960 661 .·
2007 601 2086 662 ad
2117 602 2329 681 legata

789 695 975 757 etiam
1007 694 1253 770 omnia,
1299 693 1351 753 si
1397 694 1665 774 supersit
1690 694 1842 754 fisco
1874 699 2099 773 quarta
2128 694 2328 755 bono-

785 805 927 848 rum
954 806 1122 867 pars,
1150 785 1426 866 alioquin
1446 787 1674 865 poterit
1702 806 1777 847 ex
1795 787 2018 867 legatis
2036 791 2326 867 quartam

787 879 1129 941 Falcidiam
1158 879 1514 941 detrahere.

865 972 1149 1035 Dubitari
1177 976 1401 1051 potest,
1428 991 1507 1032 an
1538 973 1703 1052 quod
1734 972 1972 1034 dictum
1992 976 2088 1034 est
2114 972 2192 1033 de
2222 990 2327 1034 oc-

788 1066 1032 1128 cidente
1059 1070 1448 1142 testatorem,
1483 1066 1686 1127 locum
1722 1065 1954 1127 habeat
1981 1067 2046 1126 in
2077 1083 2181 1142 eo,
2218 1066 2325 1148 qui

483 1168 695 1211 occidente
788 1159 1016 1221 oceidit
1042 1177 1470 1238 possessorem
1497 1158 2003 1235 fideicommissi,
2055 1158 2154 1218 vel
2185 1177 2325 1218 ma-

457 1231 737 1283 ponsessorem
791 1254 804 1268 .

468 1284 708 1329 majoratus.

778 1256 1023 1332 juratus
1070 1253 1135 1313 in
1182 1270 1305 1331 quo
1351 1252 1666 1313 homicida
1711 1250 2033 1313 succedit?
2085 1253 2175 1312 De
2204 1252 2324 1312 hoc

784 1347 944 1423 late,
993 1349 1056 1407 et
1080 1345 1242 1406 bene
1281 1348 1509 1407 trac-tat
1537 1344 1765 1406 Sanch.
1800 1342 1862 1403 d.
1896 1362 1990 1404 ca.
2025 1345 2129 1405 IV.
2167 1343 2317 1406 dub.

784 1455 994 1500 xxxlx.
1035 1455 1178 1498 cum
1208 1455 1356 1515 quo,
1406 1440 1470 1498 et
1501 1455 1645 1498 cum
1677 1437 1907 1498 Molina
1929 1435 2317 1516 jurisperit0‚

785 1549 973 1612 quem
1002 1531 1201 1606 affert,
1231 1529 1569 1590 dicendum
1595 1528 1867 1590 breviter
1887 1534 1981 1590 est
2010 1529 2235 1609 prim0,
2269 1530 2319 1589 si

786 1641 1108 1684 successor
1154 1621 1399 1683 occidat
1445 1621 1649 1701 ipsum
1695 1622 1965 1700 primum
2008 1622 2321 1684 instituto·

785 1735 941 1792 rem,
975 1716 1077 1777 cui
1105 1720 1174 1776 ut
1201 1714 1402 1776 haeres
1445 1714 1783 1775 succedere
1825 1714 2134 1791 debebat,
2195 1733 2318 1775 non

782 1809 989 1890 perdit
1035 1812 1180 1869 ante
1222 1808 1601 1869 sententiam
1646 1809 2107 1869 successionem
2135 1853 2150 1883 ‚
2205 1807 2317 1866 sed

783 1906 925 1983 post
952 1901 1323 1962 sententiam
1352 1900 1705 1980 applicatur
1744 1903 1893 1961 fisco
1924 1918 2036 1978 pro
2067 1898 2202 1979 ejus
2232 1900 2318 1960 vi-

784 1999 882 2068 ta;
915 1994 1061 2075 quia
1091 1993 1326 2054 dictum
1374 1996 1504 2069 est,
1554 1992 1871 2053 haeredem
1902 2011 2025 2053 non
2054 1992 2318 2072 perdere

784 2086 1216 2148 haereditatem
1242 2086 1376 2163 ipso
1403 2086 1592 2162 tact0,
1618 2103 1732 2146 nec
1760 2086 2023 2147 transire
2053 2085 2135 2145 ad
2165 2085 2319 2147 alios

784 2180 1086 2255 haeredeS,
1120 2179 1230 2239 sed
1258 2183 1400 2258 post
1426 2179 1799 2240 sententiam
1828 2182 1898 2239 ut
1927 2179 2111 2240 detur
2139 2179 2311 2240 fisco.

785 2273 1070 2336 Secundo
1092 2319 1110 2346 ‚
1162 2272 1216 2333 si
1245 2290 1370 2333 non
1400 2272 1672 2334 debebat
1701 2272 2059 2350 succedere,
2092 2276 2164 2333 ut
2190 2272 2319 2334 hae-

783 2386 903 2444 reS,
937 2366 1047 2427 sed
1075 2369 1145 2427 ut
1169 2364 1507 2444 legatarius
1549 2366 1648 2426 vel
1677 2365 2312 2441 fideicommissarius,

781 2459 882 2519 vel
914 2477 987 2518 ex
1018 2457 1352 2519 donatione
1401 2456 1481 2517 ad
1511 2462 1733 2518 nutum
1760 2459 2097 2519 revocabili
2123 2505 2139 2535 ,
2181 2458 2315 2537 ipso

782 2553 946 2614 facto
978 2550 1284 2612 amittitur
1321 2554 1385 2611 et
1410 2555 1744 2612 revocatur
1781 2550 2096 2629 legatum;
2156 2550 2320 2612 sicut

780 2646 861 2706 de
889 2645 1025 2706 aliis
1053 2644 1275 2723 legatis
1324 2647 1387 2706 et
1431 2642 1871 2705 donationibus
1913 2643 2151 2705 dictum
2200 2648 2312 2720 est,

781 2737 1063 2799 revocari
1100 2737 1233 2816 ipso
1262 2735 1428 2797 facto
1472 2735 1552 2797 ob
1583 2735 1665 2814 inj
1676 2736 1874 2796 uriam
1902 2754 2160 2814 gravem
2188 2735 2317 2795 illa-

780 2838 943 2904 tam,
981 2836 1044 2891 et
1069 2834 1219 2891 tunc
1245 2829 1511 2890 transire
1542 2827 1729 2889 debet
1756 2828 1836 2888 ad
1864 2847 2309 2889 successorem.

781 2924 990 2986 Tertio
1026 2970 1042 3000 ,
1092 2921 1142 2982 si
1186 2921 1303 2983 fuit
1347 2921 1663 2983 institutus
1693 2920 2035 3000 majoratus
2063 2940 2177 3000 per
2204 2921 2318 2982 do-

782 3017 1096 3078 nationem
1126 3014 1635 3091 irrevocabilem,
1672 3032 1795 3074 non
1824 3019 2159 3075 revocatur
2181 3014 2314 3093 ipso

772 3109 952 3191 jure:
986 3106 1134 3187 quia
1160 3104 1388 3185 injuria
1417 3105 1725 3166 donatarii
1754 3124 1878 3166 non
1899 3106 2183 3167 annullat
2210 3107 2317 3167 do-

780 3203 1097 3265 nationem
1126 3198 1622 3276 irrevocabilem,
1647 3199 1756 3259 sed
1778 3199 1887 3260 dat
1902 3198 2006 3278 jus
2029 3199 2318 3262 donatori

776 3293 1114 3358 revocandi
1154 3296 1410 3371 propter
1454 3291 1966 3369 ingratitudinem
1992 3339 2006 3367 ‚
2058 3298 2128 3355 ut
2156 3293 2314 3353 vidi·

777 3406 916 3449 mus
941 3387 1101 3467 disp.
1137 3384 1406 3465 praeced.
1467 3384 1647 3447 Unde
1695 3389 1916 3464 quarto
1965 3385 2069 3463 fit,
2145 3387 2314 3465 quod

778 3498 994 3544 omnes
1021 3479 1129 3540 alii
1156 3494 1549 3538 successores
1569 3482 1799 3555 praeter
1817 3475 2112 3556 primum,
2134 3478 2184 3539 si
2216 3497 2315 3540 oc-

776 3575 988 3636 cidant
1001 3569 1750 3652 possessorem‚amittunt
1766 3571 1901 3649 ipso
1914 3569 2056 3650 jure
2073 3590 2314 3632 succes-

775 3669 1014 3729 sionem
1039 3712 1055 3742 ,
1113 3668 1176 3725 et
1217 3662 1442 3725 transit
1487 3662 1566 3722 ad
1594 3681 2021 3724 successorem
2049 3683 2314 3744 sequen·

773 3765 941 3823 tem:
976 3757 1123 3837 quia
1156 3756 1200 3815 ii
1229 3773 1447 3817 omnes
1475 3773 1600 3815 non
1629 3754 1977 3816 succedunt
2008 3761 2080 3817 ut
2108 3756 2310 3817 haere-

775 3854 906 3928 des,
941 3850 1052 3911 sed
1082 3868 1158 3909 ex
1181 3847 1665 3909 fideicommisso
1686 3894 1701 3923 ,
1753 3848 1816 3907 in
1846 3865 1968 3927 quo
2009 3867 2122 3927 per
2150 3848 2313 3929 inju.

773 3946 932 4007 riam
960 3945 1294 4003 revocatur
1321 3940 1457 4019 ipso
1480 3939 1624 4019 jure
1653 3940 1930 4019 legatum
1950 3988 1968 4014 ,
2003 3942 2101 4002 vel
2134 3942 2313 4002 fidei-

773 4036 1197 4111 commissum,
1232 4037 1295 4094 et
1313 4032 1599 4113 quamvis
1620 4051 1746 4093 non
1775 4034 1900 4094 sint
1917 4034 2148 4112 ingrati
2171 4053 2313 4113 pos-

772 4129 1020 4206 sessori,
1053 4147 1093 4188 a
1113 4145 1236 4207 quo
1259 4125 1497 4186 nullum
1511 4124 1886 4186 beneficium
1904 4133 2306 4206 acceperunt,

771 4228 916 4287 sunt
943 4220 1172 4301 ingrati
1192 4217 1532 4279 institutori
1553 4217 1896 4279 occidendo
1926 4237 2092 4295 eum,
2123 4237 2311 4299 quem

772 4319 904 4399 ipse
931 4314 1128 4377 voluit
1157 4312 1277 4372 illis
1303 4312 1625 4390 praeserre.
1683 4314 1817 4372 Hoc
1846 4315 2060 4372 autem
2089 4312 2310 4373 intelli-

771 4411 957 4491 gitur,
993 4405 1245 4489 quando
1264 4404 1607 4482 majoratus
1625 4407 2024 4482 testamentO,
2046 4406 2145 4465 vel
2162 4423 2311 4466 con-

769 4506 974 4567 tractu
1021 4498 1101 4560 ad
1149 4501 1369 4558 nutum
1428 4496 1763 4557 revocabili
1807 4496 2123 4559 institutus
2169 4498 2304 4560 fuit.

772 4596 1020 4671 Quinto,
1054 4591 1107 4652 si
1135 4589 1477 4669 majoratus
1506 4589 1826 4650 institutus
1855 4589 1938 4651 sit
1965 4609 2077 4668 pro
2109 4590 2307 4652 haere·

771 4688 955 4749 dibus
983 4682 1348 4745 necessariis
1378 4700 1452 4742 ex
1478 4682 1762 4760 legitima
1791 4681 1879 4743 eis
1908 4683 2120 4746 debita
2150 4685 2303 4762 sola,

768 4782 869 4844 vel
915 4798 992 4839 ex
1020 4778 1128 4839 illa
1156 4780 1219 4837 et
1264 4774 1384 4835 alia
1413 4777 1589 4852 parte
1634 4793 1758 4835 non
1789 4775 2037 4854 debita,
2091 4796 2309 4838 omnes

769 4869 1176 4952 computandi
1204 4872 1351 4929 sunt
1379 4872 1446 4928 ut
1475 4866 1780 4944 haeredeS,
1807 4869 1953 4947 quia
1974 4869 2308 4930 necessarii

769 4964 1052 5027 haeredes
1080 4966 1225 5023 sunt
1253 4960 1474 5021 saltem
1503 4963 1745 5037 partem
1768 5006 1784 5035 ,
1837 4964 1899 5022 et
1940 4979 2082 5021 cum
2113 4962 2195 5022 sit
2221 4962 2311 5022 in-

768 5059 1117 5131 dividuum,
1148 5059 1350 5116 totum
1380 5062 1672 5113 censetur
1692 5053 1902 5114 venire
1931 5053 2072 5131 illis,
2098 5060 2170 5115 ut
2187 5055 2309 5116 hae-

764 5151 1052 5223 redibus;
1074 5152 1137 5209 et
1162 5146 1302 5208 ideo
1320 5163 1444 5205 non
1469 5145 1776 5207 amittitur
1792 5146 1925 5225 ipso
1947 5148 2089 5226 jure
2118 5148 2308 5209 etiam

763 5244 1088 5308 interfecto
1137 5238 1339 5320 primo
1387 5238 1740 5300 institutore
1782 5238 1962 5318 juxta
1992 5259 2183 5320 supra
2212 5240 2303 5301 di·

764 5343 887 5416 cta,
919 5336 1029 5398 sed
1049 5335 1329 5396 aufertur
1358 5330 1437 5392 ab
1458 5349 1532 5392 eo
1551 5335 1622 5393 ut
1646 5330 1926 5410 indigno,
1961 5336 2024 5393 et
2050 5333 2303 5396 dabitur

2426 415 2740 494 indebitis,
2774 415 2942 477 idem
2971 415 3308 478 dicendum
3335 416 3482 495 erit,
3515 415 3675 479 sicut
3703 417 3958 499 quando

2426 510 2768 573 instituitur
2795 528 2909 590 pro
2940 510 3273 600 extraneis.

2859 946 3282 1030 SECTIO
3371 946 3481 1029 Vl.

2423 1251 2546 1328 An,
2578 1259 2632 1312 et
2659 1250 2941 1331 quomodo
2971 1250 3094 1332 filii
3112 1251 3306 1333 spurii
3315 1270 3389 1312 ex
3407 1259 3746 1313 testamento
3762 1251 3958 1333 patris

2904 1357 3166 1438 accipere
3186 1358 3430 1439 possint.

2500 1622 2570 1682 In
2600 1621 2717 1682 hoc
2747 1625 2974 1700 puncto
3022 1622 3233 1702 aliqua
3272 1623 3351 1683 ad
3391 1622 3650 1704 juristas
3695 1623 3950 1685 omnino

2420 1714 2773 1792 pertinent,
2826 1733 2966 1794 quae
3012 1714 3131 1775 illis
3171 1715 3394 1796 majori
3433 1735 3508 1777 ex
3551 1720 3727 1795 parte
3756 1717 3948 1777 relin-

2420 1806 2668 1886 quenda
2697 1811 2861 1884 sunt,
2896 1825 3121 1885 nempe
3152 1809 3402 1887 quando
3433 1815 3496 1871 et
3524 1809 3841 1890 quomodo
3872 1828 3951 1870 ex

2415 1898 2659 1978 legibus
2686 1899 2796 1960 mii
2825 1902 3141 1960 naturales
3169 1901 3508 1962 succedere
3538 1903 3812 1964 debeant
3837 1922 3952 1983 pa—

2414 1992 2696 2054 rentibus
2718 2039 2734 2069 ,
2795 1995 2893 2054 vel
2939 1994 3416 2072 consanguineis
3445 2014 3520 2056 ex
3549 2000 3946 2073 testamenta,

2415 2086 2516 2147 vel
2543 2087 2624 2147 ab
2653 2087 2966 2163 intestato,
3001 2090 3064 2148 et
3091 2105 3125 2147 e
3155 2092 3371 2149 contra
3392 2094 3703 2167 parenteS,
3728 2089 3826 2151 vel
3856 2107 3953 2150 as·

2417 2179 2754 2241 cendentes
2785 2179 2882 2239 his
2910 2179 3074 2240 filiis.
3110 2181 3265 2242 Item
3294 2183 3569 2261 quandO,
3603 2187 3665 2244 et
3694 2200 3952 2263 quomo·

2417 2273 2495 2332 do
2527 2290 2603 2332 ex
2631 2272 2962 2351 privilegio
3014 2272 3312 2353 principis
3340 2275 3538 2352 possit
3565 2275 3728 2336 filius
3758 2275 3952 2351 illegi-

2416 2364 2604 2425 timus
2631 2364 2999 2443 legitimari,
3052 2369 3115 2426 et
3142 2384 3222 2425 an
3253 2385 3327 2426 ea
3355 2367 3725 2446 legitimatio
3754 2368 3953 2448 possit

2417 2474 2550 2516 esse
2579 2455 2642 2516 in
2672 2457 3105 2536 praejudicium
3134 2459 3319 2535 tertii,
3346 2466 3408 2521 et
3425 2460 3548 2521 alia
3564 2460 3945 2540 hujusmodi.

2417 2548 2640 2627 Aliqua
2668 2566 2816 2608 vero
2838 2553 2984 2610 sunt
3003 2568 3141 2628 quae
3158 2556 3444 2630 spectant
3464 2553 3662 2632 magis
3679 2553 3756 2613 ad
3775 2553 3951 2614 theo-

2416 2640 2650 2719 logum,
2673 2659 2785 2719 pro
2808 2642 2984 2719 praxi
3005 2644 3371 2721 quotidiana
3386 2646 3801 2722 conscientiae,
3824 2665 3952 2726 qua

2417 2733 2647 2813 passim
2665 2733 2938 2795 dubitari
2953 2735 3110 2796 solet
3124 2736 3202 2796 de
3215 2737 3625 2816 obligationes
3639 2738 3789 2799 nihil
3800 2738 3953 2799 dan-

2417 2827 2606 2904 di,vei
2626 2826 3016 2906 relinquendi
3029 2827 3170 2888 filiis
3181 2828 3427 2907 spuriiS,
3450 2834 3513 2891 et
3528 2830 3605 2890 de
3620 2830 3955 2909 obligatio-

2417 2939 2494 2979 ne
2520 2918 2822 2999 ejusdem
2862 2921 3056 2999 spurii
3100 2922 3179 2981 ad
3224 2922 3609 2984 restituenda
3651 2923 3740 2984 sic
3769 2942 3955 2985 acce-

2416 3017 2544 3092 pta.

2495 3105 2703 3166 Primo
2733 3124 2883 3184 ergo
2913 3107 3393 3186 supponendum
3422 3108 3695 3169 breviter
3723 3114 3845 3186 est,
3873 3111 3958 3170 fl·-

2414 3199 2530 3260 lios
2558 3199 2913 3277 illegitimos
2943 3201 3249 3279 quosdam
3277 3199 3577 3281 appellari
3610 3203 3949 3281 naturaleS,

2417 3292 2721 3371 quosdam
2751 3292 3016 3371 spurioS.
3061 3294 3388 3355 Naturales
3412 3342 3427 3371 ‚
3464 3294 3706 3355 omissis
3754 3295 3957 3355 omni-

2414 3384 2532 3445 bus
2558 3383 3026 3463 acceptionibus
3056 3385 3426 3464 antiquioris
3447 3385 3473 3466 j
3484 3387 3630 3463 uriS,
3657 3387 3958 3449 dicuntur

2404 3478 2540 3557 jam
2570 3495 2787 3538 omnes
2815 3477 2923 3554 illi,
2959 3478 3066 3558 qui
3094 3479 3381 3558 concepti
3410 3480 3510 3540 vel
3540 3480 3670 3542 nati
3699 3485 3844 3543 sunt
3869 3500 3956 3542 ex

2413 3571 2775 3649 parentibus
2802 3570 3039 3647 solutiS‚
3074 3571 3194 3633 hoc
3222 3578 3353 3649 est,
3403 3573 3647 3650 liberiS,
3694 3578 3764 3634 ut
3809 3592 3956 3653 pos·

2413 3668 2554 3725 sent
2581 3664 2743 3724 inter
2769 3682 2835 3724 se
2864 3665 3334 3726 matrimonium
3362 3666 3751 3728 contrahere.
3787 3670 3958 3746 Spu-

2412 3756 2485 3816 rii
2516 3756 2809 3817 dicuntur
2835 3756 2938 3816 alii
2969 3775 3187 3819 omnes
3221 3779 3236 3820 :
3287 3759 3417 3820 sive
3448 3777 3596 3838 ergo
3626 3766 3828 3821 mater
3854 3780 3955 3822 es-

2411 3855 2506 3911 set
2533 3849 2880 3910 concubina
2910 3843 3082 3910 domi
3111 3855 3356 3912 retenta
3376 3899 3391 3928 ,
3445 3852 3573 3913 slve
3604 3871 3751 3929 non,
3783 3851 3955 3914 filius

2413 3942 2712 4003 naturalis
2740 3941 2990 4018 dicitur,
3016 3944 3070 4003 si
3099 3962 3242 4003 cum
3265 3962 3340 4004 ea
3360 3948 3607 4022 poterat
3628 3946 3954 4007 matrimo-

2411 4034 2584 4094 nium
2614 4034 2919 4096 contrahi.
2957 4035 3135 4096 Unde
3165 4035 3269 4114 qui
3301 4036 3490 4097 etiam
3511 4056 3585 4097 ex
3613 4038 3855 4117 virgine
3882 4040 3952 4100 vi

2411 4140 2790 4206 compressa,
2812 4128 2910 4187 vel
2928 4145 3004 4187 ex
3033 4128 3260 4188 clerico
3288 4128 3353 4187 in
3382 4130 3727 4191 minoribus
3756 4132 3952 4192 etiam

2408 4220 2807 4281 beneficiario
2843 4240 2856 4282 ε
2892 4238 2968 4280 ex
2993 4220 3285 4300 religioso
3316 4221 3528 4300 etiam,
3562 4222 3660 4283 vel
3690 4223 3948 4285 moniali

2410 4312 2659 4374 novitiis
2680 4358 2696 4389 ‚
2747 4312 2927 4392 cujus
2972 4314 3357 4375 contrarium
3405 4313 3560 4377 dixit
3590 4316 3946 4379 Sarmiento

2410 4404 2487 4465 de
2518 4405 2750 4466 novitio
2777 4453 2792 4482 ,
2844 4410 2906 4467 et
2951 4406 3176 4467 clerico
3229 4406 3608 4469 beneficario
3638 4408 3746 4469 lib.
3779 4413 3826 4471 1.
3857 4429 3949 4473 se-

2409 4497 2539 4559 lect.
2574 4516 2628 4560 c.
2664 4517 2724 4560 v.
2758 4518 2864 4560 nu.
2896 4503 2955 4560 7.
2983 4503 3045 4559 et
3071 4500 3475 4577 sequentibus
3499 4546 3515 4576 ,
3566 4505 3629 4562 et
3654 4502 3760 4561 alii
3788 4521 3948 4581 quos

2409 4593 2591 4654 affert
2621 4592 2851 4654 Sanch.
2887 4591 2949 4652 d.
2981 4591 3088 4652 lib.
3124 4594 3227 4655 lv.
3262 4611 3316 4653 c.
3352 4609 3445 4653 m.
3482 4594 3632 4656 dub.
3669 4612 3760 4658 111.
3796 4597 3948 4676 quia

2409 4684 2476 4744 hi
2494 4703 2618 4745 non
2648 4688 2793 4745 sunt
2820 4685 3185 4764 simpliciter
3210 4685 3419 4762 soluti,
3454 4686 3563 4746 sed
3595 4691 3665 4748 ut
3691 4693 3948 4749 eontra-

2409 4776 2564 4837 hant
2589 4777 3059 4838 matrimonium
3082 4823 3098 4853 ,
3145 4775 3378 4839 debent
3418 4778 3774 4859 relinquere
3814 4786 3947 4842 sta-

2407 4873 2544 4930 tum
2571 4869 2767 4929 illum.
2820 4871 2952 4929 Hoc
2993 4875 3202 4932 tamen
3233 4889 3457 4949 parum
3489 4871 3738 4949 obstat,
3795 4875 3947 4952 quia

2408 4961 2511 5020 ille
2541 4961 2646 5041 qui
2677 4980 2743 5022 se
2772 4961 3012 5023 solvere
3041 4967 3286 5041 potest,
3336 4963 3577 5025 solutus
3615 4970 3940 5041 censetur;

2409 5054 2758 5133 praesertim
2805 5073 2948 5115 cum
2994 5055 3232 5134 absque
3280 5056 3406 5117 ulla
3460 5057 3583 5117 alia
3634 5058 3945 5120 solutione

2409 5147 2751 5226 praemissa,
2782 5148 2834 5209 si
2862 5154 3012 5210 tunc
3040 5148 3523 5226 contraherent,
3556 5151 3761 5212 valide
3791 5168 3946 5212 con-

2408 5240 2750 5303 traherent.
2804 5242 3007 5316 Quare
3053 5241 3224 5302 illam
3266 5241 3622 5321 opinionem
3651 5244 3948 5323 rejiciunt

2399 5332 2524 5410 alii,
2559 5352 2716 5413 quos
2744 5334 2966 5411 affert,
3000 5339 3064 5396 et
3090 5333 3377 5415 sequitur
3405 5337 3595 5416 Vasq.
3630 5354 3727 5399 ca.
3765 5339 3840 5403 V.
3870 5337 3947 5400 de

763 5434 913 5494 fisco
957 5446 1071 5509 pro
1118 5426 1251 5507 ejus
1278 5425 1427 5486 vita.
1476 5424 1541 5486 Si
1589 5428 1801 5486 autem
1829 5424 1909 5486 sit
1937 5426 2191 5488 omnino
2222 5444 2299 5487 ex
2398 5435 2623 5489 testam.
2655 5428 2711 5507 ς.
2747 5445 2815 5490 11.
2855 5446 3025 5489 num.
3061 5431 3159 5490 28.
3195 5432 3257 5489 et
3286 5429 3514 5490 Sanch.
3549 5432 3611 5491 d.
3645 5430 3794 5492 dub.
3830 5433 3937 5495 111.
