<?xml version="1.0" encoding="UTF-8"?>
<!DOCTYPE html PUBLIC "-//W3C//DTD XHTML 1.0 Transitional//EN"
    "http://www.w3.org/TR/xhtml1/DTD/xhtml1-transitional.dtd">
<html xmlns="http://www.w3.org/1999/xhtml" xml:lang="en" lang="en">
 <head>
  <title>
</title>
<meta http-equiv="Content-Type" content="text/html;charset=utf-8" />
  <meta name='ocr-system' content='tesseract 3.04.00' />
  <meta name='ocr-capabilities' content='ocr_page ocr_carea ocr_par ocr_line ocrx_word'/>
</head>
<body>
  <div class='ocr_page' id='page_1' title='image "./joannisdelugodi00lugogoog_0622.png"; bbox 0 0 4263 6376; ppageno 0'>
   <div class='ocr_carea' id='block_1_1' title="bbox 817 3055 895 3113">
    <p class='ocr_par' dir='ltr' id='par_1_1' title="bbox 817 3055 895 3113">
     <span class='ocr_line' id='line_1_1' title="bbox 817 3055 895 3113; baseline 0 0"><span class='ocrx_word' id='word_1_1' title='bbox 817 3055 895 3113; x_wconf 86' lang='lat'>79</span> 
     </span>
    </p>
   </div>
   <div class='ocr_carea' id='block_1_2' title="bbox 738 3178 995 3396">
    <p class='ocr_par' dir='ltr' id='par_1_2' title="bbox 759 3178 973 3287">
     <span class='ocr_line' id='line_1_2' title="bbox 759 3178 970 3231; baseline 0.014 -11"><span class='ocrx_word' id='word_1_2' title='bbox 759 3178 970 3231; x_wconf 81' lang='lat' dir='ltr'><strong>Quomodo</strong></span> 
     </span>
     <span class='ocr_line' id='line_1_3' title="bbox 789 3235 973 3287; baseline 0.016 -14"><span class='ocrx_word' id='word_1_3' title='bbox 789 3235 902 3287; x_wconf 77' lang='lat' dir='ltr'>justit</span> <span class='ocrx_word' id='word_1_4' title='bbox 910 3235 953 3276; x_wconf 63' lang='lat' dir='ltr'>iz</span> <span class='ocrx_word' id='word_1_5' title='bbox 970 3258 973 3259; x_wconf 41' lang='lat'><em>⁷</em></span> 
     </span>
    </p>

    <p class='ocr_par' dir='ltr' id='par_1_3' title="bbox 738 3286 995 3396">
     <span class='ocr_line' id='line_1_4' title="bbox 738 3286 995 3330; baseline 0.008 -2"><span class='ocrx_word' id='word_1_6' title='bbox 738 3286 995 3330; x_wconf 75' lang='lat' dir='ltr'>distributiva</span> 
     </span>
     <span class='ocr_line' id='line_1_5' title="bbox 772 3341 959 3396; baseline 0.005 -14"><span class='ocrx_word' id='word_1_7' title='bbox 772 3341 843 3384; x_wconf 82' lang='lat' dir='ltr'>det</span> <span class='ocrx_word' id='word_1_8' title='bbox 875 3342 959 3396; x_wconf 72' lang='lat' dir='ltr'>jus.</span> 
     </span>
    </p>
   </div>
   <div class='ocr_carea' id='block_1_3' title="bbox 1078 353 1196 414">
    <p class='ocr_par' dir='ltr' id='par_1_4' title="bbox 1078 353 1196 414">
     <span class='ocr_line' id='line_1_6' title="bbox 1078 353 1196 414; baseline 0.008 -2"><span class='ocrx_word' id='word_1_9' title='bbox 1078 353 1196 414; x_wconf 78' lang='lat'>596</span> 
     </span>
    </p>
   </div>
   <div class='ocr_carea' id='block_1_4' title="bbox 1034 528 2617 5638">
    <p class='ocr_par' dir='ltr' id='par_1_5' title="bbox 1064 528 2617 3025">
     <span class='ocr_line' id='line_1_7' title="bbox 1079 528 2614 608; baseline 0 -18"><span class='ocrx_word' id='word_1_10' title='bbox 1079 535 1149 592; x_wconf 92' lang='lat' dir='ltr'>ut</span> <span class='ocrx_word' id='word_1_11' title='bbox 1180 530 1316 591; x_wconf 90' lang='lat' dir='ltr'>talis</span> <span class='ocrx_word' id='word_1_12' title='bbox 1345 533 1438 590; x_wconf 86' lang='lat' dir='ltr'>est</span> <span class='ocrx_word' id='word_1_13' title='bbox 1469 550 1483 587; x_wconf 91' lang='lat'><strong>:</strong></span> <span class='ocrx_word' id='word_1_14' title='bbox 1517 529 1653 590; x_wconf 63' lang='lat' dir='ltr'>haec</span> <span class='ocrx_word' id='word_1_15' title='bbox 1682 529 1849 588; x_wconf 90' lang='lat' dir='ltr'>enim</span> <span class='ocrx_word' id='word_1_16' title='bbox 1877 528 2078 589; x_wconf 91' lang='lat' dir='ltr'>solum</span> <span class='ocrx_word' id='word_1_17' title='bbox 2122 529 2409 606; x_wconf 79' lang='lat' dir='ltr'>intendit,</span> <span class='ocrx_word' id='word_1_18' title='bbox 2445 530 2614 608; x_wconf 88' lang='lat' dir='ltr'>quod</span> 
     </span>
     <span class='ocr_line' id='line_1_8' title="bbox 1078 621 2616 702; baseline 0 -20"><span class='ocrx_word' id='word_1_19' title='bbox 1078 623 1362 683; x_wconf 84' lang='lat' dir='ltr'>membra</span> <span class='ocrx_word' id='word_1_20' title='bbox 1389 621 1763 701; x_wconf 84' lang='lat' dir='ltr'>participent</span> <span class='ocrx_word' id='word_1_21' title='bbox 1793 640 1934 681; x_wconf 90' lang='lat' dir='ltr'>cum</span> <span class='ocrx_word' id='word_1_22' title='bbox 1963 624 2365 702; x_wconf 77' lang='lat' dir='ltr'>proportione</span> <span class='ocrx_word' id='word_1_23' title='bbox 2405 622 2616 684; x_wconf 88' lang='lat' dir='ltr'>debita</span> 
     </span>
     <span class='ocr_line' id='line_1_9' title="bbox 1078 715 2617 794; baseline 0.001 -19"><span class='ocrx_word' id='word_1_24' title='bbox 1078 734 1153 775; x_wconf 85' lang='lat' dir='ltr'>ex</span> <span class='ocrx_word' id='word_1_25' title='bbox 1182 715 1360 776; x_wconf 91' lang='lat' dir='ltr'>bonis</span> <span class='ocrx_word' id='word_1_26' title='bbox 1392 715 1828 776; x_wconf 88' lang='lat' dir='ltr'>communibus</span> <span class='ocrx_word' id='word_1_27' title='bbox 1864 736 1877 776; x_wconf 89' lang='lat'>:</span> <span class='ocrx_word' id='word_1_28' title='bbox 1912 716 2113 794; x_wconf 90' lang='lat' dir='ltr'>posita</span> <span class='ocrx_word' id='word_1_29' title='bbox 2143 721 2356 776; x_wconf 86' lang='lat' dir='ltr'>autem</span> <span class='ocrx_word' id='word_1_30' title='bbox 2386 717 2488 776; x_wconf 88' lang='lat' dir='ltr'>illa</span> <span class='ocrx_word' id='word_1_31' title='bbox 2518 736 2617 776; x_wconf 88' lang='lat' dir='ltr'>re-</span> 
     </span>
     <span class='ocr_line' id='line_1_10' title="bbox 1077 808 2615 887; baseline 0 -19"><span class='ocrx_word' id='word_1_32' title='bbox 1077 809 1423 884; x_wconf 83' lang='lat' dir='ltr'>stitutione,</span> <span class='ocrx_word' id='word_1_33' title='bbox 1459 808 1710 885; x_wconf 83' lang='lat' dir='ltr'>dignior</span> <span class='ocrx_word' id='word_1_34' title='bbox 1738 809 2145 887; x_wconf 77' lang='lat' dir='ltr'>participaret</span> <span class='ocrx_word' id='word_1_35' title='bbox 2173 810 2249 869; x_wconf 88' lang='lat' dir='ltr'>de</span> <span class='ocrx_word' id='word_1_36' title='bbox 2280 809 2464 870; x_wconf 86' lang='lat' dir='ltr'>bonis</span> <span class='ocrx_word' id='word_1_37' title='bbox 2495 810 2615 869; x_wconf 89' lang='lat' dir='ltr'>ele-</span> 
     </span>
     <span class='ocr_line' id='line_1_11' title="bbox 1076 901 2612 980; baseline 0.001 -18"><span class='ocrx_word' id='word_1_38' title='bbox 1076 901 1285 976; x_wconf 77' lang='lat' dir='ltr'>ctorIS,</span> <span class='ocrx_word' id='word_1_39' title='bbox 1320 921 1439 960; x_wconf 90' lang='lat' dir='ltr'>non</span> <span class='ocrx_word' id='word_1_40' title='bbox 1464 921 1611 961; x_wconf 90' lang='lat' dir='ltr'>vero</span> <span class='ocrx_word' id='word_1_41' title='bbox 1645 902 1721 961; x_wconf 88' lang='lat' dir='ltr'>de</span> <span class='ocrx_word' id='word_1_42' title='bbox 1742 902 1920 962; x_wconf 90' lang='lat' dir='ltr'>bonis</span> <span class='ocrx_word' id='word_1_43' title='bbox 1943 903 2380 963; x_wconf 88' lang='lat' dir='ltr'>communibus</span> <span class='ocrx_word' id='word_1_44' title='bbox 2416 924 2429 964; x_wconf 91' lang='lat'>:</span> <span class='ocrx_word' id='word_1_45' title='bbox 2463 922 2612 980; x_wconf 88' lang='lat' dir='ltr'>ergo</span> 
     </span>
     <span class='ocr_line' id='line_1_12' title="bbox 1074 994 2608 1073; baseline 0.003 -20"><span class='ocrx_word' id='word_1_46' title='bbox 1074 995 1392 1072; x_wconf 87' lang='lat' dir='ltr'>proportio</span> <span class='ocrx_word' id='word_1_47' title='bbox 1427 1014 1614 1073; x_wconf 78' lang='lat' dir='ltr'>quum</span> <span class='ocrx_word' id='word_1_48' title='bbox 1639 994 1881 1072; x_wconf 86' lang='lat' dir='ltr'>justitia</span> <span class='ocrx_word' id='word_1_49' title='bbox 1911 996 2302 1056; x_wconf 81' lang='lat' dir='ltr'>distributiva</span> <span class='ocrx_word' id='word_1_50' title='bbox 2326 996 2608 1072; x_wconf 78' lang='lat' dir='ltr'>intendit,</span> 
     </span>
     <span class='ocr_line' id='line_1_13' title="bbox 1074 1088 2612 1165; baseline 0.001 -19"><span class='ocrx_word' id='word_1_51' title='bbox 1074 1106 1198 1146; x_wconf 87' lang='lat' dir='ltr'>nou</span> <span class='ocrx_word' id='word_1_52' title='bbox 1231 1089 1713 1165; x_wconf 83' lang='lat' dir='ltr'>possetrcstitui,</span> <span class='ocrx_word' id='word_1_53' title='bbox 1738 1088 1850 1146; x_wconf 89' lang='lat' dir='ltr'>nisi</span> <span class='ocrx_word' id='word_1_54' title='bbox 1868 1089 2209 1149; x_wconf 86' lang='lat' dir='ltr'>auferendo</span> <span class='ocrx_word' id='word_1_55' title='bbox 2241 1089 2612 1149; x_wconf 89' lang='lat' dir='ltr'>beneficium</span> 
     </span>
     <span class='ocr_line' id='line_1_14' title="bbox 1073 1180 2606 1261; baseline -0.001 -20"><span class='ocrx_word' id='word_1_56' title='bbox 1073 1182 1153 1241; x_wconf 88' lang='lat' dir='ltr'>ab</span> <span class='ocrx_word' id='word_1_57' title='bbox 1184 1200 1256 1242; x_wconf 89' lang='lat' dir='ltr'>eo</span> <span class='ocrx_word' id='word_1_58' title='bbox 1289 1181 1621 1241; x_wconf 88' lang='lat' dir='ltr'>cuidatum</span> <span class='ocrx_word' id='word_1_59' title='bbox 1651 1180 1784 1257; x_wconf 77' lang='lat' dir='ltr'>suit,</span> <span class='ocrx_word' id='word_1_60' title='bbox 1811 1185 1873 1241; x_wconf 88' lang='lat' dir='ltr'>et</span> <span class='ocrx_word' id='word_1_61' title='bbox 1897 1181 2104 1241; x_wconf 88' lang='lat' dir='ltr'>dando</span> <span class='ocrx_word' id='word_1_62' title='bbox 2137 1182 2289 1241; x_wconf 92' lang='lat' dir='ltr'>illud</span> <span class='ocrx_word' id='word_1_63' title='bbox 2319 1181 2606 1261; x_wconf 80' lang='lat' dir='ltr'>digniori,</span> 
     </span>
     <span class='ocr_line' id='line_1_15' title="bbox 1078 1273 2611 1353; baseline 0.002 -20"><span class='ocrx_word' id='word_1_64' title='bbox 1078 1274 1245 1352; x_wconf 88' lang='lat' dir='ltr'>quod</span> <span class='ocrx_word' id='word_1_65' title='bbox 1276 1291 1561 1351; x_wconf 88' lang='lat' dir='ltr'>suppono</span> <span class='ocrx_word' id='word_1_66' title='bbox 1592 1273 1727 1332; x_wconf 88' lang='lat' dir='ltr'>fieri</span> <span class='ocrx_word' id='word_1_67' title='bbox 1783 1292 1907 1335; x_wconf 90' lang='lat' dir='ltr'>non</span> <span class='ocrx_word' id='word_1_68' title='bbox 1936 1293 2143 1353; x_wconf 91' lang='lat' dir='ltr'>posse,</span> <span class='ocrx_word' id='word_1_69' title='bbox 2181 1293 2326 1335; x_wconf 88' lang='lat' dir='ltr'>cum</span> <span class='ocrx_word' id='word_1_70' title='bbox 2363 1275 2611 1336; x_wconf 84' lang='lat' dir='ltr'>collatio</span> 
     </span>
     <span class='ocr_line' id='line_1_16' title="bbox 1072 1365 2611 1447; baseline 0.001 -22"><span class='ocrx_word' id='word_1_71' title='bbox 1072 1365 1263 1427; x_wconf 84' lang='lat' dir='ltr'>fuerit</span> <span class='ocrx_word' id='word_1_72' title='bbox 1291 1365 1522 1426; x_wconf 87' lang='lat' dir='ltr'>valida.</span> <span class='ocrx_word' id='word_1_73' title='bbox 1557 1368 1691 1426; x_wconf 92' lang='lat' dir='ltr'>Non</span> <span class='ocrx_word' id='word_1_74' title='bbox 1724 1371 1929 1444; x_wconf 89' lang='lat' dir='ltr'>potest</span> <span class='ocrx_word' id='word_1_75' title='bbox 1958 1385 2107 1445; x_wconf 88' lang='lat' dir='ltr'>ergo</span> <span class='ocrx_word' id='word_1_76' title='bbox 2134 1366 2379 1447; x_wconf 88' lang='lat' dir='ltr'>justitia</span> <span class='ocrx_word' id='word_1_77' title='bbox 2409 1367 2611 1428; x_wconf 89' lang='lat' dir='ltr'>distri-</span> 
     </span>
     <span class='ocr_line' id='line_1_17' title="bbox 1072 1457 2611 1537; baseline 0.001 -19"><span class='ocrx_word' id='word_1_78' title='bbox 1072 1457 1289 1519; x_wconf 90' lang='lat' dir='ltr'>butiva</span> <span class='ocrx_word' id='word_1_79' title='bbox 1317 1459 1595 1537; x_wconf 81' lang='lat' dir='ltr'>obligare</span> <span class='ocrx_word' id='word_1_80' title='bbox 1651 1459 1733 1520; x_wconf 89' lang='lat' dir='ltr'>ad</span> <span class='ocrx_word' id='word_1_81' title='bbox 1788 1459 2247 1520; x_wconf 88' lang='lat' dir='ltr'>restituendum</span> <span class='ocrx_word' id='word_1_82' title='bbox 2302 1480 2375 1520; x_wconf 85' lang='lat' dir='ltr'>ex</span> <span class='ocrx_word' id='word_1_83' title='bbox 2431 1460 2611 1521; x_wconf 89' lang='lat' dir='ltr'>bonis</span> 
     </span>
     <span class='ocr_line' id='line_1_18' title="bbox 1071 1550 2606 1630; baseline 0.002 -20"><span class='ocrx_word' id='word_1_84' title='bbox 1071 1550 1353 1629; x_wconf 87' lang='lat' dir='ltr'>privatis,</span> <span class='ocrx_word' id='word_1_85' title='bbox 1386 1552 1495 1611; x_wconf 86' lang='lat' dir='ltr'>sed</span> <span class='ocrx_word' id='word_1_86' title='bbox 1534 1571 1738 1630; x_wconf 88' lang='lat' dir='ltr'>neque</span> <span class='ocrx_word' id='word_1_87' title='bbox 1797 1552 1984 1612; x_wconf 90' lang='lat' dir='ltr'>etiam</span> <span class='ocrx_word' id='word_1_88' title='bbox 2043 1572 2115 1611; x_wconf 84' lang='lat' dir='ltr'>ex</span> <span class='ocrx_word' id='word_1_89' title='bbox 2148 1553 2606 1629; x_wconf 80' lang='lat' dir='ltr'>communibuS,</span> 
     </span>
     <span class='ocr_line' id='line_1_19' title="bbox 1072 1644 2610 1724; baseline 0.001 -20"><span class='ocrx_word' id='word_1_90' title='bbox 1072 1644 1325 1722; x_wconf 88' lang='lat' dir='ltr'>quando</span> <span class='ocrx_word' id='word_1_91' title='bbox 1372 1644 1507 1724; x_wconf 88' lang='lat' dir='ltr'>jam</span> <span class='ocrx_word' id='word_1_92' title='bbox 1562 1645 1668 1705; x_wconf 92' lang='lat' dir='ltr'>illa</span> <span class='ocrx_word' id='word_1_93' title='bbox 1725 1644 1928 1705; x_wconf 78' lang='lat' dir='ltr'>valide</span> <span class='ocrx_word' id='word_1_94' title='bbox 1986 1646 2286 1707; x_wconf 88' lang='lat' dir='ltr'>translata</span> <span class='ocrx_word' id='word_1_95' title='bbox 2343 1651 2487 1707; x_wconf 91' lang='lat' dir='ltr'>sunt</span> <span class='ocrx_word' id='word_1_96' title='bbox 2549 1647 2610 1706; x_wconf 87' lang='lat' dir='ltr'>iu</span> 
     </span>
     <span class='ocr_line' id='line_1_20' title="bbox 1075 1737 2611 1818; baseline 0.002 -22"><span class='ocrx_word' id='word_1_97' title='bbox 1075 1737 1248 1799; x_wconf 62' lang='lat' dir='ltr'>alios</span> <span class='ocrx_word' id='word_1_98' title='bbox 1287 1740 1467 1816; x_wconf 66' lang='lat' dir='ltr'>Saepe</span> <span class='ocrx_word' id='word_1_99' title='bbox 1494 1742 1707 1799; x_wconf 86' lang='lat' dir='ltr'>tamen</span> <span class='ocrx_word' id='word_1_100' title='bbox 1738 1738 1872 1818; x_wconf 85' lang='lat' dir='ltr'>ejus</span> <span class='ocrx_word' id='word_1_101' title='bbox 1905 1738 2160 1799; x_wconf 89' lang='lat' dir='ltr'>violatio</span> <span class='ocrx_word' id='word_1_102' title='bbox 2222 1739 2403 1801; x_wconf 83' lang='lat' dir='ltr'>affert</span> <span class='ocrx_word' id='word_1_103' title='bbox 2457 1740 2611 1801; x_wconf 90' lang='lat' dir='ltr'>obli-</span> 
     </span>
     <span class='ocr_line' id='line_1_21' title="bbox 1073 1830 2612 1913; baseline 0.003 -24"><span class='ocrx_word' id='word_1_104' title='bbox 1073 1831 1392 1909; x_wconf 89' lang='lat' dir='ltr'>gationem</span> <span class='ocrx_word' id='word_1_105' title='bbox 1422 1830 1813 1908; x_wconf 85' lang='lat' dir='ltr'>restituendi,</span> <span class='ocrx_word' id='word_1_106' title='bbox 1849 1851 1972 1892; x_wconf 91' lang='lat' dir='ltr'>non</span> <span class='ocrx_word' id='word_1_107' title='bbox 2007 1836 2219 1893; x_wconf 88' lang='lat' dir='ltr'>tamen</span> <span class='ocrx_word' id='word_1_108' title='bbox 2253 1852 2328 1893; x_wconf 88' lang='lat' dir='ltr'>ex</span> <span class='ocrx_word' id='word_1_109' title='bbox 2368 1832 2612 1913; x_wconf 87' lang='lat' dir='ltr'>justitia</span> 
     </span>
     <span class='ocr_line' id='line_1_22' title="bbox 1074 1923 2612 2005; baseline 0.001 -21"><span class='ocrx_word' id='word_1_110' title='bbox 1074 1924 1491 2000; x_wconf 82' lang='lat' dir='ltr'>distributiva,</span> <span class='ocrx_word' id='word_1_111' title='bbox 1529 1923 1640 1983; x_wconf 89' lang='lat' dir='ltr'>sed</span> <span class='ocrx_word' id='word_1_112' title='bbox 1672 1943 1745 1982; x_wconf 84' lang='lat' dir='ltr'>ex</span> <span class='ocrx_word' id='word_1_113' title='bbox 1786 1925 2238 1986; x_wconf 88' lang='lat' dir='ltr'>commutativa</span> <span class='ocrx_word' id='word_1_114' title='bbox 2273 1947 2286 1986; x_wconf 90' lang='lat'>:</span> <span class='ocrx_word' id='word_1_115' title='bbox 2324 1926 2471 2005; x_wconf 89' lang='lat' dir='ltr'>quia</span> <span class='ocrx_word' id='word_1_116' title='bbox 2520 1926 2612 1985; x_wconf 92' lang='lat' dir='ltr'>ni-</span> 
     </span>
     <span class='ocr_line' id='line_1_23' title="bbox 1069 2016 2611 2095; baseline 0.001 -19"><span class='ocrx_word' id='word_1_117' title='bbox 1069 2016 1301 2076; x_wconf 90' lang='lat' dir='ltr'>mirum</span> <span class='ocrx_word' id='word_1_118' title='bbox 1329 2016 1497 2077; x_wconf 90' lang='lat' dir='ltr'>bona</span> <span class='ocrx_word' id='word_1_119' title='bbox 1525 2017 1629 2075; x_wconf 87' lang='lat' dir='ltr'>illa</span> <span class='ocrx_word' id='word_1_120' title='bbox 1659 2017 1746 2077; x_wconf 90' lang='lat' dir='ltr'>ita</span> <span class='ocrx_word' id='word_1_121' title='bbox 1774 2021 1955 2078; x_wconf 90' lang='lat' dir='ltr'>erant</span> <span class='ocrx_word' id='word_1_122' title='bbox 1981 2019 2362 2095; x_wconf 90' lang='lat' dir='ltr'>communia,</span> <span class='ocrx_word' id='word_1_123' title='bbox 2393 2023 2462 2080; x_wconf 93' lang='lat' dir='ltr'>ut</span> <span class='ocrx_word' id='word_1_124' title='bbox 2491 2019 2611 2078; x_wconf 89' lang='lat' dir='ltr'>sin·</span> 
     </span>
     <span class='ocr_line' id='line_1_24' title="bbox 1067 2110 2612 2190; baseline 0.003 -20"><span class='ocrx_word' id='word_1_125' title='bbox 1067 2110 1199 2188; x_wconf 88' lang='lat' dir='ltr'>guli</span> <span class='ocrx_word' id='word_1_126' title='bbox 1228 2110 1533 2171; x_wconf 88' lang='lat' dir='ltr'>haberent</span> <span class='ocrx_word' id='word_1_127' title='bbox 1561 2110 1883 2189; x_wconf 89' lang='lat' dir='ltr'>proprium</span> <span class='ocrx_word' id='word_1_128' title='bbox 1906 2110 2010 2189; x_wconf 88' lang='lat' dir='ltr'>jus</span> <span class='ocrx_word' id='word_1_129' title='bbox 2041 2111 2119 2170; x_wconf 88' lang='lat' dir='ltr'>ad</span> <span class='ocrx_word' id='word_1_130' title='bbox 2151 2130 2330 2171; x_wconf 88' lang='lat' dir='ltr'>suam</span> <span class='ocrx_word' id='word_1_131' title='bbox 2377 2113 2612 2190; x_wconf 87' lang='lat' dir='ltr'>portio-</span> 
     </span>
     <span class='ocr_line' id='line_1_25' title="bbox 1068 2203 2611 2283; baseline 0.001 -20"><span class='ocrx_word' id='word_1_132' title='bbox 1068 2221 1213 2264; x_wconf 89' lang='lat' dir='ltr'>nem</span> <span class='ocrx_word' id='word_1_133' title='bbox 1243 2203 1587 2263; x_wconf 86' lang='lat' dir='ltr'>secundum</span> <span class='ocrx_word' id='word_1_134' title='bbox 1610 2203 2030 2281; x_wconf 66' lang='lat' dir='ltr'>aequalitatem</span> <span class='ocrx_word' id='word_1_135' title='bbox 2053 2209 2115 2265; x_wconf 89' lang='lat' dir='ltr'>et</span> <span class='ocrx_word' id='word_1_136' title='bbox 2143 2205 2611 2283; x_wconf 86' lang='lat' dir='ltr'>proportionem</span> 
     </span>
     <span class='ocr_line' id='line_1_26' title="bbox 1069 2295 2613 2373; baseline 0.001 -17"><span class='ocrx_word' id='word_1_137' title='bbox 1069 2295 1541 2373; x_wconf 77' lang='lat' dir='ltr'>geometricam,</span> <span class='ocrx_word' id='word_1_138' title='bbox 1577 2299 1646 2356; x_wconf 89' lang='lat' dir='ltr'>ut</span> <span class='ocrx_word' id='word_1_139' title='bbox 1671 2296 1723 2355; x_wconf 91' lang='lat' dir='ltr'>si</span> <span class='ocrx_word' id='word_1_140' title='bbox 1754 2315 1827 2354; x_wconf 83' lang='lat' dir='ltr'>ex</span> <span class='ocrx_word' id='word_1_141' title='bbox 1887 2300 2262 2358; x_wconf 89' lang='lat' dir='ltr'>testamento</span> <span class='ocrx_word' id='word_1_142' title='bbox 2310 2297 2613 2358; x_wconf 88' lang='lat' dir='ltr'>deberent</span> 
     </span>
     <span class='ocr_line' id='line_1_27' title="bbox 1069 2388 2611 2467; baseline 0.001 -19"><span class='ocrx_word' id='word_1_143' title='bbox 1069 2388 1360 2448; x_wconf 87' lang='lat' dir='ltr'>distribui</span> <span class='ocrx_word' id='word_1_144' title='bbox 1388 2388 1553 2449; x_wconf 91' lang='lat' dir='ltr'>bona</span> <span class='ocrx_word' id='word_1_145' title='bbox 1582 2389 1743 2450; x_wconf 89' lang='lat' dir='ltr'>inter</span> <span class='ocrx_word' id='word_1_146' title='bbox 1760 2389 2003 2467; x_wconf 85' lang='lat' dir='ltr'>aliquos</span> <span class='ocrx_word' id='word_1_147' title='bbox 2035 2390 2328 2467; x_wconf 87' lang='lat' dir='ltr'>collegas,</span> <span class='ocrx_word' id='word_1_148' title='bbox 2363 2396 2611 2452; x_wconf 81' lang='lat' dir='ltr'>servata</span> 
     </span>
     <span class='ocr_line' id='line_1_28' title="bbox 1065 2481 2609 2561; baseline 0.003 -20"><span class='ocrx_word' id='word_1_149' title='bbox 1065 2482 1471 2561; x_wconf 86' lang='lat' dir='ltr'>proportione</span> <span class='ocrx_word' id='word_1_150' title='bbox 1501 2481 1924 2560; x_wconf 89' lang='lat' dir='ltr'>geometrica:</span> <span class='ocrx_word' id='word_1_151' title='bbox 1957 2487 2104 2543; x_wconf 88' lang='lat' dir='ltr'>tunc</span> <span class='ocrx_word' id='word_1_152' title='bbox 2148 2483 2315 2542; x_wconf 91' lang='lat' dir='ltr'>enim</span> <span class='ocrx_word' id='word_1_153' title='bbox 2358 2483 2609 2545; x_wconf 84' lang='lat' dir='ltr'>violatio</span> 
     </span>
     <span class='ocr_line' id='line_1_29' title="bbox 1065 2574 2604 2653; baseline 0.001 -19"><span class='ocrx_word' id='word_1_154' title='bbox 1065 2575 1230 2635; x_wconf 91' lang='lat' dir='ltr'>illius</span> <span class='ocrx_word' id='word_1_155' title='bbox 1251 2575 1668 2653; x_wconf 88' lang='lat' dir='ltr'>proportionis</span> <span class='ocrx_word' id='word_1_156' title='bbox 1692 2574 1997 2653; x_wconf 84' lang='lat' dir='ltr'>obligaret</span> <span class='ocrx_word' id='word_1_157' title='bbox 2014 2574 2098 2635; x_wconf 89' lang='lat' dir='ltr'>ad</span> <span class='ocrx_word' id='word_1_158' title='bbox 2124 2576 2604 2653; x_wconf 88' lang='lat' dir='ltr'>restitutionem,</span> 
     </span>
     <span class='ocr_line' id='line_1_30' title="bbox 1069 2667 2611 2748; baseline 0.001 -20"><span class='ocrx_word' id='word_1_159' title='bbox 1069 2668 1218 2748; x_wconf 88' lang='lat' dir='ltr'>quia</span> <span class='ocrx_word' id='word_1_160' title='bbox 1248 2668 1475 2745; x_wconf 85' lang='lat' dir='ltr'>singuli</span> <span class='ocrx_word' id='word_1_161' title='bbox 1509 2667 1813 2727; x_wconf 86' lang='lat' dir='ltr'>haberent</span> <span class='ocrx_word' id='word_1_162' title='bbox 1833 2669 1937 2745; x_wconf 91' lang='lat' dir='ltr'>jus</span> <span class='ocrx_word' id='word_1_163' title='bbox 1969 2686 2043 2726; x_wconf 83' lang='lat' dir='ltr'>ex</span> <span class='ocrx_word' id='word_1_164' title='bbox 2064 2667 2089 2747; x_wconf 91' lang='lat' dir='ltr'><strong>j</strong></span> <span class='ocrx_word' id='word_1_165' title='bbox 2100 2668 2310 2730; x_wconf 84' lang='lat' dir='ltr'>ustitia</span> <span class='ocrx_word' id='word_1_166' title='bbox 2327 2687 2611 2730; x_wconf 86' lang='lat' dir='ltr'>commu-</span> 
     </span>
     <span class='ocr_line' id='line_1_31' title="bbox 1068 2761 2607 2839; baseline -0.001 -16"><span class='ocrx_word' id='word_1_167' title='bbox 1068 2761 1263 2823; x_wconf 87' lang='lat' dir='ltr'>tativa</span> <span class='ocrx_word' id='word_1_168' title='bbox 1289 2762 1369 2822; x_wconf 89' lang='lat' dir='ltr'>ad</span> <span class='ocrx_word' id='word_1_169' title='bbox 1412 2761 1789 2839; x_wconf 86' lang='lat' dir='ltr'>portionem,</span> <span class='ocrx_word' id='word_1_170' title='bbox 1829 2779 1968 2839; x_wconf 83' lang='lat' dir='ltr'>quae</span> <span class='ocrx_word' id='word_1_171' title='bbox 2008 2761 2357 2822; x_wconf 88' lang='lat' dir='ltr'>secundum</span> <span class='ocrx_word' id='word_1_172' title='bbox 2398 2761 2607 2823; x_wconf 89' lang='lat' dir='ltr'>distri-</span> 
     </span>
     <span class='ocr_line' id='line_1_32' title="bbox 1064 2853 2608 2932; baseline -0.001 -17"><span class='ocrx_word' id='word_1_173' title='bbox 1064 2855 1387 2916; x_wconf 89' lang='lat' dir='ltr'>butionem</span> <span class='ocrx_word' id='word_1_174' title='bbox 1418 2853 1816 2932; x_wconf 66' lang='lat' dir='ltr'>geometricae</span> <span class='ocrx_word' id='word_1_175' title='bbox 1847 2853 2266 2932; x_wconf 86' lang='lat' dir='ltr'>proportionis</span> <span class='ocrx_word' id='word_1_176' title='bbox 2314 2873 2421 2915; x_wconf 86' lang='lat' dir='ltr'>cos</span> <span class='ocrx_word' id='word_1_177' title='bbox 2474 2860 2608 2917; x_wconf 85' lang='lat' dir='ltr'>tan-</span> 
     </span>
     <span class='ocr_line' id='line_1_33' title="bbox 1064 2947 1524 3025; baseline -0.002 -18"><span class='ocrx_word' id='word_1_178' title='bbox 1064 2966 1212 3025; x_wconf 84' lang='lat' dir='ltr'>gere</span> <span class='ocrx_word' id='word_1_179' title='bbox 1247 2947 1524 3008; x_wconf 87' lang='lat' dir='ltr'>deberet.</span> 
     </span>
    </p>

    <p class='ocr_par' dir='ltr' id='par_1_6' title="bbox 1034 3039 2610 5638">
     <span class='ocr_line' id='line_1_34' title="bbox 1145 3039 2610 3119; baseline 0.001 -19"><span class='ocrx_word' id='word_1_180' title='bbox 1145 3041 1345 3116; x_wconf 78' lang='lat' dir='ltr'>DiceS,</span> <span class='ocrx_word' id='word_1_181' title='bbox 1381 3058 1731 3119; x_wconf 86' lang='lat' dir='ltr'>repugnare</span> <span class='ocrx_word' id='word_1_182' title='bbox 1758 3040 1821 3099; x_wconf 91' lang='lat' dir='ltr'>in</span> <span class='ocrx_word' id='word_1_183' title='bbox 1854 3039 2128 3100; x_wconf 87' lang='lat' dir='ltr'>terminis</span> <span class='ocrx_word' id='word_1_184' title='bbox 2147 3041 2315 3119; x_wconf 92' lang='lat' dir='ltr'>quod</span> <span class='ocrx_word' id='word_1_185' title='bbox 2344 3042 2424 3102; x_wconf 90' lang='lat' dir='ltr'>sit</span> <span class='ocrx_word' id='word_1_186' title='bbox 2452 3042 2610 3103; x_wconf 90' lang='lat' dir='ltr'>obli-</span> 
     </span>
     <span class='ocr_line' id='line_1_35' title="bbox 1065 3132 2605 3216; baseline -0.001 -20"><span class='ocrx_word' id='word_1_187' title='bbox 1065 3134 1234 3216; x_wconf 84' lang='lat' dir='ltr'>gatio</span> <span class='ocrx_word' id='word_1_188' title='bbox 1262 3152 1334 3194; x_wconf 85' lang='lat' dir='ltr'>ex</span> <span class='ocrx_word' id='word_1_189' title='bbox 1362 3132 1604 3213; x_wconf 87' lang='lat' dir='ltr'>justitia</span> <span class='ocrx_word' id='word_1_190' title='bbox 1634 3133 2053 3210; x_wconf 85' lang='lat' dir='ltr'>distributiva,</span> <span class='ocrx_word' id='word_1_191' title='bbox 2090 3138 2152 3195; x_wconf 87' lang='lat' dir='ltr'>et</span> <span class='ocrx_word' id='word_1_192' title='bbox 2183 3133 2459 3197; x_wconf 88' lang='lat' dir='ltr'>habeant</span> <span class='ocrx_word' id='word_1_193' title='bbox 2485 3136 2605 3197; x_wconf 88' lang='lat' dir='ltr'>sin-</span> 
     </span>
     <span class='ocr_line' id='line_1_36' title="bbox 1065 3227 2605 3308; baseline 0.001 -20"><span class='ocrx_word' id='word_1_194' title='bbox 1065 3228 1193 3308; x_wconf 84' lang='lat' dir='ltr'>guli</span> <span class='ocrx_word' id='word_1_195' title='bbox 1241 3229 1347 3307; x_wconf 88' lang='lat' dir='ltr'>jus</span> <span class='ocrx_word' id='word_1_196' title='bbox 1400 3227 1479 3288; x_wconf 88' lang='lat' dir='ltr'>ad</span> <span class='ocrx_word' id='word_1_197' title='bbox 1539 3228 1729 3289; x_wconf 91' lang='lat' dir='ltr'>talem</span> <span class='ocrx_word' id='word_1_198' title='bbox 1788 3227 2162 3306; x_wconf 89' lang='lat' dir='ltr'>portionem,</span> <span class='ocrx_word' id='word_1_199' title='bbox 2207 3229 2451 3289; x_wconf 90' lang='lat' dir='ltr'>etiamsi</span> <span class='ocrx_word' id='word_1_200' title='bbox 2482 3248 2605 3290; x_wconf 92' lang='lat' dir='ltr'>non</span> 
     </span>
     <span class='ocr_line' id='line_1_37' title="bbox 1063 3320 2608 3399; baseline -0.001 -16"><span class='ocrx_word' id='word_1_201' title='bbox 1063 3322 1218 3383; x_wconf 90' lang='lat' dir='ltr'>illud</span> <span class='ocrx_word' id='word_1_202' title='bbox 1249 3321 1525 3382; x_wconf 88' lang='lat' dir='ltr'>habeant</span> <span class='ocrx_word' id='word_1_203' title='bbox 1556 3339 1631 3381; x_wconf 80' lang='lat' dir='ltr'>ex</span> <span class='ocrx_word' id='word_1_204' title='bbox 1681 3320 1925 3399; x_wconf 77' lang='lat' dir='ltr'>Justitia</span> <span class='ocrx_word' id='word_1_205' title='bbox 1983 3321 2453 3382; x_wconf 87' lang='lat' dir='ltr'>commutativa.</span> <span class='ocrx_word' id='word_1_206' title='bbox 2490 3325 2608 3383; x_wconf 91' lang='lat' dir='ltr'>Po-</span> 
     </span>
     <span class='ocr_line' id='line_1_38' title="bbox 1064 3413 2607 3492; baseline 0.001 -17"><span class='ocrx_word' id='word_1_207' title='bbox 1064 3433 1285 3475; x_wconf 90' lang='lat' dir='ltr'>namus</span> <span class='ocrx_word' id='word_1_208' title='bbox 1315 3414 1484 3473; x_wconf 88' lang='lat' dir='ltr'>enim</span> <span class='ocrx_word' id='word_1_209' title='bbox 1515 3414 1682 3492; x_wconf 89' lang='lat' dir='ltr'>quod</span> <span class='ocrx_word' id='word_1_210' title='bbox 1705 3414 1906 3474; x_wconf 91' lang='lat' dir='ltr'>solum</span> <span class='ocrx_word' id='word_1_211' title='bbox 1952 3413 2256 3474; x_wconf 86' lang='lat' dir='ltr'>debeatur</span> <span class='ocrx_word' id='word_1_212' title='bbox 2312 3435 2386 3474; x_wconf 83' lang='lat' dir='ltr'>ex</span> <span class='ocrx_word' id='word_1_213' title='bbox 2431 3434 2607 3476; x_wconf 91' lang='lat' dir='ltr'>mera</span> 
     </span>
     <span class='ocr_line' id='line_1_39' title="bbox 1055 3507 2599 3587; baseline 0.001 -19"><span class='ocrx_word' id='word_1_214' title='bbox 1055 3508 1301 3587; x_wconf 88' lang='lat' dir='ltr'>justitia</span> <span class='ocrx_word' id='word_1_215' title='bbox 1332 3507 1729 3568; x_wconf 80' lang='lat' dir='ltr'>distributiva</span> <span class='ocrx_word' id='word_1_216' title='bbox 1761 3509 1940 3567; x_wconf 85' lang='lat' dir='ltr'>Petro</span> <span class='ocrx_word' id='word_1_217' title='bbox 1972 3507 2114 3568; x_wconf 92' lang='lat' dir='ltr'>talis</span> <span class='ocrx_word' id='word_1_218' title='bbox 2148 3507 2371 3584; x_wconf 81' lang='lat' dir='ltr'>portio,</span> <span class='ocrx_word' id='word_1_219' title='bbox 2426 3510 2599 3585; x_wconf 87' lang='lat' dir='ltr'>Peto,</span> 
     </span>
     <span class='ocr_line' id='line_1_40' title="bbox 1060 3599 2603 3662; baseline 0 -1"><span class='ocrx_word' id='word_1_220' title='bbox 1060 3621 1143 3662; x_wconf 91' lang='lat' dir='ltr'>an</span> <span class='ocrx_word' id='word_1_221' title='bbox 1178 3602 1283 3662; x_wconf 89' lang='lat' dir='ltr'>illa</span> <span class='ocrx_word' id='word_1_222' title='bbox 1308 3601 1474 3661; x_wconf 90' lang='lat' dir='ltr'>bona</span> <span class='ocrx_word' id='word_1_223' title='bbox 1504 3599 1630 3661; x_wconf 90' lang='lat' dir='ltr'>sint</span> <span class='ocrx_word' id='word_1_224' title='bbox 1662 3600 1944 3661; x_wconf 85' lang='lat' dir='ltr'>instituta</span> <span class='ocrx_word' id='word_1_225' title='bbox 1971 3604 2034 3660; x_wconf 89' lang='lat' dir='ltr'>et</span> <span class='ocrx_word' id='word_1_226' title='bbox 2062 3599 2371 3662; x_wconf 89' lang='lat' dir='ltr'>destinata</span> <span class='ocrx_word' id='word_1_227' title='bbox 2400 3601 2603 3662; x_wconf 90' lang='lat' dir='ltr'>solum</span> 
     </span>
     <span class='ocr_line' id='line_1_41' title="bbox 1062 3692 2600 3772; baseline -0.001 -17"><span class='ocrx_word' id='word_1_228' title='bbox 1062 3700 1124 3755; x_wconf 91' lang='lat' dir='ltr'>in</span> <span class='ocrx_word' id='word_1_229' title='bbox 1155 3695 1392 3756; x_wconf 90' lang='lat' dir='ltr'>bonum</span> <span class='ocrx_word' id='word_1_230' title='bbox 1422 3712 1755 3754; x_wconf 90' lang='lat' dir='ltr'>commune</span> <span class='ocrx_word' id='word_1_231' title='bbox 1786 3692 1982 3772; x_wconf 87' lang='lat' dir='ltr'>ipsius</span> <span class='ocrx_word' id='word_1_232' title='bbox 2011 3693 2600 3770; x_wconf 78' lang='lat' dir='ltr'>communitati3,an</span> 
     </span>
     <span class='ocr_line' id='line_1_42' title="bbox 1062 3785 2602 3865; baseline -0.002 -16"><span class='ocrx_word' id='word_1_233' title='bbox 1062 3789 1251 3850; x_wconf 89' lang='lat' dir='ltr'>etiam</span> <span class='ocrx_word' id='word_1_234' title='bbox 1282 3788 1346 3847; x_wconf 93' lang='lat' dir='ltr'>in</span> <span class='ocrx_word' id='word_1_235' title='bbox 1374 3787 1609 3847; x_wconf 90' lang='lat' dir='ltr'>bonum</span> <span class='ocrx_word' id='word_1_236' title='bbox 1659 3785 2069 3864; x_wconf 88' lang='lat' dir='ltr'>singulorum.</span> <span class='ocrx_word' id='word_1_237' title='bbox 2140 3785 2202 3846; x_wconf 89' lang='lat' dir='ltr'>Si</span> <span class='ocrx_word' id='word_1_238' title='bbox 2263 3785 2434 3846; x_wconf 89' lang='lat' dir='ltr'>dicas</span> <span class='ocrx_word' id='word_1_239' title='bbox 2472 3787 2602 3865; x_wconf 88' lang='lat' dir='ltr'>pri-</span> 
     </span>
     <span class='ocr_line' id='line_1_43' title="bbox 1060 3877 2600 3957; baseline -0.001 -16"><span class='ocrx_word' id='word_1_240' title='bbox 1060 3900 1257 3957; x_wconf 88' lang='lat' dir='ltr'>mum,</span> <span class='ocrx_word' id='word_1_241' title='bbox 1291 3898 1440 3957; x_wconf 86' lang='lat' dir='ltr'>ergo</span> <span class='ocrx_word' id='word_1_242' title='bbox 1474 3898 1599 3939; x_wconf 90' lang='lat' dir='ltr'>non</span> <span class='ocrx_word' id='word_1_243' title='bbox 1631 3878 1938 3938; x_wconf 89' lang='lat' dir='ltr'>debentur</span> <span class='ocrx_word' id='word_1_244' title='bbox 1965 3877 2229 3937; x_wconf 87' lang='lat' dir='ltr'>subditis</span> <span class='ocrx_word' id='word_1_245' title='bbox 2259 3898 2334 3937; x_wconf 83' lang='lat' dir='ltr'>ex</span> <span class='ocrx_word' id='word_1_246' title='bbox 2354 3879 2600 3957; x_wconf 78' lang='lat' dir='ltr'>justItia</span> 
     </span>
     <span class='ocr_line' id='line_1_44' title="bbox 1059 3969 2600 4049; baseline -0.001 -16"><span class='ocrx_word' id='word_1_247' title='bbox 1059 3973 1487 4034; x_wconf 86' lang='lat' dir='ltr'>distributiva:</span> <span class='ocrx_word' id='word_1_248' title='bbox 1522 3971 1663 4032; x_wconf 86' lang='lat' dir='ltr'>ideo</span> <span class='ocrx_word' id='word_1_249' title='bbox 1681 3970 1846 4030; x_wconf 88' lang='lat' dir='ltr'>enim</span> <span class='ocrx_word' id='word_1_250' title='bbox 1868 3969 2139 4030; x_wconf 62' lang='lat' dir='ltr'>diximus</span> <span class='ocrx_word' id='word_1_251' title='bbox 2169 3989 2380 4049; x_wconf 90' lang='lat' dir='ltr'>supra,</span> <span class='ocrx_word' id='word_1_252' title='bbox 2406 3973 2600 4032; x_wconf 89' lang='lat' dir='ltr'>bene-</span> 
     </span>
     <span class='ocr_line' id='line_1_45' title="bbox 1055 4061 2600 4143; baseline -0.001 -18"><span class='ocrx_word' id='word_1_253' title='bbox 1055 4066 1201 4126; x_wconf 88' lang='lat' dir='ltr'>ficia</span> <span class='ocrx_word' id='word_1_254' title='bbox 1230 4065 1648 4127; x_wconf 86' lang='lat' dir='ltr'>ecclesiastica</span> <span class='ocrx_word' id='word_1_255' title='bbox 1678 4081 1803 4122; x_wconf 92' lang='lat' dir='ltr'>non</span> <span class='ocrx_word' id='word_1_256' title='bbox 1835 4061 2048 4122; x_wconf 88' lang='lat' dir='ltr'>deberi</span> <span class='ocrx_word' id='word_1_257' title='bbox 2077 4063 2328 4142; x_wconf 86' lang='lat' dir='ltr'>proprie</span> <span class='ocrx_word' id='word_1_258' title='bbox 2359 4064 2600 4143; x_wconf 87' lang='lat' dir='ltr'>dignio-</span> 
     </span>
     <span class='ocr_line' id='line_1_46' title="bbox 1057 4155 2598 4237; baseline 0 -19"><span class='ocrx_word' id='word_1_259' title='bbox 1057 4158 1232 4219; x_wconf 86' lang='lat' dir='ltr'>ribus</span> <span class='ocrx_word' id='word_1_260' title='bbox 1262 4177 1336 4218; x_wconf 85' lang='lat' dir='ltr'>ex</span> <span class='ocrx_word' id='word_1_261' title='bbox 1359 4158 1601 4237; x_wconf 88' lang='lat' dir='ltr'>justitia</span> <span class='ocrx_word' id='word_1_262' title='bbox 1642 4155 2062 4232; x_wconf 89' lang='lat' dir='ltr'>distributiva,</span> <span class='ocrx_word' id='word_1_263' title='bbox 2106 4156 2254 4234; x_wconf 89' lang='lat' dir='ltr'>quia</span> <span class='ocrx_word' id='word_1_264' title='bbox 2286 4176 2410 4218; x_wconf 90' lang='lat' dir='ltr'>non</span> <span class='ocrx_word' id='word_1_265' title='bbox 2452 4163 2598 4220; x_wconf 87' lang='lat' dir='ltr'>sunt</span> 
     </span>
     <span class='ocr_line' id='line_1_47' title="bbox 1052 4247 2595 4327; baseline 0 -17"><span class='ocrx_word' id='word_1_266' title='bbox 1052 4251 1335 4312; x_wconf 89' lang='lat' dir='ltr'>instituta</span> <span class='ocrx_word' id='word_1_267' title='bbox 1366 4269 1482 4311; x_wconf 88' lang='lat' dir='ltr'>nec</span> <span class='ocrx_word' id='word_1_268' title='bbox 1511 4270 1585 4310; x_wconf 88' lang='lat' dir='ltr'>ex</span> <span class='ocrx_word' id='word_1_269' title='bbox 1618 4247 1936 4327; x_wconf 88' lang='lat' dir='ltr'>primaria,</span> <span class='ocrx_word' id='word_1_270' title='bbox 1972 4267 2087 4308; x_wconf 90' lang='lat' dir='ltr'>nec</span> <span class='ocrx_word' id='word_1_271' title='bbox 2116 4267 2190 4308; x_wconf 84' lang='lat' dir='ltr'>ex</span> <span class='ocrx_word' id='word_1_272' title='bbox 2222 4250 2595 4310; x_wconf 88' lang='lat' dir='ltr'>secundaria</span> 
     </span>
     <span class='ocr_line' id='line_1_48' title="bbox 1055 4342 2593 4419; baseline -0.001 -14"><span class='ocrx_word' id='word_1_273' title='bbox 1055 4346 1398 4406; x_wconf 89' lang='lat' dir='ltr'>intentione</span> <span class='ocrx_word' id='word_1_274' title='bbox 1442 4345 1505 4403; x_wconf 91' lang='lat' dir='ltr'>in</span> <span class='ocrx_word' id='word_1_275' title='bbox 1554 4362 1769 4404; x_wconf 90' lang='lat' dir='ltr'>eorum</span> <span class='ocrx_word' id='word_1_276' title='bbox 1826 4344 2085 4419; x_wconf 89' lang='lat' dir='ltr'>bonum,</span> <span class='ocrx_word' id='word_1_277' title='bbox 2129 4343 2241 4401; x_wconf 89' lang='lat' dir='ltr'>sed</span> <span class='ocrx_word' id='word_1_278' title='bbox 2287 4342 2349 4402; x_wconf 91' lang='lat' dir='ltr'>in</span> <span class='ocrx_word' id='word_1_279' title='bbox 2391 4343 2593 4404; x_wconf 91' lang='lat' dir='ltr'>solum</span> 
     </span>
     <span class='ocr_line' id='line_1_49' title="bbox 1055 4435 2591 4511; baseline -0.002 -12"><span class='ocrx_word' id='word_1_280' title='bbox 1055 4439 1297 4499; x_wconf 91' lang='lat' dir='ltr'>bonum</span> <span class='ocrx_word' id='word_1_281' title='bbox 1327 4436 1817 4511; x_wconf 79' lang='lat' dir='ltr'>communitatiS,</span> <span class='ocrx_word' id='word_1_282' title='bbox 1852 4440 1921 4496; x_wconf 89' lang='lat' dir='ltr'>ut</span> <span class='ocrx_word' id='word_1_283' title='bbox 1951 4435 2181 4496; x_wconf 88' lang='lat' dir='ltr'>habeat</span> <span class='ocrx_word' id='word_1_284' title='bbox 2235 4435 2435 4497; x_wconf 89' lang='lat' dir='ltr'>bonos</span> <span class='ocrx_word' id='word_1_285' title='bbox 2473 4437 2591 4496; x_wconf 92' lang='lat' dir='ltr'>mi-</span> 
     </span>
     <span class='ocr_line' id='line_1_50' title="bbox 1054 4528 2591 4607; baseline -0.001 -15"><span class='ocrx_word' id='word_1_286' title='bbox 1054 4533 1304 4593; x_wconf 73' lang='lat' dir='ltr'>nistros</span> <span class='ocrx_word' id='word_1_287' title='bbox 1341 4530 1515 4592; x_wconf 90' lang='lat' dir='ltr'>Sicut</span> <span class='ocrx_word' id='word_1_288' title='bbox 1542 4530 1832 4591; x_wconf 88' lang='lat' dir='ltr'>dominus</span> <span class='ocrx_word' id='word_1_289' title='bbox 1862 4528 2232 4607; x_wconf 65' lang='lat' dir='ltr'>praecipiens</span> <span class='ocrx_word' id='word_1_290' title='bbox 2261 4547 2591 4591; x_wconf 87' lang='lat' dir='ltr'>oeconomo</span> 
     </span>
     <span class='ocr_line' id='line_1_51' title="bbox 1054 4621 2595 4699; baseline -0.002 -13"><span class='ocrx_word' id='word_1_291' title='bbox 1054 4625 1406 4686; x_wconf 88' lang='lat' dir='ltr'>conducere</span> <span class='ocrx_word' id='word_1_292' title='bbox 1435 4623 1727 4684; x_wconf 88' lang='lat' dir='ltr'>meliores</span> <span class='ocrx_word' id='word_1_293' title='bbox 1775 4621 2117 4699; x_wconf 79' lang='lat' dir='ltr'>operariOS,</span> <span class='ocrx_word' id='word_1_294' title='bbox 2146 4640 2268 4682; x_wconf 90' lang='lat' dir='ltr'>non</span> <span class='ocrx_word' id='word_1_295' title='bbox 2320 4622 2595 4683; x_wconf 89' lang='lat' dir='ltr'>destinat</span> 
     </span>
     <span class='ocr_line' id='line_1_52' title="bbox 1050 4714 2592 4790; baseline -0.003 -11"><span class='ocrx_word' id='word_1_296' title='bbox 1050 4719 1175 4779; x_wconf 90' lang='lat' dir='ltr'>ullo</span> <span class='ocrx_word' id='word_1_297' title='bbox 1208 4717 1396 4778; x_wconf 88' lang='lat' dir='ltr'>modo</span> <span class='ocrx_word' id='word_1_298' title='bbox 1429 4716 1785 4777; x_wconf 82' lang='lat' dir='ltr'>mercedem</span> <span class='ocrx_word' id='word_1_299' title='bbox 1816 4715 1879 4774; x_wconf 91' lang='lat' dir='ltr'>in</span> <span class='ocrx_word' id='word_1_300' title='bbox 1912 4733 2129 4774; x_wconf 90' lang='lat' dir='ltr'>eorum</span> <span class='ocrx_word' id='word_1_301' title='bbox 2169 4714 2427 4790; x_wconf 84' lang='lat' dir='ltr'>bonum,</span> <span class='ocrx_word' id='word_1_302' title='bbox 2480 4714 2592 4775; x_wconf 90' lang='lat' dir='ltr'>sed</span> 
     </span>
     <span class='ocr_line' id='line_1_53' title="bbox 1049 4807 2592 4885; baseline -0.005 -11"><span class='ocrx_word' id='word_1_303' title='bbox 1049 4813 1254 4875; x_wconf 88' lang='lat' dir='ltr'>solum</span> <span class='ocrx_word' id='word_1_304' title='bbox 1283 4812 1345 4871; x_wconf 92' lang='lat' dir='ltr'>in</span> <span class='ocrx_word' id='word_1_305' title='bbox 1379 4829 1584 4885; x_wconf 89' lang='lat' dir='ltr'>suum,</span> <span class='ocrx_word' id='word_1_306' title='bbox 1619 4815 1680 4870; x_wconf 87' lang='lat' dir='ltr'>et</span> <span class='ocrx_word' id='word_1_307' title='bbox 1711 4807 1850 4869; x_wconf 91' lang='lat' dir='ltr'>ideo</span> <span class='ocrx_word' id='word_1_308' title='bbox 1884 4826 2249 4867; x_wconf 75' lang='lat' dir='ltr'>(economus</span> <span class='ocrx_word' id='word_1_309' title='bbox 2279 4827 2401 4867; x_wconf 90' lang='lat' dir='ltr'>non</span> <span class='ocrx_word' id='word_1_310' title='bbox 2443 4826 2592 4868; x_wconf 90' lang='lat' dir='ltr'>con-</span> 
     </span>
     <span class='ocr_line' id='line_1_54' title="bbox 1050 4900 2588 4978; baseline -0.005 -11"><span class='ocrx_word' id='word_1_311' title='bbox 1050 4907 1286 4967; x_wconf 85' lang='lat' dir='ltr'>ducens</span> <span class='ocrx_word' id='word_1_312' title='bbox 1316 4904 1451 4965; x_wconf 87' lang='lat' dir='ltr'>illos</span> <span class='ocrx_word' id='word_1_313' title='bbox 1481 4921 1603 4962; x_wconf 91' lang='lat' dir='ltr'>non</span> <span class='ocrx_word' id='word_1_314' title='bbox 1636 4900 1827 4961; x_wconf 86' lang='lat' dir='ltr'>violat</span> <span class='ocrx_word' id='word_1_315' title='bbox 1856 4900 2105 4978; x_wconf 86' lang='lat' dir='ltr'>proprie</span> <span class='ocrx_word' id='word_1_316' title='bbox 2127 4900 2440 4977; x_wconf 87' lang='lat' dir='ltr'>justitiam</span> <span class='ocrx_word' id='word_1_317' title='bbox 2463 4900 2588 4960; x_wconf 91' lang='lat' dir='ltr'>dis-</span> 
     </span>
     <span class='ocr_line' id='line_1_55' title="bbox 1050 4993 2592 5073; baseline -0.004 -13"><span class='ocrx_word' id='word_1_318' title='bbox 1050 4998 1438 5073; x_wconf 86' lang='lat' dir='ltr'>tributivam,</span> <span class='ocrx_word' id='word_1_319' title='bbox 1472 4995 1585 5057; x_wconf 89' lang='lat' dir='ltr'>sed</span> <span class='ocrx_word' id='word_1_320' title='bbox 1632 4993 1835 5055; x_wconf 89' lang='lat' dir='ltr'>solum</span> <span class='ocrx_word' id='word_1_321' title='bbox 1879 4993 2397 5054; x_wconf 88' lang='lat' dir='ltr'>commutativam</span> <span class='ocrx_word' id='word_1_322' title='bbox 2440 5012 2592 5072; x_wconf 90' lang='lat' dir='ltr'>erga</span> 
     </span>
     <span class='ocr_line' id='line_1_56' title="bbox 1047 5085 2581 5164; baseline -0.005 -10"><span class='ocrx_word' id='word_1_323' title='bbox 1047 5110 1231 5154; x_wconf 91' lang='lat' dir='ltr'>suum</span> <span class='ocrx_word' id='word_1_324' title='bbox 1261 5090 1608 5152; x_wconf 90' lang='lat' dir='ltr'>dominum.</span> <span class='ocrx_word' id='word_1_325' title='bbox 1646 5088 1712 5149; x_wconf 90' lang='lat' dir='ltr'>Si</span> <span class='ocrx_word' id='word_1_326' title='bbox 1769 5105 1915 5148; x_wconf 82' lang='lat' dir='ltr'>vero</span> <span class='ocrx_word' id='word_1_327' title='bbox 1979 5085 2155 5146; x_wconf 87' lang='lat' dir='ltr'>dicas</span> <span class='ocrx_word' id='word_1_328' title='bbox 2212 5087 2581 5164; x_wconf 88' lang='lat' dir='ltr'>secundum,</span> 
     </span>
     <span class='ocr_line' id='line_1_57' title="bbox 1037 5179 2590 5265; baseline -0.003 -19"><span class='ocrx_word' id='word_1_329' title='bbox 1037 5188 1173 5265; x_wconf 89' lang='lat' dir='ltr'>jam</span> <span class='ocrx_word' id='word_1_330' title='bbox 1203 5186 1451 5245; x_wconf 89' lang='lat' dir='ltr'>videtur</span> <span class='ocrx_word' id='word_1_331' title='bbox 1479 5181 1646 5262; x_wconf 92' lang='lat' dir='ltr'>quod</span> <span class='ocrx_word' id='word_1_332' title='bbox 1695 5180 1925 5259; x_wconf 84' lang='lat' dir='ltr'>singuli</span> <span class='ocrx_word' id='word_1_333' title='bbox 1985 5179 2260 5242; x_wconf 91' lang='lat' dir='ltr'>habeant</span> <span class='ocrx_word' id='word_1_334' title='bbox 2291 5181 2396 5259; x_wconf 90' lang='lat' dir='ltr'>jus</span> <span class='ocrx_word' id='word_1_335' title='bbox 2449 5200 2590 5259; x_wconf 88' lang='lat' dir='ltr'>pro·</span> 
     </span>
     <span class='ocr_line' id='line_1_58' title="bbox 1044 5273 2587 5359; baseline -0.004 -20"><span class='ocrx_word' id='word_1_336' title='bbox 1044 5280 1254 5359; x_wconf 90' lang='lat' dir='ltr'>prium</span> <span class='ocrx_word' id='word_1_337' title='bbox 1275 5298 1349 5339; x_wconf 87' lang='lat' dir='ltr'>ex</span> <span class='ocrx_word' id='word_1_338' title='bbox 1372 5275 1618 5357; x_wconf 86' lang='lat' dir='ltr'>justitia</span> <span class='ocrx_word' id='word_1_339' title='bbox 1648 5273 2121 5350; x_wconf 67' lang='lat' dir='ltr'>commutatixa,</span> <span class='ocrx_word' id='word_1_340' title='bbox 2147 5273 2311 5334; x_wconf 89' lang='lat' dir='ltr'>sicut</span> <span class='ocrx_word' id='word_1_341' title='bbox 2337 5273 2587 5353; x_wconf 89' lang='lat' dir='ltr'>quando</span> 
     </span>
     <span class='ocr_line' id='line_1_59' title="bbox 1042 5366 2589 5446; baseline -0.004 -14"><span class='ocrx_word' id='word_1_342' title='bbox 1042 5392 1119 5432; x_wconf 84' lang='lat' dir='ltr'>ex</span> <span class='ocrx_word' id='word_1_343' title='bbox 1146 5375 1519 5433; x_wconf 88' lang='lat' dir='ltr'>testamento</span> <span class='ocrx_word' id='word_1_344' title='bbox 1561 5368 1953 5429; x_wconf 82' lang='lat' dir='ltr'>destinantur</span> <span class='ocrx_word' id='word_1_345' title='bbox 2006 5367 2219 5446; x_wconf 90' lang='lat' dir='ltr'>aliqua</span> <span class='ocrx_word' id='word_1_346' title='bbox 2274 5367 2442 5428; x_wconf 88' lang='lat' dir='ltr'>bona</span> <span class='ocrx_word' id='word_1_347' title='bbox 2498 5366 2589 5426; x_wconf 90' lang='lat' dir='ltr'>di·</span> 
     </span>
     <span class='ocr_line' id='line_1_60' title="bbox 1040 5460 2586 5541; baseline -0.005 -13"><span class='ocrx_word' id='word_1_348' title='bbox 1040 5465 1410 5528; x_wconf 89' lang='lat' dir='ltr'>stribuenda</span> <span class='ocrx_word' id='word_1_349' title='bbox 1468 5463 1746 5541; x_wconf 85' lang='lat' dir='ltr'>collegis,</span> <span class='ocrx_word' id='word_1_350' title='bbox 1805 5461 2038 5540; x_wconf 89' lang='lat' dir='ltr'>singuli</span> <span class='ocrx_word' id='word_1_351' title='bbox 2092 5460 2331 5522; x_wconf 88' lang='lat' dir='ltr'>habent</span> <span class='ocrx_word' id='word_1_352' title='bbox 2376 5462 2483 5539; x_wconf 87' lang='lat' dir='ltr'>jus</span> <span class='ocrx_word' id='word_1_353' title='bbox 2509 5480 2586 5520; x_wconf 81' lang='lat' dir='ltr'>ex</span> 
     </span>
     <span class='ocr_line' id='line_1_61' title="bbox 1034 5554 2578 5638; baseline -0.003 -18"><span class='ocrx_word' id='word_1_354' title='bbox 1034 5558 1277 5638; x_wconf 89' lang='lat' dir='ltr'>justitia</span> <span class='ocrx_word' id='word_1_355' title='bbox 1333 5556 1779 5618; x_wconf 82' lang='lat' dir='ltr'>commutativa</span> <span class='ocrx_word' id='word_1_356' title='bbox 1835 5554 1916 5615; x_wconf 89' lang='lat' dir='ltr'>ad</span> <span class='ocrx_word' id='word_1_357' title='bbox 1962 5572 2141 5614; x_wconf 90' lang='lat' dir='ltr'>suam</span> <span class='ocrx_word' id='word_1_358' title='bbox 2202 5554 2578 5631; x_wconf 86' lang='lat' dir='ltr'>portionem.</span> 
     </span>
    </p>
   </div>
   <div class='ocr_carea' id='block_1_5' title="bbox 2237 353 3126 415">
    <p class='ocr_par' dir='ltr' id='par_1_7' title="bbox 2237 353 3126 415">
     <span class='ocr_line' id='line_1_62' title="bbox 2237 353 3126 415; baseline 0 -2"><span class='ocrx_word' id='word_1_359' title='bbox 2237 355 2340 413; x_wconf 79' lang='lat' dir='ltr'>DE</span> <span class='ocrx_word' id='word_1_360' title='bbox 2383 353 2741 415; x_wconf 84' lang='lat' dir='ltr'>JUSTlTlA</span> <span class='ocrx_word' id='word_1_361' title='bbox 2783 354 2883 414; x_wconf 82' lang='lat' dir='ltr'>ET</span> <span class='ocrx_word' id='word_1_362' title='bbox 2926 355 3126 415; x_wconf 80' lang='lat' dir='ltr'>JURE</span> 
     </span>
    </p>
   </div>
   <div class='ocr_carea' id='block_1_6' title="bbox 2682 531 4075 5631">
    <p class='ocr_par' dir='ltr' id='par_1_8' title="bbox 2682 531 4075 5631">
     <span class='ocr_line' id='line_1_63' title="bbox 2716 531 4026 612; baseline 0.007 -20"><span class='ocrx_word' id='word_1_363' title='bbox 2716 534 3071 611; x_wconf 83' lang='lat' dir='ltr'>Numquam</span> <span class='ocrx_word' id='word_1_364' title='bbox 3102 550 3253 609; x_wconf 87' lang='lat' dir='ltr'>ergo</span> <span class='ocrx_word' id='word_1_365' title='bbox 3295 531 3636 608; x_wconf 71' lang='lat' dir='ltr'>confingere</span> <span class='ocrx_word' id='word_1_366' title='bbox 3681 535 3854 612; x_wconf 87' lang='lat' dir='ltr'>poterit</span> <span class='ocrx_word' id='word_1_367' title='bbox 3888 536 4026 601; x_wconf 51' lang='lat' dir='ltr'>violans·</span> 
     </span>
     <span class='ocr_line' id='line_1_64' title="bbox 2707 623 4024 704; baseline 0.005 -20"><span class='ocrx_word' id='word_1_368' title='bbox 2707 624 2965 704; x_wconf 83' lang='lat' dir='ltr'>justitiae</span> <span class='ocrx_word' id='word_1_369' title='bbox 2996 623 3406 686; x_wconf 69' lang='lat' dir='ltr'>distributivae</span> <span class='ocrx_word' id='word_1_370' title='bbox 3443 625 3672 702; x_wconf 87' lang='lat' dir='ltr'>propria</span> <span class='ocrx_word' id='word_1_371' title='bbox 3704 628 3805 686; x_wconf 90' lang='lat' dir='ltr'>sine</span> <span class='ocrx_word' id='word_1_372' title='bbox 3836 629 4024 691; x_wconf 69' lang='lat' dir='ltr'>violatione</span> 
     </span>
     <span class='ocr_line' id='line_1_65' title="bbox 2716 717 4027 796; baseline 0.004 -19"><span class='ocrx_word' id='word_1_373' title='bbox 2716 717 3203 792; x_wconf 83' lang='lat' dir='ltr'>commutativae,</span> <span class='ocrx_word' id='word_1_374' title='bbox 3227 721 3293 778; x_wconf 85' lang='lat' dir='ltr'>et</span> <span class='ocrx_word' id='word_1_375' title='bbox 3321 735 3432 794; x_wconf 90' lang='lat' dir='ltr'>per</span> <span class='ocrx_word' id='word_1_376' title='bbox 3458 735 3794 796; x_wconf 86' lang='lat' dir='ltr'>consequens</span> <span class='ocrx_word' id='word_1_377' title='bbox 3831 720 3919 780; x_wconf 84' lang='lat' dir='ltr'>sine</span> <span class='ocrx_word' id='word_1_378' title='bbox 3951 724 4027 782; x_wconf 79' lang='lat' dir='ltr'>obli·</span> 
     </span>
     <span class='ocr_line' id='line_1_66' title="bbox 2714 809 4026 891; baseline 0.004 -22"><span class='ocrx_word' id='word_1_379' title='bbox 2714 811 2966 887; x_wconf 87' lang='lat' dir='ltr'>gatione</span> <span class='ocrx_word' id='word_1_380' title='bbox 2993 809 3363 870; x_wconf 90' lang='lat' dir='ltr'>restituendi</span> <span class='ocrx_word' id='word_1_381' title='bbox 3399 828 3413 868; x_wconf 75' lang='grc' dir='ltr'><strong><em>ε</em></strong></span> <span class='ocrx_word' id='word_1_382' title='bbox 3445 828 3624 887; x_wconf 88' lang='lat' dir='ltr'>quare</span> <span class='ocrx_word' id='word_1_383' title='bbox 3650 811 3747 871; x_wconf 87' lang='lat' dir='ltr'>erit</span> <span class='ocrx_word' id='word_1_384' title='bbox 3762 811 3859 890; x_wconf 84' lang='lat' dir='ltr'>jam</span> <span class='ocrx_word' id='word_1_385' title='bbox 3885 818 4026 891; x_wconf 63' lang='lat' dir='ltr'>quaestio</span> 
     </span>
     <span class='ocr_line' id='line_1_67' title="bbox 2715 901 4028 980; baseline 0.002 -18"><span class='ocrx_word' id='word_1_386' title='bbox 2715 903 2793 962; x_wconf 91' lang='lat' dir='ltr'>de</span> <span class='ocrx_word' id='word_1_387' title='bbox 2825 903 3100 979; x_wconf 88' lang='lat' dir='ltr'>nomine,</span> <span class='ocrx_word' id='word_1_388' title='bbox 3136 921 3281 962; x_wconf 81' lang='lat' dir='ltr'>curn</span> <span class='ocrx_word' id='word_1_389' title='bbox 3309 901 3512 980; x_wconf 88' lang='lat' dir='ltr'>reipsa</span> <span class='ocrx_word' id='word_1_390' title='bbox 3540 903 3757 962; x_wconf 85' lang='lat' dir='ltr'>concedi</span> <span class='ocrx_word' id='word_1_391' title='bbox 3782 905 3934 965; x_wconf 83' lang='lat' dir='ltr'>debeat</span> <span class='ocrx_word' id='word_1_392' title='bbox 3953 909 4028 964; x_wconf 69' lang='lat' dir='ltr'>ob]-</span> 
     </span>
     <span class='ocr_line' id='line_1_68' title="bbox 2713 994 4026 1076; baseline 0.002 -20"><span class='ocrx_word' id='word_1_393' title='bbox 2713 996 2880 1074; x_wconf 86' lang='lat' dir='ltr'>gatio</span> <span class='ocrx_word' id='word_1_394' title='bbox 2911 995 3278 1056; x_wconf 81' lang='lat' dir='ltr'>restituendi</span> <span class='ocrx_word' id='word_1_395' title='bbox 3333 994 3606 1071; x_wconf 82' lang='lat' dir='ltr'>subditis,</span> <span class='ocrx_word' id='word_1_396' title='bbox 3658 999 3844 1074; x_wconf 86' lang='lat' dir='ltr'>quoties</span> <span class='ocrx_word' id='word_1_397' title='bbox 3882 1009 4026 1076; x_wconf 68' lang='lat' dir='ltr'>negatur</span> 
     </span>
     <span class='ocr_line' id='line_1_69' title="bbox 2712 1087 3873 1168; baseline 0.003 -21"><span class='ocrx_word' id='word_1_398' title='bbox 2712 1089 2831 1150; x_wconf 85' lang='lat' dir='ltr'>illis</span> <span class='ocrx_word' id='word_1_399' title='bbox 2859 1090 3141 1150; x_wconf 89' lang='lat' dir='ltr'>debitum</span> <span class='ocrx_word' id='word_1_400' title='bbox 3171 1107 3247 1148; x_wconf 87' lang='lat' dir='ltr'>ex</span> <span class='ocrx_word' id='word_1_401' title='bbox 3272 1087 3513 1168; x_wconf 87' lang='lat' dir='ltr'>justitia</span> <span class='ocrx_word' id='word_1_402' title='bbox 3539 1087 3873 1151; x_wconf 82' lang='lat' dir='ltr'>distributiva.</span> 
     </span>
     <span class='ocr_line' id='line_1_70' title="bbox 2793 1179 4026 1260; baseline 0 -16"><span class='ocrx_word' id='word_1_403' title='bbox 2793 1183 3133 1244; x_wconf 84' lang='lat' dir='ltr'>Occasione</span> <span class='ocrx_word' id='word_1_404' title='bbox 3161 1179 3349 1260; x_wconf 88' lang='lat' dir='ltr'>hujus</span> <span class='ocrx_word' id='word_1_405' title='bbox 3389 1180 3724 1258; x_wconf 85' lang='lat' dir='ltr'>objectionis</span> <span class='ocrx_word' id='word_1_406' title='bbox 3748 1184 4026 1260; x_wconf 69' lang='lat' dir='ltr'>explicabimus</span> 
     </span>
     <span class='ocr_line' id='line_1_71' title="bbox 2712 1273 4075 1378; baseline 0.003 -43"><span class='ocrx_word' id='word_1_407' title='bbox 2712 1276 2912 1354; x_wconf 86' lang='lat' dir='ltr'>magis</span> <span class='ocrx_word' id='word_1_408' title='bbox 2967 1274 3305 1355; x_wconf 86' lang='lat' dir='ltr'>objectum,</span> <span class='ocrx_word' id='word_1_409' title='bbox 3365 1278 3432 1335; x_wconf 90' lang='lat' dir='ltr'>et</span> <span class='ocrx_word' id='word_1_410' title='bbox 3484 1273 3853 1351; x_wconf 79' lang='lat' dir='ltr'>obligationem</span> <span class='ocrx_word' id='word_1_411' title='bbox 3884 1279 4025 1355; x_wconf 76' lang='lat' dir='ltr'>justitie</span> <span class='ocrx_word' id='word_1_412' title='bbox 4055 1337 4075 1378; x_wconf 48' lang='grc' dir='ltr'>ι</span> 
     </span>
     <span class='ocr_line' id='line_1_72' title="bbox 2713 1366 4075 1446; baseline 0 -18"><span class='ocrx_word' id='word_1_413' title='bbox 2713 1367 3149 1444; x_wconf 80' lang='lat' dir='ltr'>distributivae,</span> <span class='ocrx_word' id='word_1_414' title='bbox 3200 1371 3390 1446; x_wconf 88' lang='lat' dir='ltr'>prout</span> <span class='ocrx_word' id='word_1_415' title='bbox 3429 1366 3868 1445; x_wconf 84' lang='lat' dir='ltr'>condistinguitur</span> <span class='ocrx_word' id='word_1_416' title='bbox 3894 1389 3919 1428; x_wconf 83' lang='lat' dir='ltr'>a</span> <span class='ocrx_word' id='word_1_417' title='bbox 3940 1389 4025 1428; x_wconf 59' lang='lat' dir='ltr'>cim-</span> <span class='ocrx_word' id='word_1_418' title='bbox 4047 1403 4075 1442; x_wconf 66' lang='lat' dir='ltr'>q</span> 
     </span>
     <span class='ocr_line' id='line_1_73' title="bbox 2711 1451 4075 1540; baseline 0 -19"><span class='ocrx_word' id='word_1_419' title='bbox 2711 1462 3038 1522; x_wconf 84' lang='lat' dir='ltr'>mutativa.</span> <span class='ocrx_word' id='word_1_420' title='bbox 3069 1462 3370 1539; x_wconf 89' lang='lat' dir='ltr'>Suppono</span> <span class='ocrx_word' id='word_1_421' title='bbox 3401 1460 3601 1539; x_wconf 87' lang='lat' dir='ltr'>itaque</span> <span class='ocrx_word' id='word_1_422' title='bbox 3629 1478 3731 1519; x_wconf 88' lang='lat' dir='ltr'>uon</span> <span class='ocrx_word' id='word_1_423' title='bbox 3754 1460 3855 1519; x_wconf 86' lang='lat' dir='ltr'>dari</span> <span class='ocrx_word' id='word_1_424' title='bbox 3890 1451 4075 1540; x_wconf 75' lang='lat' dir='ltr'>proprie:</span> 
     </span>
     <span class='ocr_line' id='line_1_74' title="bbox 2712 1552 4025 1632; baseline -0.002 -17"><span class='ocrx_word' id='word_1_425' title='bbox 2712 1554 3159 1632; x_wconf 87' lang='lat' dir='ltr'>obligationem</span> <span class='ocrx_word' id='word_1_426' title='bbox 3198 1552 3458 1632; x_wconf 82' lang='lat' dir='ltr'>justitiae</span> <span class='ocrx_word' id='word_1_427' title='bbox 3497 1552 3839 1613; x_wconf 63' lang='lat' dir='ltr'>distribut-ivae</span> <span class='ocrx_word' id='word_1_428' title='bbox 3867 1555 3949 1612; x_wconf 86' lang='lat' dir='ltr'>sine</span> <span class='ocrx_word' id='word_1_429' title='bbox 3973 1555 4025 1612; x_wconf 76' lang='lat' dir='ltr'>de·</span> 
     </span>
     <span class='ocr_line' id='line_1_75' title="bbox 2711 1645 4026 1725; baseline -0.003 -17"><span class='ocrx_word' id='word_1_430' title='bbox 2711 1647 2872 1719; x_wconf 86' lang='lat' dir='ltr'>bito;</span> <span class='ocrx_word' id='word_1_431' title='bbox 2904 1647 3175 1725; x_wconf 89' lang='lat' dir='ltr'>ideoque</span> <span class='ocrx_word' id='word_1_432' title='bbox 3206 1664 3331 1706; x_wconf 89' lang='lat' dir='ltr'>non</span> <span class='ocrx_word' id='word_1_433' title='bbox 3361 1645 3617 1724; x_wconf 87' lang='lat' dir='ltr'>obligari</span> <span class='ocrx_word' id='word_1_434' title='bbox 3641 1645 3837 1724; x_wconf 81' lang='lat' dir='ltr'>proprie</span> <span class='ocrx_word' id='word_1_435' title='bbox 3855 1647 3973 1705; x_wconf 85' lang='lat' dir='ltr'>Deum</span> <span class='ocrx_word' id='word_1_436' title='bbox 3990 1651 4026 1704; x_wconf 56' lang='lat' dir='ltr'>at·</span> 
     </span>
     <span class='ocr_line' id='line_1_76' title="bbox 2711 1737 4025 1817; baseline -0.002 -17"><span class='ocrx_word' id='word_1_437' title='bbox 2711 1745 2918 1801; x_wconf 85' lang='lat' dir='ltr'>actum</span> <span class='ocrx_word' id='word_1_438' title='bbox 2941 1737 3202 1817; x_wconf 84' lang='lat' dir='ltr'>justitiae</span> <span class='ocrx_word' id='word_1_439' title='bbox 3224 1737 3625 1799; x_wconf 63' lang='lat' dir='ltr'>distributivae</span> <span class='ocrx_word' id='word_1_440' title='bbox 3644 1738 3696 1796; x_wconf 91' lang='lat' dir='ltr'>in</span> <span class='ocrx_word' id='word_1_441' title='bbox 3709 1743 4025 1799; x_wconf 63' lang='lat' dir='ltr'>remuneratione</span> 
     </span>
     <span class='ocr_line' id='line_1_77' title="bbox 2711 1831 4026 1910; baseline -0.003 -17"><span class='ocrx_word' id='word_1_442' title='bbox 2711 1833 3099 1903; x_wconf 88' lang='lat' dir='ltr'>meritorum,</span> <span class='ocrx_word' id='word_1_443' title='bbox 3147 1831 3295 1910; x_wconf 88' lang='lat' dir='ltr'>quia</span> <span class='ocrx_word' id='word_1_444' title='bbox 3342 1849 3470 1891; x_wconf 90' lang='lat' dir='ltr'>non</span> <span class='ocrx_word' id='word_1_445' title='bbox 3499 1831 3671 1891; x_wconf 85' lang='lat' dir='ltr'>habet</span> <span class='ocrx_word' id='word_1_446' title='bbox 3696 1832 3923 1909; x_wconf 84' lang='lat' dir='ltr'>proprium</span> <span class='ocrx_word' id='word_1_447' title='bbox 3940 1832 4026 1889; x_wconf 67' lang='lat' dir='ltr'>debi-</span> 
     </span>
     <span class='ocr_line' id='line_1_78' title="bbox 2711 1924 4023 2002; baseline -0.005 -15"><span class='ocrx_word' id='word_1_448' title='bbox 2711 1931 2865 1999; x_wconf 91' lang='lat' dir='ltr'>tum,</span> <span class='ocrx_word' id='word_1_449' title='bbox 2900 1925 3017 1985; x_wconf 85' lang='lat' dir='ltr'>nisi</span> <span class='ocrx_word' id='word_1_450' title='bbox 3048 1944 3123 1984; x_wconf 80' lang='lat' dir='ltr'>ex</span> <span class='ocrx_word' id='word_1_451' title='bbox 3151 1924 3453 1985; x_wconf 81' lang='lat' dir='ltr'>fidelitate</span> <span class='ocrx_word' id='word_1_452' title='bbox 3484 1928 3623 1985; x_wconf 82' lang='lat' dir='ltr'>etex</span> <span class='ocrx_word' id='word_1_453' title='bbox 3648 1943 3742 1983; x_wconf 79' lang='lat' dir='ltr'>sua</span> <span class='ocrx_word' id='word_1_454' title='bbox 3765 1925 4023 2002; x_wconf 72' lang='lat' dir='ltr'>promissione.</span> 
     </span>
     <span class='ocr_line' id='line_1_79' title="bbox 2710 2016 4024 2096; baseline -0.005 -16"><span class='ocrx_word' id='word_1_455' title='bbox 2710 2022 2810 2080; x_wconf 87' lang='lat' dir='ltr'>Ad</span> <span class='ocrx_word' id='word_1_456' title='bbox 2866 2018 2984 2079; x_wconf 90' lang='lat' dir='ltr'>hoc</span> <span class='ocrx_word' id='word_1_457' title='bbox 3036 2022 3247 2078; x_wconf 89' lang='lat' dir='ltr'>autem</span> <span class='ocrx_word' id='word_1_458' title='bbox 3294 2017 3573 2078; x_wconf 88' lang='lat' dir='ltr'>debitum</span> <span class='ocrx_word' id='word_1_459' title='bbox 3615 2017 3867 2096; x_wconf 84' lang='lat' dir='ltr'>proprium</span> <span class='ocrx_word' id='word_1_460' title='bbox 3887 2016 4024 2094; x_wconf 66' lang='lat' dir='ltr'>justitie</span> 
     </span>
     <span class='ocr_line' id='line_1_80' title="bbox 2712 2109 4024 2188; baseline -0.005 -15"><span class='ocrx_word' id='word_1_461' title='bbox 2712 2111 3125 2174; x_wconf 68' lang='lat' dir='ltr'>distributivae</span> <span class='ocrx_word' id='word_1_462' title='bbox 3145 2110 3337 2171; x_wconf 89' lang='lat' dir='ltr'>solius</span> <span class='ocrx_word' id='word_1_463' title='bbox 3366 2110 3491 2170; x_wconf 88' lang='lat' dir='ltr'>duo</span> <span class='ocrx_word' id='word_1_464' title='bbox 3515 2109 3860 2188; x_wconf 86' lang='lat' dir='ltr'>requiruntur.</span> <span class='ocrx_word' id='word_1_465' title='bbox 3880 2109 4024 2168; x_wconf 69' lang='lat' dir='ltr'>Primum</span> 
     </span>
     <span class='ocr_line' id='line_1_81' title="bbox 2711 2201 4026 2283; baseline -0.008 -17"><span class='ocrx_word' id='word_1_466' title='bbox 2711 2211 2825 2280; x_wconf 84' lang='lat' dir='ltr'>est,</span> <span class='ocrx_word' id='word_1_467' title='bbox 2860 2204 3028 2283; x_wconf 89' lang='lat' dir='ltr'>quod</span> <span class='ocrx_word' id='word_1_468' title='bbox 3059 2204 3224 2263; x_wconf 89' lang='lat' dir='ltr'>bona</span> <span class='ocrx_word' id='word_1_469' title='bbox 3248 2203 3355 2263; x_wconf 91' lang='lat' dir='ltr'>illa</span> <span class='ocrx_word' id='word_1_470' title='bbox 3381 2203 3507 2264; x_wconf 89' lang='lat' dir='ltr'>sint</span> <span class='ocrx_word' id='word_1_471' title='bbox 3532 2202 3773 2263; x_wconf 75' lang='lat' dir='ltr'>instituta</span> <span class='ocrx_word' id='word_1_472' title='bbox 3794 2207 3836 2261; x_wconf 88' lang='lat' dir='ltr'>et</span> <span class='ocrx_word' id='word_1_473' title='bbox 3855 2201 4026 2259; x_wconf 57' lang='lat' dir='ltr'>destinata</span> 
     </span>
     <span class='ocr_line' id='line_1_82' title="bbox 2710 2294 4025 2373; baseline -0.007 -14"><span class='ocrx_word' id='word_1_474' title='bbox 2710 2299 2774 2359; x_wconf 88' lang='lat' dir='ltr'>in</span> <span class='ocrx_word' id='word_1_475' title='bbox 2818 2299 3055 2359; x_wconf 91' lang='lat' dir='ltr'>bonum</span> <span class='ocrx_word' id='word_1_476' title='bbox 3113 2297 3301 2358; x_wconf 89' lang='lat' dir='ltr'>etiam</span> <span class='ocrx_word' id='word_1_477' title='bbox 3344 2296 3732 2371; x_wconf 87' lang='lat' dir='ltr'>subditorum,</span> <span class='ocrx_word' id='word_1_478' title='bbox 3772 2294 4025 2373; x_wconf 67' lang='lat' dir='ltr'>quiajmtitia</span> 
     </span>
     <span class='ocr_line' id='line_1_83' title="bbox 2711 2387 4025 2467; baseline -0.008 -14"><span class='ocrx_word' id='word_1_479' title='bbox 2711 2391 3108 2453; x_wconf 87' lang='lat' dir='ltr'>distributiva</span> <span class='ocrx_word' id='word_1_480' title='bbox 3154 2391 3355 2450; x_wconf 89' lang='lat' dir='ltr'>solum</span> <span class='ocrx_word' id='word_1_481' title='bbox 3406 2389 3635 2467; x_wconf 86' lang='lat' dir='ltr'>obligat</span> <span class='ocrx_word' id='word_1_482' title='bbox 3673 2388 3739 2447; x_wconf 88' lang='lat' dir='ltr'>ad</span> <span class='ocrx_word' id='word_1_483' title='bbox 3776 2387 4025 2465; x_wconf 65' lang='lat' dir='ltr'>aequalimem</span> 
     </span>
     <span class='ocr_line' id='line_1_84' title="bbox 2708 2481 4024 2545; baseline -0.008 0"><span class='ocrx_word' id='word_1_484' title='bbox 2708 2486 2773 2545; x_wconf 92' lang='lat' dir='ltr'>in</span> <span class='ocrx_word' id='word_1_485' title='bbox 2802 2483 3240 2545; x_wconf 88' lang='lat' dir='ltr'>distributione</span> <span class='ocrx_word' id='word_1_486' title='bbox 3271 2483 3580 2544; x_wconf 89' lang='lat' dir='ltr'>bonorum</span> <span class='ocrx_word' id='word_1_487' title='bbox 3607 2481 4024 2542; x_wconf 71' lang='lat' dir='ltr'>communiumznou</span> 
     </span>
     <span class='ocr_line' id='line_1_85' title="bbox 2708 2569 4022 2653; baseline -0.011 -13"><span class='ocrx_word' id='word_1_488' title='bbox 2708 2581 2851 2640; x_wconf 89' lang='lat' dir='ltr'>sunt</span> <span class='ocrx_word' id='word_1_489' title='bbox 2867 2582 3078 2638; x_wconf 84' lang='lat' dir='ltr'>autem</span> <span class='ocrx_word' id='word_1_490' title='bbox 3099 2578 3266 2636; x_wconf 90' lang='lat' dir='ltr'>bona</span> <span class='ocrx_word' id='word_1_491' title='bbox 3280 2576 3631 2637; x_wconf 87' lang='lat' dir='ltr'>communia</span> <span class='ocrx_word' id='word_1_492' title='bbox 3646 2574 3841 2653; x_wconf 82' lang='lat' dir='ltr'>proprie</span> <span class='ocrx_word' id='word_1_493' title='bbox 3853 2569 4022 2649; x_wconf 63' lang='lat' dir='ltr'>loquendi</span> 
     </span>
     <span class='ocr_line' id='line_1_86' title="bbox 2710 2663 4023 2746; baseline -0.011 -14"><span class='ocrx_word' id='word_1_494' title='bbox 2710 2672 2829 2732; x_wconf 90' lang='lat' dir='ltr'>nisi</span> <span class='ocrx_word' id='word_1_495' title='bbox 2878 2671 2942 2730; x_wconf 91' lang='lat' dir='ltr'>in</span> <span class='ocrx_word' id='word_1_496' title='bbox 2989 2670 3321 2731; x_wconf 84' lang='lat' dir='ltr'>utilitatem</span> <span class='ocrx_word' id='word_1_497' title='bbox 3351 2668 3719 2746; x_wconf 87' lang='lat' dir='ltr'>singulorum</span> <span class='ocrx_word' id='word_1_498' title='bbox 3741 2665 3936 2726; x_wconf 75' lang='lat' dir='ltr'>ordinata</span> <span class='ocrx_word' id='word_1_499' title='bbox 3953 2663 4023 2718; x_wconf 69' lang='lat' dir='ltr'>sint</span> 
     </span>
     <span class='ocr_line' id='line_1_87' title="bbox 2708 2749 4074 2842; baseline -0.013 -16"><span class='ocrx_word' id='word_1_500' title='bbox 2708 2765 2992 2826; x_wconf 84' lang='lat' dir='ltr'>Alterum</span> <span class='ocrx_word' id='word_1_501' title='bbox 3020 2762 3189 2842; x_wconf 91' lang='lat' dir='ltr'>quod</span> <span class='ocrx_word' id='word_1_502' title='bbox 3219 2761 3579 2840; x_wconf 89' lang='lat' dir='ltr'>requiritur,</span> <span class='ocrx_word' id='word_1_503' title='bbox 3611 2765 3707 2835; x_wconf 86' lang='lat' dir='ltr'>est,</span> <span class='ocrx_word' id='word_1_504' title='bbox 3727 2757 3851 2838; x_wconf 88' lang='lat' dir='ltr'>quod</span> <span class='ocrx_word' id='word_1_505' title='bbox 3870 2756 3926 2815; x_wconf 82' lang='lat' dir='ltr'>ita</span> <span class='ocrx_word' id='word_1_506' title='bbox 3943 2754 4022 2811; x_wconf 62' lang='lat' dir='ltr'>len</span> <span class='ocrx_word' id='word_1_507' title='bbox 4073 2749 4074 2778; x_wconf 52' lang='grc' dir='ltr'><strong>Ι</strong></span> 
     </span>
     <span class='ocr_line' id='line_1_88' title="bbox 2708 2849 4024 2931; baseline -0.011 -14"><span class='ocrx_word' id='word_1_508' title='bbox 2708 2858 2811 2918; x_wconf 87' lang='lat' dir='ltr'>illa</span> <span class='ocrx_word' id='word_1_509' title='bbox 2842 2856 3230 2917; x_wconf 86' lang='lat' dir='ltr'>destinentur</span> <span class='ocrx_word' id='word_1_510' title='bbox 3249 2853 3665 2931; x_wconf 86' lang='lat' dir='ltr'>adutilitatem</span> <span class='ocrx_word' id='word_1_511' title='bbox 3678 2852 3901 2931; x_wconf 75' lang='lat' dir='ltr'>privatam</span> <span class='ocrx_word' id='word_1_512' title='bbox 3919 2849 4024 2920; x_wconf 64' lang='lat' dir='ltr'>§ingr</span> 
     </span>
     <span class='ocr_line' id='line_1_89' title="bbox 2707 2937 4022 3025; baseline -0.008 -14"><span class='ocrx_word' id='word_1_513' title='bbox 2707 2951 2933 3025; x_wconf 90' lang='lat' dir='ltr'>lorum,</span> <span class='ocrx_word' id='word_1_514' title='bbox 2970 2953 3039 3009; x_wconf 90' lang='lat' dir='ltr'>ut</span> <span class='ocrx_word' id='word_1_515' title='bbox 3075 2951 3286 3009; x_wconf 88' lang='lat' dir='ltr'>tamen</span> <span class='ocrx_word' id='word_1_516' title='bbox 3315 2947 3438 3007; x_wconf 91' lang='lat' dir='ltr'>illis</span> <span class='ocrx_word' id='word_1_517' title='bbox 3486 2946 3706 3007; x_wconf 88' lang='lat' dir='ltr'>nullum</span> <span class='ocrx_word' id='word_1_518' title='bbox 3728 2944 3866 3002; x_wconf 88' lang='lat' dir='ltr'>detur</span> <span class='ocrx_word' id='word_1_519' title='bbox 3880 2937 4022 3018; x_wconf 63' lang='lat' dir='ltr'>jussui</span> 
     </span>
     <span class='ocr_line' id='line_1_90' title="bbox 2709 3029 4022 3120; baseline -0.011 -17"><span class='ocrx_word' id='word_1_520' title='bbox 2709 3043 2909 3104; x_wconf 90' lang='lat' dir='ltr'>solum</span> <span class='ocrx_word' id='word_1_521' title='bbox 2956 3041 3072 3120; x_wconf 87' lang='lat' dir='ltr'>ipsi</span> <span class='ocrx_word' id='word_1_522' title='bbox 3102 3039 3498 3101; x_wconf 88' lang='lat' dir='ltr'>distributori</span> <span class='ocrx_word' id='word_1_523' title='bbox 3540 3039 3836 3118; x_wconf 83' lang='lat' dir='ltr'>imponatur</span> <span class='ocrx_word' id='word_1_524' title='bbox 3862 3029 4022 3108; x_wconf 63' lang='lat' dir='ltr'>obligat]</span> 
     </span>
     <span class='ocr_line' id='line_1_91' title="bbox 2708 3129 4022 3212; baseline -0.011 -15"><span class='ocrx_word' id='word_1_525' title='bbox 2708 3156 2782 3197; x_wconf 87' lang='lat' dir='ltr'>ea</span> <span class='ocrx_word' id='word_1_526' title='bbox 2810 3133 3244 3210; x_wconf 86' lang='lat' dir='ltr'>distribuendi,</span> <span class='ocrx_word' id='word_1_527' title='bbox 3279 3137 3529 3195; x_wconf 80' lang='lat' dir='ltr'>servata</span> <span class='ocrx_word' id='word_1_528' title='bbox 3561 3129 3877 3212; x_wconf 84' lang='lat' dir='ltr'>proportione</span> <span class='ocrx_word' id='word_1_529' title='bbox 3894 3139 4022 3203; x_wconf 61' lang='lat' dir='ltr'>geone</span> 
     </span>
     <span class='ocr_line' id='line_1_92' title="bbox 2704 3214 4023 3307; baseline -0.011 -15"><span class='ocrx_word' id='word_1_530' title='bbox 2704 3231 2880 3305; x_wconf 89' lang='lat' dir='ltr'>trica,</span> <span class='ocrx_word' id='word_1_531' title='bbox 2935 3246 3074 3307; x_wconf 68' lang='lat' dir='ltr'>quae</span> <span class='ocrx_word' id='word_1_532' title='bbox 3105 3227 3403 3307; x_wconf 84' lang='lat' dir='ltr'>obligatio</span> <span class='ocrx_word' id='word_1_533' title='bbox 3437 3246 3559 3287; x_wconf 90' lang='lat' dir='ltr'>non</span> <span class='ocrx_word' id='word_1_534' title='bbox 3587 3225 3756 3286; x_wconf 89' lang='lat' dir='ltr'>oritur</span> <span class='ocrx_word' id='word_1_535' title='bbox 3783 3241 3836 3281; x_wconf 84' lang='lat' dir='ltr'>ex</span> <span class='ocrx_word' id='word_1_536' title='bbox 3852 3220 3938 3298; x_wconf 80' lang='lat' dir='ltr'>jure</span> <span class='ocrx_word' id='word_1_537' title='bbox 3955 3214 4023 3273; x_wconf 57' lang='lat' dir='ltr'>sub</span> 
     </span>
     <span class='ocr_line' id='line_1_93' title="bbox 2705 3310 4018 3405; baseline -0.011 -21"><span class='ocrx_word' id='word_1_538' title='bbox 2705 3324 2999 3398; x_wconf 89' lang='lat' dir='ltr'>ditorum,</span> <span class='ocrx_word' id='word_1_539' title='bbox 3026 3321 3136 3382; x_wconf 90' lang='lat' dir='ltr'>sed</span> <span class='ocrx_word' id='word_1_540' title='bbox 3165 3340 3238 3381; x_wconf 80' lang='lat' dir='ltr'>ex</span> <span class='ocrx_word' id='word_1_541' title='bbox 3256 3320 3488 3381; x_wconf 85' lang='lat' dir='ltr'>virtute</span> <span class='ocrx_word' id='word_1_542' title='bbox 3505 3318 3734 3398; x_wconf 84' lang='lat' dir='ltr'>justitiae</span> <span class='ocrx_word' id='word_1_543' title='bbox 3751 3310 4018 3405; x_wconf 53' lang='lat' dir='ltr'>gubernator³</span> 
     </span>
     <span class='ocr_line' id='line_1_94' title="bbox 2705 3410 4020 3500; baseline -0.011 -23"><span class='ocrx_word' id='word_1_544' title='bbox 2705 3436 2845 3496; x_wconf 81' lang='lat' dir='ltr'>quae</span> <span class='ocrx_word' id='word_1_545' title='bbox 2890 3434 3015 3495; x_wconf 85' lang='lat' dir='ltr'>non</span> <span class='ocrx_word' id='word_1_546' title='bbox 3063 3414 3265 3475; x_wconf 90' lang='lat' dir='ltr'>solum</span> <span class='ocrx_word' id='word_1_547' title='bbox 3314 3412 3511 3473; x_wconf 88' lang='lat' dir='ltr'>dictat</span> <span class='ocrx_word' id='word_1_548' title='bbox 3551 3410 3737 3472; x_wconf 88' lang='lat' dir='ltr'>danda</span> <span class='ocrx_word' id='word_1_549' title='bbox 3765 3424 3862 3468; x_wconf 83' lang='lat' dir='ltr'>esse</span> <span class='ocrx_word' id='word_1_550' title='bbox 3886 3416 4020 3500; x_wconf 57' lang='lat' dir='ltr'>pxaerua</span> 
     </span>
     <span class='ocr_line' id='line_1_95' title="bbox 2703 3498 4022 3577; baseline -0.017 -7"><span class='ocrx_word' id='word_1_551' title='bbox 2703 3509 2966 3570; x_wconf 91' lang='lat' dir='ltr'>subditis</span> <span class='ocrx_word' id='word_1_552' title='bbox 3020 3506 3376 3567; x_wconf 87' lang='lat' dir='ltr'>necessaria</span> <span class='ocrx_word' id='word_1_553' title='bbox 3438 3505 3519 3565; x_wconf 91' lang='lat' dir='ltr'>ad</span> <span class='ocrx_word' id='word_1_554' title='bbox 3544 3507 3751 3564; x_wconf 85' lang='lat' dir='ltr'>rectam</span> <span class='ocrx_word' id='word_1_555' title='bbox 3786 3498 4022 3577; x_wconf 62' lang='lat' dir='ltr'>gubernatio</span> 
     </span>
     <span class='ocr_line' id='line_1_96' title="bbox 2703 3598 4072 3686; baseline -0.012 -23"><span class='ocrx_word' id='word_1_556' title='bbox 2703 3620 2868 3677; x_wconf 90' lang='lat' dir='ltr'>nem,</span> <span class='ocrx_word' id='word_1_557' title='bbox 2901 3601 3011 3661; x_wconf 90' lang='lat' dir='ltr'>sed</span> <span class='ocrx_word' id='word_1_558' title='bbox 3042 3600 3231 3661; x_wconf 90' lang='lat' dir='ltr'>etiam</span> <span class='ocrx_word' id='word_1_559' title='bbox 3262 3598 3476 3659; x_wconf 88' lang='lat' dir='ltr'>danda</span> <span class='ocrx_word' id='word_1_560' title='bbox 3505 3616 3653 3672; x_wconf 84' lang='lat' dir='ltr'>esse,</span> <span class='ocrx_word' id='word_1_561' title='bbox 3681 3598 3866 3654; x_wconf 72' lang='lat' dir='ltr'>serrata</span> <span class='ocrx_word' id='word_1_562' title='bbox 3884 3600 4020 3686; x_wconf 58' lang='lat' dir='ltr'>ponor·</span> <span class='ocrx_word' id='word_1_563' title='bbox 4071 3608 4072 3621; x_wconf 56' lang='lat'>¹</span> 
     </span>
     <span class='ocr_line' id='line_1_97' title="bbox 2700 3678 4016 3771; baseline -0.014 -15"><span class='ocrx_word' id='word_1_564' title='bbox 2700 3695 2869 3756; x_wconf 89' lang='lat' dir='ltr'>tione</span> <span class='ocrx_word' id='word_1_565' title='bbox 2898 3694 3062 3755; x_wconf 90' lang='lat' dir='ltr'>inter</span> <span class='ocrx_word' id='word_1_566' title='bbox 3087 3693 3248 3768; x_wconf 80' lang='lat' dir='ltr'>illos,</span> <span class='ocrx_word' id='word_1_567' title='bbox 3283 3692 3436 3771; x_wconf 88' lang='lat' dir='ltr'>quia</span> <span class='ocrx_word' id='word_1_568' title='bbox 3474 3688 3760 3770; x_wconf 88' lang='lat' dir='ltr'>proportio</span> <span class='ocrx_word' id='word_1_569' title='bbox 3782 3685 3856 3744; x_wconf 83' lang='lat' dir='ltr'>illa</span> <span class='ocrx_word' id='word_1_570' title='bbox 3874 3678 4016 3760; x_wconf 60' lang='lat' dir='ltr'>pecu&#39;ss·</span> 
     </span>
     <span class='ocr_line' id='line_1_98' title="bbox 2699 3778 4018 3869; baseline -0.009 -23"><span class='ocrx_word' id='word_1_571' title='bbox 2699 3806 2834 3846; x_wconf 81' lang='lat' dir='ltr'>rem</span> <span class='ocrx_word' id='word_1_572' title='bbox 2889 3786 3291 3847; x_wconf 87' lang='lat' dir='ltr'>honestatem</span> <span class='ocrx_word' id='word_1_573' title='bbox 3345 3787 3532 3845; x_wconf 79' lang='lat' dir='ltr'>affert</span> <span class='ocrx_word' id='word_1_574' title='bbox 3583 3787 3641 3843; x_wconf 90' lang='lat' dir='ltr'>et</span> <span class='ocrx_word' id='word_1_575' title='bbox 3685 3778 3903 3847; x_wconf 76' lang='lat' dir='ltr'>debitam,</span> <span class='ocrx_word' id='word_1_576' title='bbox 3931 3780 4018 3869; x_wconf 50' lang='grc' dir='ltr'>εἰς)</span> 
     </span>
     <span class='ocr_line' id='line_1_99' title="bbox 2697 3874 4018 3962; baseline -0.011 -22"><span class='ocrx_word' id='word_1_577' title='bbox 2697 3881 2862 3940; x_wconf 89' lang='lat' dir='ltr'>illius</span> <span class='ocrx_word' id='word_1_578' title='bbox 2915 3879 3255 3940; x_wconf 86' lang='lat' dir='ltr'>violatione</span> <span class='ocrx_word' id='word_1_579' title='bbox 3311 3874 3780 3937; x_wconf 80' lang='lat' dir='ltr'>inconvenientia</span> <span class='ocrx_word' id='word_1_580' title='bbox 3821 3881 3970 3962; x_wconf 30' lang='lat' dir='ltr'>magna.</span> <span class='ocrx_word' id='word_1_581' title='bbox 3991 3876 4018 3915; x_wconf 82' lang='lat' dir='ltr'>m</span> 
     </span>
     <span class='ocr_line' id='line_1_100' title="bbox 2697 3954 4018 4045; baseline -0.013 -10"><span class='ocrx_word' id='word_1_582' title='bbox 2697 3971 3147 4035; x_wconf 86' lang='lat' dir='ltr'>communitate</span> <span class='ocrx_word' id='word_1_583' title='bbox 3174 3975 3538 4045; x_wconf 89' lang='lat' dir='ltr'>nascuntur,</span> <span class='ocrx_word' id='word_1_584' title='bbox 3564 3968 3698 4029; x_wconf 91' lang='lat' dir='ltr'>dum</span> <span class='ocrx_word' id='word_1_585' title='bbox 3725 3954 4018 4024; x_wconf 70' lang='lat' dir='ltr'>nonattendfttr</span> 
     </span>
     <span class='ocr_line' id='line_1_101' title="bbox 2697 4052 4018 4148; baseline -0.011 -22"><span class='ocrx_word' id='word_1_586' title='bbox 2697 4066 2779 4126; x_wconf 88' lang='lat' dir='ltr'>ad</span> <span class='ocrx_word' id='word_1_587' title='bbox 2808 4065 3230 4145; x_wconf 68' lang='lat' dir='ltr'>aequalitatem</span> <span class='ocrx_word' id='word_1_588' title='bbox 3256 4063 3642 4137; x_wconf 89' lang='lat' dir='ltr'>meritorum,</span> <span class='ocrx_word' id='word_1_589' title='bbox 3670 4057 3762 4120; x_wconf 84' lang='lat' dir='ltr'>sed</span> <span class='ocrx_word' id='word_1_590' title='bbox 3785 4055 3841 4115; x_wconf 83' lang='lat' dir='ltr'>ad</span> <span class='ocrx_word' id='word_1_591' title='bbox 3853 4052 4018 4148; x_wconf 49' lang='lat' dir='ltr'>alioqu?</span> 
     </span>
     <span class='ocr_line' id='line_1_102' title="bbox 2695 4142 4014 4238; baseline -0.011 -18"><span class='ocrx_word' id='word_1_592' title='bbox 2695 4164 2934 4238; x_wconf 78' lang='lat' dir='ltr'>pectuS,</span> <span class='ocrx_word' id='word_1_593' title='bbox 2968 4177 3110 4236; x_wconf 77' lang='lat' dir='ltr'>quae</span> <span class='ocrx_word' id='word_1_594' title='bbox 3131 4161 3226 4218; x_wconf 91' lang='lat' dir='ltr'>est</span> <span class='ocrx_word' id='word_1_595' title='bbox 3241 4156 3520 4234; x_wconf 88' lang='lat' dir='ltr'>acceptio</span> <span class='ocrx_word' id='word_1_596' title='bbox 3551 4164 3877 4235; x_wconf 82' lang='lat' dir='ltr'>personarum</span> <span class='ocrx_word' id='word_1_597' title='bbox 3890 4142 4014 4199; x_wconf 62' lang='lat' dir='ltr'>vit-¹³5³-</span> 
     </span>
     <span class='ocr_line' id='line_1_103' title="bbox 2695 4234 3959 4332; baseline -0.011 -20"><span class='ocrx_word' id='word_1_598' title='bbox 2695 4270 2884 4332; x_wconf 90' lang='lat' dir='ltr'>quam</span> <span class='ocrx_word' id='word_1_599' title='bbox 2905 4249 3150 4331; x_wconf 90' lang='lat' dir='ltr'>justitia</span> <span class='ocrx_word' id='word_1_600' title='bbox 3171 4247 3567 4310; x_wconf 80' lang='lat' dir='ltr'>distributiva</span> <span class='ocrx_word' id='word_1_601' title='bbox 3592 4247 3761 4306; x_wconf 82' lang='lat' dir='ltr'>vitare</span> <span class='ocrx_word' id='word_1_602' title='bbox 3777 4234 3959 4301; x_wconf 73' lang='lat' dir='ltr'>intendii·</span> 
     </span>
     <span class='ocr_line' id='line_1_104' title="bbox 2776 4322 4070 4425; baseline -0.013 -19"><span class='ocrx_word' id='word_1_603' title='bbox 2776 4348 2984 4406; x_wconf 88' lang='lat' dir='ltr'>Potest</span> <span class='ocrx_word' id='word_1_604' title='bbox 3010 4361 3160 4422; x_wconf 88' lang='lat' dir='ltr'>ergo</span> <span class='ocrx_word' id='word_1_605' title='bbox 3200 4342 3569 4402; x_wconf 89' lang='lat' dir='ltr'>distributor</span> <span class='ocrx_word' id='word_1_606' title='bbox 3602 4332 3869 4418; x_wconf 84' lang='lat' dir='ltr'>aliquando</span> <span class='ocrx_word' id='word_1_607' title='bbox 3895 4322 4015 4419; x_wconf 60' lang='lat' dir='ltr'>nulhffl</span> <span class='ocrx_word' id='word_1_608' title='bbox 4069 4420 4070 4425; x_wconf 7' lang='grc' dir='ltr'>η</span> 
     </span>
     <span class='ocr_line' id='line_1_105' title="bbox 2692 4414 4015 4517; baseline -0.016 -18"><span class='ocrx_word' id='word_1_609' title='bbox 2692 4437 3139 4517; x_wconf 88' lang='lat' dir='ltr'>obligationem</span> <span class='ocrx_word' id='word_1_610' title='bbox 3184 4434 3418 4495; x_wconf 88' lang='lat' dir='ltr'>habere</span> <span class='ocrx_word' id='word_1_611' title='bbox 3467 4435 3549 4495; x_wconf 87' lang='lat' dir='ltr'>ad</span> <span class='ocrx_word' id='word_1_612' title='bbox 3600 4422 3923 4493; x_wconf 81' lang='lat' dir='ltr'>distribuenda</span> <span class='ocrx_word' id='word_1_613' title='bbox 3946 4414 4015 4516; x_wconf 63' lang='lat' dir='ltr'>talfl</span> 
     </span>
     <span class='ocr_line' id='line_1_106' title="bbox 2692 4506 4058 4609; baseline -0.016 -18"><span class='ocrx_word' id='word_1_614' title='bbox 2692 4531 2880 4606; x_wconf 89' lang='lat' dir='ltr'>bona,</span> <span class='ocrx_word' id='word_1_615' title='bbox 2928 4534 2990 4590; x_wconf 87' lang='lat' dir='ltr'>et</span> <span class='ocrx_word' id='word_1_616' title='bbox 3016 4533 3166 4590; x_wconf 88' lang='lat' dir='ltr'>tunc</span> <span class='ocrx_word' id='word_1_617' title='bbox 3211 4528 3355 4589; x_wconf 89' lang='lat' dir='ltr'>licet</span> <span class='ocrx_word' id='word_1_618' title='bbox 3398 4546 3524 4587; x_wconf 90' lang='lat' dir='ltr'>non</span> <span class='ocrx_word' id='word_1_619' title='bbox 3567 4528 3744 4587; x_wconf 77' lang='lat' dir='ltr'>servet</span> <span class='ocrx_word' id='word_1_620' title='bbox 3780 4520 3826 4579; x_wconf 90' lang='lat' dir='ltr'>in</span> <span class='ocrx_word' id='word_1_621' title='bbox 3857 4506 4058 4609; x_wconf 46' lang='lat' dir='ltr'>diambu-</span> 
     </span>
     <span class='ocr_line' id='line_1_107' title="bbox 2689 4606 4012 4702; baseline -0.013 -19"><span class='ocrx_word' id='word_1_622' title='bbox 2689 4623 2858 4684; x_wconf 91' lang='lat' dir='ltr'>tione</span> <span class='ocrx_word' id='word_1_623' title='bbox 2928 4621 3399 4701; x_wconf 84' lang='lat' dir='ltr'>proportionem</span> <span class='ocrx_word' id='word_1_624' title='bbox 3459 4619 3700 4699; x_wconf 65' lang='lat' dir='ltr'>justitiae</span> <span class='ocrx_word' id='word_1_625' title='bbox 3753 4606 4012 4702; x_wconf 22' lang='lat' dir='ltr'>distribut-ot·-</span> 
     </span>
     <span class='ocr_line' id='line_1_108' title="bbox 2693 4693 4012 4794; baseline -0.016 -17"><span class='ocrx_word' id='word_1_626' title='bbox 2693 4735 2819 4777; x_wconf 90' lang='lat' dir='ltr'>non</span> <span class='ocrx_word' id='word_1_627' title='bbox 2850 4720 3069 4794; x_wconf 88' lang='lat' dir='ltr'>peccat</span> <span class='ocrx_word' id='word_1_628' title='bbox 3096 4719 3316 4775; x_wconf 91' lang='lat' dir='ltr'>contra</span> <span class='ocrx_word' id='word_1_629' title='bbox 3360 4714 3557 4773; x_wconf 87' lang='lat' dir='ltr'>illam.</span> <span class='ocrx_word' id='word_1_630' title='bbox 3587 4714 3659 4773; x_wconf 83' lang='lat' dir='ltr'>L&#39;t</span> <span class='ocrx_word' id='word_1_631' title='bbox 3698 4708 3740 4768; x_wconf 90' lang='lat' dir='ltr'>si</span> <span class='ocrx_word' id='word_1_632' title='bbox 3776 4701 3882 4762; x_wconf 75' lang='lat' dir='ltr'>velis</span> <span class='ocrx_word' id='word_1_633' title='bbox 3910 4693 4012 4752; x_wconf 91' lang='grc' dir='ltr'>(ΙΝ</span> 
     </span>
     <span class='ocr_line' id='line_1_109' title="bbox 2689 4796 4010 4887; baseline -0.019 -18"><span class='ocrx_word' id='word_1_634' title='bbox 2689 4809 2884 4869; x_wconf 88' lang='lat' dir='ltr'>buere</span> <span class='ocrx_word' id='word_1_635' title='bbox 2927 4813 3148 4887; x_wconf 89' lang='lat' dir='ltr'>sponte</span> <span class='ocrx_word' id='word_1_636' title='bbox 3192 4807 3354 4868; x_wconf 89' lang='lat' dir='ltr'>iuter</span> <span class='ocrx_word' id='word_1_637' title='bbox 3396 4822 3692 4886; x_wconf 88' lang='lat' dir='ltr'>pauperes</span> <span class='ocrx_word' id='word_1_638' title='bbox 3729 4796 3852 4858; x_wconf 88' lang='lat' dir='ltr'>mille</span> <span class='ocrx_word' id='word_1_639' title='bbox 3881 4798 4010 4848; x_wconf 58' lang='lat' dir='ltr'>norw-&#39;-</span> 
     </span>
     <span class='ocr_line' id='line_1_110' title="bbox 2687 4889 4010 4982; baseline -0.016 -19"><span class='ocrx_word' id='word_1_640' title='bbox 2687 4902 2834 4963; x_wconf 91' lang='lat' dir='ltr'>licet</span> <span class='ocrx_word' id='word_1_641' title='bbox 2878 4900 3235 4981; x_wconf 88' lang='lat' dir='ltr'>pauperiori</span> <span class='ocrx_word' id='word_1_642' title='bbox 3282 4901 3394 4959; x_wconf 87' lang='lat' dir='ltr'>des</span> <span class='ocrx_word' id='word_1_643' title='bbox 3423 4918 3599 4979; x_wconf 83' lang='lat' dir='ltr'>aeque</span> <span class='ocrx_word' id='word_1_644' title='bbox 3627 4889 3889 4956; x_wconf 78' lang='lat' dir='ltr'>-velminus</span> <span class='ocrx_word' id='word_1_645' title='bbox 3916 4890 4010 4982; x_wconf 59' lang='lat' dir='ltr'>quass-</span> 
     </span>
     <span class='ocr_line' id='line_1_111' title="bbox 2687 4971 4012 5077; baseline -0.019 -19"><span class='ocrx_word' id='word_1_646' title='bbox 2687 4995 2824 5058; x_wconf 90' lang='lat' dir='ltr'>aliis</span> <span class='ocrx_word' id='word_1_647' title='bbox 2852 5014 2977 5056; x_wconf 91' lang='lat' dir='ltr'>non</span> <span class='ocrx_word' id='word_1_648' title='bbox 3007 5012 3230 5072; x_wconf 88' lang='lat' dir='ltr'>peccas</span> <span class='ocrx_word' id='word_1_649' title='bbox 3271 4998 3494 5054; x_wconf 90' lang='lat' dir='ltr'>contra</span> <span class='ocrx_word' id='word_1_650' title='bbox 3530 4988 3789 5072; x_wconf 83' lang='lat' dir='ltr'>justitiam</span> <span class='ocrx_word' id='word_1_651' title='bbox 3819 4971 4012 5077; x_wconf 55' lang='lat' dir='ltr'>distribuit</span> 
     </span>
     <span class='ocr_line' id='line_1_112' title="bbox 2688 5058 4010 5163; baseline -0.017 -14"><span class='ocrx_word' id='word_1_652' title='bbox 2688 5107 2854 5149; x_wconf 87' lang='lat' dir='ltr'>vam.</span> <span class='ocrx_word' id='word_1_653' title='bbox 2892 5087 3067 5148; x_wconf 91' lang='lat' dir='ltr'>Idem</span> <span class='ocrx_word' id='word_1_654' title='bbox 3096 5092 3210 5162; x_wconf 88' lang='lat' dir='ltr'>est,</span> <span class='ocrx_word' id='word_1_655' title='bbox 3244 5086 3295 5146; x_wconf 91' lang='lat' dir='ltr'>si</span> <span class='ocrx_word' id='word_1_656' title='bbox 3342 5090 3565 5163; x_wconf 89' lang='lat' dir='ltr'>sponte</span> <span class='ocrx_word' id='word_1_657' title='bbox 3592 5100 3658 5144; x_wconf 79' lang='lat' dir='ltr'>cx</span> <span class='ocrx_word' id='word_1_658' title='bbox 3683 5078 3779 5142; x_wconf 81' lang='lat' dir='ltr'>tuis</span> <span class='ocrx_word' id='word_1_659' title='bbox 3800 5058 4010 5133; x_wconf 48' lang='lat' dir='ltr'>homsvek</span> 
     </span>
     <span class='ocr_line' id='line_1_113' title="bbox 2688 5168 4010 5265; baseline -0.011 -23"><span class='ocrx_word' id='word_1_660' title='bbox 2688 5182 2839 5242; x_wconf 90' lang='lat' dir='ltr'>dare</span> <span class='ocrx_word' id='word_1_661' title='bbox 2883 5180 3142 5259; x_wconf 84' lang='lat' dir='ltr'>praemia</span> <span class='ocrx_word' id='word_1_662' title='bbox 3189 5179 3528 5257; x_wconf 79' lang='lat' dir='ltr'>aliquibus,</span> <span class='ocrx_word' id='word_1_663' title='bbox 3565 5176 3656 5257; x_wconf 91' lang='lat' dir='ltr'>qui</span> <span class='ocrx_word' id='word_1_664' title='bbox 3694 5174 3816 5234; x_wconf 86' lang='lat' dir='ltr'>bene</span> <span class='ocrx_word' id='word_1_665' title='bbox 3843 5168 4010 5265; x_wconf 38' lang='lat' dir='ltr'>§2525ss</span> 
     </span>
     <span class='ocr_line' id='line_1_114' title="bbox 2685 5256 4008 5356; baseline -0.009 -23"><span class='ocrx_word' id='word_1_666' title='bbox 2685 5279 2833 5334; x_wconf 90' lang='lat' dir='ltr'>runt</span> <span class='ocrx_word' id='word_1_667' title='bbox 2878 5274 2940 5333; x_wconf 90' lang='lat' dir='ltr'>in</span> <span class='ocrx_word' id='word_1_668' title='bbox 2987 5272 3175 5349; x_wconf 89' lang='lat' dir='ltr'>bello,</span> <span class='ocrx_word' id='word_1_669' title='bbox 3228 5290 3352 5332; x_wconf 91' lang='lat' dir='ltr'>non</span> <span class='ocrx_word' id='word_1_670' title='bbox 3382 5289 3605 5349; x_wconf 87' lang='lat' dir='ltr'>peccas</span> <span class='ocrx_word' id='word_1_671' title='bbox 3641 5256 4008 5356; x_wconf 44' lang='lat' dir='ltr'>contram-‘DQ</span> 
     </span>
     <span class='ocr_line' id='line_1_115' title="bbox 2687 5352 4007 5442; baseline -0.011 -15"><span class='ocrx_word' id='word_1_672' title='bbox 2687 5365 3170 5441; x_wconf 88' lang='lat' dir='ltr'>distributivam,</span> <span class='ocrx_word' id='word_1_673' title='bbox 3217 5364 3367 5425; x_wconf 88' lang='lat' dir='ltr'>licet</span> <span class='ocrx_word' id='word_1_674' title='bbox 3411 5364 3553 5442; x_wconf 89' lang='lat' dir='ltr'>plus</span> <span class='ocrx_word' id='word_1_675' title='bbox 3596 5361 3690 5422; x_wconf 89' lang='lat' dir='ltr'>des</span> <span class='ocrx_word' id='word_1_676' title='bbox 3726 5353 3768 5415; x_wconf 87' lang='lat' dir='ltr'>ei</span> <span class='ocrx_word' id='word_1_677' title='bbox 3805 5365 3876 5428; x_wconf 77' lang='lat' dir='ltr'>qm</span> <span class='ocrx_word' id='word_1_678' title='bbox 3907 5352 4007 5439; x_wconf 70' lang='lat' dir='ltr'>num&gt;</span> 
     </span>
     <span class='ocr_line' id='line_1_116' title="bbox 2684 5428 4006 5544; baseline 0 -24"><span class='ocrx_word' id='word_1_679' title='bbox 2684 5459 2934 5536; x_wconf 85' lang='lat' dir='ltr'>meruit,</span> <span class='ocrx_word' id='word_1_680' title='bbox 2976 5458 3124 5537; x_wconf 91' lang='lat' dir='ltr'>quia</span> <span class='ocrx_word' id='word_1_681' title='bbox 3151 5457 3228 5518; x_wconf 95' lang='lat' dir='ltr'>de</span> <span class='ocrx_word' id='word_1_682' title='bbox 3274 5456 3397 5520; x_wconf 81' lang='lat' dir='ltr'>tuis</span> <span class='ocrx_word' id='word_1_683' title='bbox 3435 5456 3611 5517; x_wconf 88' lang='lat' dir='ltr'>bonis</span> <span class='ocrx_word' id='word_1_684' title='bbox 3650 5454 3792 5531; x_wconf 77' lang='lat' dir='ltr'>potes</span> <span class='ocrx_word' id='word_1_685' title='bbox 3822 5456 3895 5544; x_wconf 60' lang='lat' dir='ltr'>Pf⁰</span> <span class='ocrx_word' id='word_1_686' title='bbox 3921 5428 4006 5489; x_wconf 47' lang='lat' dir='ltr'>hm</span> 
     </span>
     <span class='ocr_line' id='line_1_117' title="bbox 2682 5524 4006 5631; baseline -0.022 -18"><span class='ocrx_word' id='word_1_687' title='bbox 2682 5553 3035 5631; x_wconf 84' lang='lat' dir='ltr'>disponere.</span> <span class='ocrx_word' id='word_1_688' title='bbox 3084 5550 3230 5611; x_wconf 91' lang='lat' dir='ltr'>Ideo</span> <span class='ocrx_word' id='word_1_689' title='bbox 3259 5555 3440 5629; x_wconf 87' lang='lat' dir='ltr'>pater</span> <span class='ocrx_word' id='word_1_690' title='bbox 3470 5550 3571 5611; x_wconf 90' lang='lat' dir='ltr'>ille</span> <span class='ocrx_word' id='word_1_691' title='bbox 3608 5541 3821 5607; x_wconf 78' lang='lat' dir='ltr'>lamilias</span> <span class='ocrx_word' id='word_1_692' title='bbox 3847 5550 3886 5591; x_wconf 77' lang='lat' dir='ltr'>in</span> <span class='ocrx_word' id='word_1_693' title='bbox 3903 5524 4006 5585; x_wconf 68' lang='lat' dir='ltr'>finn-</span> 
     </span>
    </p>
   </div>
   <div class='ocr_carea' id='block_1_7' title="bbox 4069 3660 4075 4454">
    <p class='ocr_par' dir='ltr' id='par_1_9' title="bbox 4069 3660 4075 4454">
     <span class='ocr_line' id='line_1_118' title="bbox 4069 3660 4075 4454; baseline 0 0"><span class='ocrx_word' id='word_1_694' title='bbox 4069 3660 4075 4454; x_wconf 95' lang='lat' dir='ltr'> </span> 
     </span>
    </p>
   </div>
  </div>
 </body>
</html>
