4263 6376
862 241 976 300 172

859 413 1256 493 lucrandum,
1318 418 1415 478 vel
1468 418 1952 498 negotiandum,
2004 420 2207 498 potuit
2257 438 2397 499 pre-

861 507 1017 568 tium
1073 510 1356 589 accipere
1386 529 1499 589 pro
1529 511 1663 591 ipsa
1693 511 2070 590 obligatione
2126 512 2206 573 ad
2271 530 2395 572 non

860 600 1254 680 lucrandum,
1291 622 1406 664 nec
1436 604 1848 682 repetendum
1879 609 2190 680 mutuum,
2252 606 2397 667 licet

864 712 939 754 ea
965 695 1043 754 de
1073 714 1263 755 causa
1292 697 1529 757 nullum
1575 697 1663 757 illi
1702 697 1950 758 lucrum
2011 703 2246 771 cesset;
2283 699 2390 758 sed

861 788 1010 867 quia
1037 787 1171 866 ipsa
1202 789 1525 868 obligatio,
1579 791 1659 849 ad
1718 809 1843 851 non
1898 791 2296 868 lucrandum,
2333 797 2394 854 et

863 881 1142 940 carentia
1170 881 1333 941 illius
1387 883 1711 962 potestatis
1767 888 1861 944 est
1914 882 2148 962 aliquid
2196 885 2394 963 pretio

863 973 1255 1035 aestimabile:
1292 975 1459 1054 quod
1489 977 1758 1056 pretium
1788 994 1910 1036 non
1934 976 2239 1055 accipitur
2267 977 2392 1038 ullo

862 1065 1050 1127 modo
1082 1085 1191 1144 pro
1221 1068 1489 1147 pecunia
1535 1073 1751 1129 mutuo
1808 1069 1976 1145 data,
2036 1069 2172 1130 haec
2228 1071 2394 1130 enim

862 1158 1122 1221 solvitur
1154 1160 1533 1221 sufficienter
1560 1161 1681 1221 alia
1707 1162 1973 1240 pecunia
2003 1163 2228 1242 aequali
2256 1183 2394 1243 pos-

742 1271 747 1276 ’
860 1254 966 1313 tea
1011 1251 1290 1324 reddita3
1325 1253 1433 1312 sed
1462 1253 1765 1331 accipitur
1793 1273 1906 1333 pro
1955 1256 2231 1315 carentia
2287 1275 2394 1336 po-

621 1637 696 1696 {9

573 1762 762 1826 Aliorum

573 1821 754 1858 rationes

546 1869 784 1913 tffmtur.

863 1343 1104 1404 testatis
1147 1344 1227 1404 ad
1280 1346 1694 1423 repetendum
1746 1350 1810 1406 et
1855 1347 2227 1408 lucrandum
2283 1368 2395 1428 per

863 1438 1108 1497 tantum
1154 1441 1422 1516 tempuS‚
1458 1456 1596 1517 qnae
1630 1438 1906 1528 carentia
1936 1440 2259 1517 potestatis
2317 1441 2394 1502 de

866 1546 932 1587 se
957 1526 1204 1589 videtur
1233 1529 1429 1608 pretio
1463 1530 1868 1592 aestimabilis

947 1621 1149 1697 Ratio,
1184 1639 1372 1699 quam
1401 1623 1817 1684 communiter
1845 1625 2115 1685 afferunt
2161 1625 2241 1685 ad
2291 1645 2394 1685 ne-

865 1714 1144 1792 gandum
1200 1714 1318 1775 hoc
1378 1715 1599 1793 licere,
1670 1721 1801 1790 est3
1889 1716 2036 1796 quia
2117 1719 2393 1782 carentia

866 1806 1008 1868 talis
1088 1807 1431 1885 potestatiS‚
1491 1828 1601 1869 seu
1658 1809 1870 1870 dilatio
1967 1811 2390 1888 repetitioniS,

864 1903 959 1961 est
985 1898 1063 1959 de
1091 1900 1329 1960 ratione
1386 1901 1724 1963 intrinseca
1751 1902 1989 1974 mutui;
2024 1903 2075 1963 si
2122 1922 2271 1982 ergo
2302 1905 2396 1963 ni-

863 1990 951 2051 hil
994 1997 1200 2070 potest
1255 1994 1454 2072 accipi
1520 2013 1633 2073 pro
1696 1998 1935 2072 mutuo,
1998 2014 2121 2056 non
2165 1998 2398 2074 poterit

865 2083 1053 2146 etiam
1082 2103 1193 2164 pro
1248 2085 1625 2164 obligatione
1674 2087 1751 2147 ad
1784 2106 1905 2147 non
1941 2089 2389 2168 repetendum:

866 2176 1013 2255 quia
1041 2176 1201 2239 sicut
1226 2181 1512 2238 mutuum
1540 2185 1633 2240 est
1651 2180 2014 2257 gratuitum,
2032 2181 2119 2241 ita
2151 2182 2393 2260 obliga-

862 2269 950 2330 tio
981 2270 1083 2329 illa
1115 2274 1207 2331 est
1260 2272 1567 2350 gratuita3
1603 2273 1898 2352 obligatio
1941 2292 2087 2352 ergo
2140 2293 2263 2335 non
2307 2294 2398 2335 re-

863 2362 1113 2442 petendi
1146 2382 1256 2442 per
1287 2383 1543 2442 annum,
1575 2366 1720 2427 licet
1758 2366 1952 2427 addat
1996 2368 2233 2446 aliquid
2291 2388 2398 2427 su-

863 2474 977 2534 pra
1006 2459 1292 2517 mutuum
1350 2457 1412 2517 in
1456 2459 1794 2536 communi,
1831 2479 1951 2519 non
1985 2464 2192 2520 tamen
2223 2460 2400 2522 addit

863 2567 1051 2628 supra
1081 2549 1200 2610 hoc
1231 2555 1514 2611 mutuum
1535 2551 1598 2610 in
1629 2551 1950 2612 individuo
1977 2571 2197 2613 :omne
2230 2553 2395 2613 enim

861 2646 1150 2702 mutuum
1176 2643 1361 2705 affert
1387 2662 1601 2704 secum
1631 2645 2075 2724 obligationem
2128 2665 2250 2706 non
2301 2666 2395 2707 re-

862 2735 1113 2814 petendi
1144 2755 1258 2816 per
1286 2736 1540 2817 aliquod
1595 2742 1866 2818 tempuS,
1902 2738 2179 2818 alioquin
2232 2743 2395 2800 esset

818 2831 823 2836 ’
861 2846 1107 2889 merum
1131 2830 1521 2909 precarium:
1555 2837 1844 2892 mutuum
1867 2835 2078 2894 autem
2108 2831 2186 2891 ad
2218 2850 2396 2891 men-

865 2939 997 2980 sem
1025 2921 1124 2982 vel
1152 2923 1229 2982 ad
1264 2941 1519 2999 annum,
1555 2925 1737 2984 affert
1791 2922 2240 3001 obligationem
2272 2943 2397 2985 non

864 3014 1189 3093 repetendi
1218 3034 1331 3094 per
1357 3033 1660 3092 mensem,
1693 3015 1792 3076 vel
1822 3035 1936 3095 per
1978 3035 2214 3077 annum
2248 3037 2263 3089 ;
2300 3036 2399 3077 er·-

863 3124 945 3185 go
976 3107 1134 3167 sicut
1163 3125 1274 3184 pro
1326 3109 1529 3185 prima
1567 3109 1947 3187 obligatione
1996 3109 2073 3168 ad
2123 3109 2397 3187 primum

864 3204 1112 3278 tempus
1130 3199 1278 3260 nihil
1310 3206 1514 3280 potest
1540 3202 1688 3281 peti,
1726 3202 1874 3281 quia
1924 3206 2019 3264 est
2058 3202 2399 3265 intrinseca

867 3292 1066 3370 primo
1096 3296 1311 3354 mutuo
1347 3313 1361 3365 ;
1395 3294 1482 3355 ita
1514 3313 1629 3355 nec
1658 3295 1889 3374 poterit
1946 3313 2059 3373 pro
2117 3296 2399 3355 secunda

867 3384 1247 3464 obligatione
1301 3386 1381 3447 ad
1435 3387 1786 3448 secundum
1844 3406 2150 3465 mensem,
2211 3408 2270 3450 v.
2328 3408 2390 3473 g.

867 3477 1015 3556 quia
1043 3477 1179 3538 hoec
1211 3479 1401 3541 etiam
1446 3485 1542 3542 est
1586 3480 1921 3542 intrinseca
1957 3482 2234 3543 secundo
2264 3500 2399 3542 mu-

865 3575 996 3647 tue,
1031 3588 1141 3631 seu
1170 3572 1620 3634 continuationi
1651 3573 1835 3652 primi
1861 3574 2083 3635 mutui.

947 3665 1094 3725 Haec
1121 3666 1442 3744 responsio
1474 3666 1639 3727 bona
1689 3672 1812 3743 est,
1864 3672 1927 3728 et
1973 3666 2286 3728 sufficiens
2318 3666 2399 3727 ad

867 3756 1184 3818 hominem
1215 3764 1432 3820 contra
1460 3778 1567 3819 eos
1587 3806 1601 3835 ,
1637 3760 1742 3838 qui
1773 3760 2076 3836 latentur,
2120 3780 2232 3839 pro
2263 3779 2401 3820 mu-

863 3853 992 3923 tuo,
1026 3870 1137 3911 seu
1168 3871 1278 3930 pro
1319 3853 1563 3914 actione
1620 3854 1988 3929 mutuandi,
2053 3871 2175 3913 non
2217 3871 2400 3933 posse

865 3943 1135 4022 pretium
1166 3946 1393 4024 accipi;
1430 3946 1578 4026 quia
1605 3965 1827 4007 revera
1844 3947 2120 4025 obligare
2142 3946 2218 4006 de
2236 3964 2399 4007 novo

866 4054 931 4096 se
980 4037 1060 4095 ad
1107 4056 1231 4098 non
1288 4039 1698 4116 repetendum
1756 4058 1867 4118 per
1921 4058 2189 4115 annum,
2248 4038 2402 4098 nihil

868 4128 1037 4189 aliud
1066 4130 1314 4192 videtur
1341 4150 1476 4191 esse
1507 4150 1696 4210 quam
1743 4151 2082 4212 prorogare
2113 4136 2402 4192 mutuum

867 4240 981 4300 per
1007 4241 1241 4283 annum
1271 4230 1657 4304 sequentem,
1680 4230 1868 4304 atque
1890 4225 2029 4285 ideo
2054 4229 2148 4285 est
2171 4244 2402 4286 novum

867 4320 1157 4376 mutuum
1185 4316 1448 4377 virtuale
1486 4338 1498 4378 :
1532 4318 1695 4379 sicut
1726 4318 1982 4398 quando
2030 4318 2296 4378 debitori
2329 4337 2404 4377 ex

869 4413 1190 4471 contractu
1223 4410 1513 4470 concedis
1544 4411 1908 4471 dilationem
1939 4411 2262 4472 solutionis
2291 4428 2405 4491 per

868 4520 1183 4575 mensem,
1238 4503 1392 4563 nihil
1421 4509 1598 4582 potes
1637 4504 1921 4582 accipere
1965 4523 2076 4582 pro
2116 4504 2222 4564 illa
2250 4504 2407 4564 dila-

867 4596 1059 4669 tione,
1095 4597 1242 4675 quia
1269 4597 1405 4675 ipsa
1423 4598 1637 4660 dilatio
1657 4603 1752 4659 est
1774 4598 2093 4676 quoddam
2116 4601 2405 4658 mutuum

868 4689 1133 4751 virtuale
1162 4691 1254 4750 rei
1298 4690 1548 4752 debitae.
1604 4691 1726 4752 Sed
1773 4696 1986 4752 tamen
2036 4696 2257 4752 contra
2300 4710 2406 4751 eos

870 4783 976 4863 qui
1006 4787 1313 4861 negarent
1339 4803 1595 4844 usuram
1627 4803 1759 4845 esse
1801 4784 1942 4863 jure
1994 4783 2260 4845 naturali
2291 4783 2408 4843 illi-

869 4875 1080 4953 citam,
1116 4876 1490 4955 supponitur
1520 4877 1944 4955 probandum,
1990 4877 2138 4956 quia
2165 4877 2285 4955 ipsi
2314 4896 2408 4936 ar-

867 4972 1168 5048 gumento
1200 4987 1389 5046 supra
1417 4968 1583 5029 fac-to
1617 4970 2019 5045 contendent,
2054 4987 2168 5049 pro
2190 4973 2406 5030 mutuo

869 5080 1050 5141 posse
1082 5061 1319 5141 aliquid
1362 5062 1563 5141 accipi
1610 5063 1775 5123 ultra
1822 5067 2093 5140 sortem,
2148 5063 2296 5142 quia
2346 5062 2408 5121 in

868 5159 1087 5216 mutuo
1120 5156 1285 5216 ultra
1313 5154 1646 5235 pecuniam
1689 5155 1902 5217 datam
1930 5203 1944 5231 ,
2000 5173 2140 5234 quae
2184 5155 2408 5234 requali

871 5248 1136 5326 pecunia
1175 5253 1715 5328 compensaretur,
1749 5249 2084 5310 intervenit
2112 5249 2408 5326 obligatio

871 5341 976 5400 illa
1004 5341 1084 5402 ad
1115 5360 1240 5401 non
1267 5341 1682 5421 repetendum
1718 5361 1828 5421 per
1857 5341 2107 5421 aliquod
2139 5347 2406 5419 tempus,

876 5453 1015 5517 quoe
1046 5433 1341 5513 obligatio
1372 5438 1466 5498 est
1492 5436 1691 5514 pretio
1724 5436 2135 5512 oestimabiliS,
2169 5434 2412 5497 etiamsi

2021 242 2121 300 DF.
2164 242 2522 304 JUSTITIA
2568 241 2669 301 ΕΤ
2712 241 2912 302 JURE

2496 419 2573 478 de
2603 417 2766 479 facto
2798 435 2920 477 non
2951 417 3032 478 sit
3055 417 3297 477 lucrum
3329 435 3606 492 cessanS,
3664 422 3733 477 ut
3759 417 3988 496 probare

2494 511 2743 573 videtur
2781 510 3133 588 exemplum
3178 511 3313 589 agri
3376 529 3501 571 non
3553 508 3794 570 colendi
3834 528 3872 569 a
3910 510 3990 569 do-

2495 605 2688 682 mino,
2722 604 2829 683 qui
2855 608 3065 664 tamen
3096 608 3300 683 potest
3326 603 3599 682 pretium
3617 602 3886 681 accipere
3901 621 3989 680 pre

2496 696 2873 776 obligatione
2904 696 3075 756 illum
3109 715 3230 756 non
3261 696 3547 765 colendi:
3581 694 3730 775 quia
3760 703 3990 774 potestas

2493 789 2599 849 illa
2628 807 2751 868 qua
2782 807 2847 848 se
2876 788 3104 867 privat,
3143 792 3236 849 est
3266 807 3409 848 vere
3440 787 3677 867 aliquid
3720 789 3903 866 pretio
3929 807 3991 847 ae-

2493 881 2826 943 stimabile.
2863 881 2928 943 Si
2949 900 3096 960 ergo
3127 900 3312 942 omne
3341 886 3631 942 mutuum
3652 880 3899 940 includit
3920 881 3994 939 in-

2492 975 2760 1036 trinsece
2791 974 2961 1034 illam
2991 974 3459 1052 obligationem,
3486 973 3620 1053 jam
3641 973 3894 1034 includit
3909 973 3995 1032 ali-

2496 1067 2645 1145 quid
2673 1114 2687 1143 ,
2723 1085 2835 1144 pro
2868 1083 2989 1145 quo
3019 1066 3183 1127 ultra
3209 1070 3442 1127 sortem
3482 1067 3681 1145 possit
3716 1065 3901 1144 accipi
3925 1065 3995 1124 lu·

2494 1179 2690 1221 crum.

2575 1257 2701 1315 Nec
2731 1253 3027 1314 satisfacit
3057 1253 3231 1314 Salas
3255 1300 3270 1329 ,
3323 1253 3430 1332 qui
3458 1252 3628 1312 dicto
3659 1251 3810 1311 dub.
3843 1267 3922 1310 vi.
3949 1250 3995 1309 in

2492 1347 2616 1407 fine
2655 1353 2780 1409 tres
2820 1347 3093 1407 rationes
3139 1347 3357 1422 affert,
3409 1349 3667 1423 propter
3707 1363 3860 1423 quas
3899 1362 3998 1404 non

2494 1439 2689 1518 possit
2709 1439 3054 1518 quidquam
3100 1438 3295 1517 accipi
3328 1455 3439 1518 pro
3473 1438 3576 1498 illa
3625 1436 3997 1515 obligatione.

2494 1531 2700 1591 Prima
2735 1536 2828 1592 est
2850 1577 2866 1606 ,
2902 1531 3050 1610 quia
3078 1550 3151 1590 ex
3203 1531 3322 1591 hoc
3369 1533 3785 1610 sequerentur
3809 1529 4001 1589 eadem

2494 1623 3030 1699 inconvenientia,
3092 1642 3230 1703 quae
3286 1627 3635 1703 sequuntur
3683 1642 3764 1682 ex
3816 1641 3999 1682 usura.

2496 1717 2620 1778 Sed
2652 1717 2785 1777 baec
2808 1717 2965 1776 ratio
2991 1762 3004 1785 ,
3057 1723 3127 1776 ut
3173 1716 3337 1792 dixi,
3387 1736 3512 1777 non
3558 1716 3792 1776 sufficit
3818 1721 4005 1775 contra

2495 1828 2601 1870 eos
2632 1809 2734 1889 qui
2768 1812 3071 1888 negarent
3100 1826 3352 1870 usuram
3396 1828 3531 1870 esse
3569 1809 3850 1868 illicitam
3886 1809 4006 1885 jure

2495 1907 2756 1964 naturoe.
2794 1903 3086 1964 Secunda
3124 1906 3254 1979 est,
3290 1903 3435 1981 quia
3467 1901 3767 1980 obligatio
3800 1902 3900 1960 illa
3924 1921 4007 1961 ca·

2494 1995 2671 2056 rendi
2701 1995 2968 2074 pecunia
3011 1999 3074 2055 et
3116 1994 3441 2073 repetendi
3484 1998 3817 2069 mutuum,
3861 1994 4010 2054 suffi-

2494 2088 2732 2149 cienter
2759 2093 3202 2166 compensatur
3229 2087 3330 2147 illo
3355 2087 3685 2147 commodo
3710 2087 3882 2166 quod
3902 2105 4010 2146 mu·

2493 2186 2677 2244 tuans
2706 2180 2916 2256 habet,
2953 2185 3260 2259 quatenus
3288 2180 3337 2239 si
3368 2198 3468 2239 res
3498 2185 3713 2239 mutuo
3747 2179 3897 2238 data
3923 2198 4012 2257 pe-

2493 2278 2651 2349 reat,
2679 2292 2803 2334 non
2833 2273 2967 2353 ejus
3006 2275 3235 2333 damno
3267 2273 3464 2350 perit,
3498 2271 3607 2332 sed
3637 2271 4008 2346 mutuatarii,

2495 2367 2630 2428 baec
2662 2370 2869 2427 tamen
2898 2366 3056 2427 ratio
3087 2365 3308 2426 frivola
3337 2368 3431 2425 est
3454 2411 3469 2440 ‚
3517 2365 3666 2444 quia
3692 2383 3811 2442 pro
3842 2364 4012 2424 nihilo

2497 2460 2614 2520 hoc
2644 2459 3045 2519 commodum
3078 2457 3244 2537 apud
3277 2458 3562 2518 homines
3601 2457 3903 2518 testimari
3929 2475 4012 2516 so·

2491 2554 2598 2628 let,
2634 2559 2695 2614 et
2722 2552 2965 2628 merito,
2992 2570 3134 2612 cum
3167 2551 3267 2611 vix
3310 2569 3654 2630 numquam
3698 2550 4014 2610 occasione

2493 2645 2692 2706 mutui
2723 2645 2995 2705 creditor
3023 2644 3224 2722 magis
3274 2647 3474 2704 tutam
3523 2661 3660 2702 rem
3706 2660 3889 2701 suam
3917 2641 4012 2699 ha·

2494 2738 2722 2814 buerit,
2774 2742 2836 2798 et
2887 2737 3120 2815 passim
3178 2755 3250 2796 ea
3307 2735 3634 2796 occasione
3690 2741 3890 2796 totam
3935 2733 4014 2792 vel

2497 2837 2740 2909 partem
2768 2830 2966 2891 mutui
2999 2828 3282 2906 amittat,
3317 2828 3567 2890 nolente
3615 2828 3713 2887 vel
3764 2845 3889 2887 non
3929 2845 4017 2904 po-

2497 2927 2665 2986 tente
2713 2922 3093 2984 mutuatario
3146 2922 3410 2983 solvere.
3457 2922 3672 2982 Tertia
3715 2921 3878 2981 ratio
3918 2925 4013 2992 est,

2501 3017 2646 3096 quia
2676 3015 2971 3094 obligatio
3004 3033 3143 3094 quoe
3181 3033 3303 3075 non
3336 3020 3428 3075 est
3469 3013 3874 3074 incommoda
3901 3031 4020 3071 mu-

2497 3109 2720 3184 tuanti,
2756 3108 2956 3187 qualis
2986 3112 3079 3168 est
3108 3108 3279 3184 liaec,
3330 3126 3455 3168 non
3502 3113 3597 3169 est
3637 3106 3840 3185 pretio
3886 3106 4021 3165 aesti·

2499 3202 2765 3278 mabiliS,
2801 3201 2935 3261 haec
2965 3200 3151 3263 etiam
3182 3201 3337 3261 ratio
3382 3200 3792 3280 impugnatur
3829 3218 4019 3259 exem·

2497 3296 2601 3375 plo
2645 3313 2835 3372 supra
2891 3294 3163 3355 adducto
3218 3294 3382 3353 illius
3439 3293 3542 3373 qui
3590 3312 3816 3372 agrum
3860 3311 4022 3352 suum

2501 3406 2623 3448 non
2654 3387 2821 3463 colit,
2855 3406 2969 3447 nec
3001 3387 3193 3447 habet
3241 3386 3519 3446 animum
3567 3404 3716 3445 eum
3764 3384 4020 3459 colendi,

2501 3484 2790 3541 ettamen
2821 3484 3025 3558 potest
3054 3499 3164 3559 pro
3208 3480 3406 3558 pretio
3437 3479 3719 3557 obligare
3767 3498 3834 3537 se
3863 3477 3940 3537 ad
3969 3477 4023 3536 il·

2496 3574 2628 3634 lum
2660 3591 2784 3634 non
2814 3574 3167 3633 colendum.
3206 3572 3445 3633 Sufficit
3476 3592 3650 3651 erge,
3688 3571 3857 3652 quod
3888 3570 4027 3630 obli-

2499 3666 2666 3745 gatio
2698 3666 2892 3744 possit
2920 3665 3170 3745 aliquod
3201 3665 3671 3726 incommodum
3701 3662 4023 3743 aliquando

2500 3760 2748 3834 afferre,
2781 3759 2862 3819 ad
2912 3758 3032 3819 hoc
3089 3763 3155 3819 ut
3209 3776 3321 3837 pro
3370 3758 3506 3838 ipsa
3541 3759 3816 3836 pretium
3846 3755 4026 3837 possit

2501 3852 2722 3930 accipi.

2580 3945 2687 4005 llis
2715 3943 3060 4006 rationibus
3090 3944 3331 4005 omissis
3356 3991 3371 4019 ,
3404 3943 3820 4003 insistendum
3863 3941 4023 4001 vide·

2499 4041 2601 4101 tur
2647 4039 2870 4100 rationi
2929 4038 3216 4099 adductae
3275 4037 3552 4098 sectione
3612 4035 4021 4115 praecedente,
4066 4086 4140 4127 m

4127 3958 4162 4014 31

4148 4092 4171 4131 'l

2504 4150 2644 4193 eam
2675 4132 2875 4210 magis
2907 4130 3312 4210 explicandO,
3361 4136 3422 4190 et
3468 4128 3808 4189 dicendum
3832 4176 3847 4204 ,
3899 4127 4026 4186 ideo
4084 4140 4171 4190 vi*-

2503 4244 2615 4305 pro
2647 4225 2764 4285 hac
2792 4224 3172 4303 obligatione
3221 4228 3282 4285 et
3327 4241 3517 4283 onere
3561 4241 3686 4280 non
3717 4240 3900 4301 posse
3930 4219 4029 4279 ali-

2506 4318 2652 4399 quid
2684 4318 2950 4396 amplius
2976 4317 3174 4396 accipi
3199 4337 3213 4388 ;
3250 4317 3396 4396 quia
3425 4320 3624 4377 totum
3644 4314 3764 4375 hoc
3782 4314 4031 4374 solvitur

2506 4412 2584 4472 ad
2618 4411 3039 4490 aequalitatem
3069 4409 3368 4470 solvendo
3417 4414 3747 4484 mutuum,
3799 4412 3862 4467 et
3909 4404 4029 4465 red·

2506 4504 2710 4565 dendo
2743 4503 3133 4565 tantumdem
3166 4506 3380 4581 postea
3409 4501 3745 4561 mutuanti.
3781 4500 3843 4561 Si
3878 4499 4029 4559 enim

2505 4602 2800 4658 mutuans
2830 4596 3037 4657 dando
3073 4599 3208 4658 100.
3242 4594 3512 4674 privavit
3541 4613 3605 4653 se
3627 4594 3922 4655 facultate
3941 4610 4031 4650 ne·

2506 4690 2785 4770 gotiandi
2817 4695 2877 4750 et
2902 4689 3187 4750 lucrandi
3217 4707 3357 4749 cum
3378 4688 3481 4747 illa
3497 4686 3788 4767 pecunia,
3826 4691 4031 4764 postea

2508 4783 2790 4845 redditur
2820 4782 2907 4841 illi
2956 4781 3215 4861 aequalis
3262 4781 3530 4861 pecunia
3557 4798 3700 4840 cum
3750 4779 4033 4839 facultate

2509 4875 2870 4956 negotiandi
2902 4880 2963 4936 et
2987 4874 3273 4934 lucrandi
3302 4892 3446 4934 cum
3476 4872 3602 4949 illa,
3624 4890 3763 4951 quce
3784 4871 4033 4931 facultas

2510 4969 2843 5049 aequivalet
2873 4967 3153 5029 facultati
3183 4966 3268 5026 illi
3300 4985 3424 5046 qua
3453 4985 3519 5026 se
3559 4965 3732 5044 prius
3780 4962 4037 5043 privavit

2511 5063 2589 5123 ad
2620 5067 2867 5139 tempus
2891 5108 2906 5137 ,
2941 5060 3100 5121 sicut
3129 5059 3396 5138 pecunia
3437 5059 3683 5119 reddita
3714 5056 4038 5136 aequivalet

2510 5154 2790 5236 pecuniae
2821 5153 2981 5215 datae
3007 5173 3021 5226 ;
3072 5157 3271 5214 totum
3315 5170 3462 5230 ergo
3495 5150 3644 5211 illud
3674 5168 3831 5210 onus
3861 5147 4037 5209 solvi-

2510 5252 2613 5308 tur
2642 5250 2702 5308 et
2731 5249 3173 5324 compensatur
3198 5244 3520 5305 reddendo
3540 5242 3595 5302 ei
3626 5240 4030 5313 tantumdem,

2512 5359 2627 5401 nec
2656 5343 2848 5400 restat
2878 5339 3111 5419 aliquid
3161 5356 3271 5421 pro
3321 5356 3444 5423 quo
3493 5336 3756 5417 amplius
3805 5334 4034 5398 solven-

2513 5434 2660 5495 dum
2692 5431 2792 5503 sit,
