4263 6376
1219 294 1690 356 DISPUTATIO
1734 292 1952 366 XXIV,
2001 291 2277 352 SEGTIO
2299 290 2396 392 ‘X.

715 756 1136 842 SEGTIo
1200 757 1283 845 X.

420 1053 512 1115 De
537 1054 751 1136 leqataes
777 1051 974 1135 quoad
993 1070 1086 1113 res
1112 1068 1245 1134 quoe
1271 1050 1560 1133 leqantur.

306 1309 481 1372 Circa
510 1327 615 1369 res
646 1327 789 1389 quoe
817 1309 1106 1388 legantur
1127 1354 1144 1386 ,
1194 1309 1372 1388 plura
1402 1309 1599 1389 quaeri
1626 1327 1765 1389 pos-

159 1449 185 1490 ἡ
230 1407 387 1464 sunt.
422 1402 636 1464 Primo
670 1402 973 1482 quaeritur
1000 1402 1078 1463 de
1123 1403 1330 1481 legato
1372 1402 1464 1462 rei
1500 1402 1769 1464 indeter-

160 1515 183 1543 ο
231 1496 496 1557 minatae.
530 1497 613 1557 Et
642 1495 901 1576 quidem
924 1542 939 1572 ,
973 1494 1022 1555 si
1054 1495 1256 1556 solum
1284 1495 1534 1575 legatur
1561 1496 1626 1557 in
1654 1515 1764 1576 ge-

153 3230 196 3324 ΤΒ.

230 1608 368 1650 nere
396 1588 902 1668 generalissimo,
932 1592 1001 1650 ut
1035 1588 1088 1648 si
1117 1588 1286 1649 dicat
1317 1606 1331 1652 :
1365 1591 1533 1669 Lego
1566 1591 1623 1650 ei
1652 1592 1761 1651 ali-

228 1682 391 1762 quid,
417 1682 514 1743 vel
532 1681 796 1762 aliquod
826 1682 1077 1758 animal,
1099 1681 1318 1742 inutile
1336 1686 1430 1744 est
1455 1683 1757 1764 legatum,

227 1794 359 1836 cum
388 1775 537 1836 dato
570 1793 830 1853 passere
858 1774 1209 1851 satisfieret,
1243 1778 1313 1836 ut
1331 1794 1476 1836 cum
1491 1778 1763 1842 Antonio

230 1870 448 1928 Gomez
479 1870 666 1928 notat
695 1869 979 1948 vasquez
1018 1885 1156 1946 cap.
1192 1868 1351 1929 v111.
1394 1869 1449 1948 ἓ.
1485 1883 1573 1931 1v.
1609 1870 1758 1933 dub.

228 1977 330 2023 vn.
362 1960 621 2041 quando
652 1979 806 2022 vero
849 1961 1095 2040 legatur
1138 1960 1374 2040 aliquid
1422 1963 1624 2042 magis
1656 1963 1767 2024 de-

227 2054 649 2131 terminatum,
687 2054 967 2115 dandum
994 2057 1087 2115 est
1117 2072 1191 2114 ex
1221 2053 1294 2114 iis
1316 2073 1455 2133 quae
1487 2055 1765 2120 habebat

228 2151 520 2209 testator:
557 2146 608 2207 si
643 2152 861 2208 autem
889 2165 1012 2208 non
1061 2147 1375 2224 habebat,
1427 2151 1765 2211 emendum

229 2245 334 2302 est.
363 2240 461 2301 Ad
490 2258 687 2320 quem
719 2258 870 2301 vero
921 2240 1234 2320 pertineat
1282 2240 1503 2303 electio
1525 2289 1541 2320 ,
1595 2246 1657 2305 et
1700 2245 1765 2305 in

229 2351 343 2413 qua
368 2335 726 2413 quantitate
758 2337 821 2394 et
843 2332 1123 2395 bonitate
1147 2379 1163 2409 ,
1219 2337 1450 2397 tractat
1478 2338 1765 2416 Vasquez

230 2428 354 2487 loco
385 2426 599 2502 citato,
636 2429 704 2487 et
731 2426 918 2487 latius
946 2426 1177 2488 Molina
1193 2427 1351 2506 disp.
1377 2444 1631 2491 cxcvm.
1659 2431 1763 2511 qui

230 2518 416 2579 rideri
440 2523 717 2599 possunt
750 2539 763 2581 :
799 2537 899 2580 res
945 2519 1113 2580 enim
1156 2523 1250 2581 est
1295 2540 1436 2583 raro
1485 2523 1654 2584 utilis
1685 2524 1763 2584 ad

232 2612 480 2690 praxim,
513 2630 670 2673 cum
698 2615 1028 2675 testatores
1057 2615 1474 2676 communiter
1505 2615 1642 2678 haec
1657 2617 1767 2677 de-

232 2706 552 2766 terminare
584 2705 854 2767 soleant.
889 2708 985 2766 An
1015 2724 1164 2767 vero
1214 2707 1491 2768 ecclesiae
1541 2708 1768 2771 debeat

233 2797 373 2857 solvi
401 2799 462 2858 in
492 2816 751 2859 summo
781 2799 1025 2875 valore,
1057 2799 1261 2860 videri
1303 2800 1493 2861 etiam
1538 2803 1768 2880 poterit

232 2891 414 2952 Diana
440 2938 455 2968 ,
491 2891 600 2971 qui
637 2891 794 2953 alios
822 2894 1004 2954 ass‘ert
1028 2897 1181 2955 tom.
1215 2894 1294 2956 II.
1329 2902 1504 2956 tract.
1540 2912 1626 2957 v1.
1660 2896 1767 2956 mi-

232 2983 376 3046 scell.
409 2985 597 3045 resol.
635 2987 736 3046 29.

306 3077 615 3148 Quaeritur
647 3077 925 3139 secundo
957 3078 1033 3139 de
1081 3077 1288 3158 legato
1338 3080 1430 3141 rei
1472 3098 1598 3143 non
1646 3082 1767 3142 exi·

238 3169 438 3231 stentis
461 3220 476 3243 ‚
525 3169 608 3230 de
646 3187 771 3251 quo
802 3169 855 3231 si
884 3175 1172 3249 speratur
1200 3172 1472 3235 extitura
1494 3221 1510 3251 ,
1557 3174 1766 3237 dicen-

238 3262 374 3322 dum
402 3267 495 3324 est
517 3263 737 3324 valere
759 3309 775 3340 ,
811 3266 879 3324 ut
905 3262 955 3323 si
985 3264 1226 3344 legetur
1274 3270 1491 3344 partus
1523 3269 1764 3331 ancillae

238 3356 485 3432 futurus,
514 3355 620 3416 vel
652 3356 890 3418 fructus
917 3357 1064 3418 anni
1086 3359 1406 3438 sequentis
1440 3380 1453 3422 ε
1488 3360 1642 3422 illud
1658 3380 1766 3423 au-

238 3453 351 3509 tem
378 3449 661 3528 legatum
689 3449 838 3510 licet
864 3468 987 3510 non
1027 3453 1306 3513 transeat
1332 3452 1546 3514 statim
1575 3454 1635 3513 in
1660 3455 1764 3517 do-

238 3541 482 3602 minium
536 3541 857 3620 legatarii,
919 3543 1066 3621 quia
1123 3546 1218 3604 est
1273 3545 1695 3608 conditionale
1749 3566 1761 3606 :

239 3634 472 3712 quando
517 3639 737 3697 tamen
787 3634 1061 3697 conditio
1120 3653 1245 3697 non
1303 3636 1421 3699 fuit
1474 3640 1765 3718 explicite

240 3745 549 3807 expressa,
584 3727 702 3789 sed
734 3727 1035 3807 implicita
1057 3775 1074 3807 ,
1123 3731 1592 3793 transmitttitur
1617 3752 1657 3794 a
1682 3733 1768 3794 le-

240 3821 463 3897 gatario
539 3820 853 3882 moriente
923 3825 1065 3899 post
1127 3827 1396 3885 mortem
1452 3826 1767 3887 testatoris

243 3911 313 3972 ad
341 3915 629 3993 proprios
674 3913 961 3974 haeredes
985 3961 1001 3988 ,
1048 3918 1118 3977 ut
1164 3933 1309 3976 cum
1338 3918 1614 3979 Antonio
1647 3920 1768 3981 Go-

241 4023 362 4065 mez
389 4008 650 4069 tradunt
669 4009 954 4087 vasquez
986 4007 1134 4070 dict.
1167 4010 1224 4089 ἓ.
1244 4011 1348 4071 IV.
1376 4009 1526 4072 dub.
1556 4028 1616 4073 v.
1654 4032 1759 4075 nu.

242 4102 332 4160 75.
359 4105 417 4160 et
441 4101 682 4164 Molina
711 4100 873 4180 disp.
909 4117 1002 4162 ce.
1037 4102 1101 4161 in
1130 4102 1396 4182 princip.

315 4193 625 4266 Quaeritur
663 4194 847 4256 tertio
891 4195 970 4255 de
1015 4194 1223 4274 legato
1265 4196 1429 4257 facto
1473 4197 1762 4277 debitori,

161 4340 179 4368 ⁸
245 4303 356 4365 quo
382 4291 649 4349 testator
678 4305 823 4346 eum
851 4305 887 4347 a
917 4286 1127 4348 debito
1156 4286 1418 4352 liberat:
1440 4291 1608 4370 quod
1635 4292 1769 4372 qui-

178 4378 375 4438 ·dem
400 4379 687 4440 validum
716 4383 857 4442 est:
892 4384 954 4441 et
982 4380 1149 4441 circa
1172 4380 1378 4461 ipsum
1408 4382 1651 4446 adverti
1672 4403 1768 4445 so-

149 4446 322 4531 :let
344 4472 565 4551 primo,
604 4472 739 4532 fieri
772 4490 953 4579 posse
983 4472 1083 4533 vel
1112 4492 1425 4553 expresse,
1449 4477 1550 4537 vel
1579 4477 1768 4539 etiam

246 4564 414 4625 tacite
438 4565 715 4644 legando
744 4566 803 4626 ei
831 4566 1204 4645 scripturam
1225 4565 1440 4629 debiti.
1478 4569 1767 4630 Secundo

245 4655 291 4717 si
308 4656 411 4719 flat
435 4658 711 4720 debitori
739 4658 1089 4737 principali,
1110 4659 1367 4738 prodest
1387 4660 1763 4741 fidejussori,

248 4767 358 4810 non
386 4769 532 4813 vero
562 4770 600 4813 e
648 4756 887 4813 contra.
939 4752 1147 4813 Tertio
1194 4752 1242 4813 si
1293 4753 1540 4815 debitor
1589 4755 1770 4834 plura

248 4839 521 4921 debebat,
555 4845 728 4907 facta
755 4844 957 4905 solum
985 4844 1353 4907 remissione
1384 4846 1623 4925 debiti,
1674 4847 1771 4909 in-

248 4934 530 5014 telligitur
549 4937 631 4997 de
649 4936 858 5017 debito
880 4956 1060 5017 puro,
1091 4956 1215 4999 non
1238 4939 1315 4999 de
1337 4940 1765 5018 conditionali,

250 5027 382 5105 quia
426 5028 545 5090 hoc
584 5029 796 5091 adhuc
851 5048 976 5090 non
1033 5030 1317 5092 debetur.
1371 5031 1602 5105 Quarto
1653 5052 1768 5095 nec

252 5120 427 5180 etiam
455 5123 718 5183 veniunt
744 5125 893 5184 tunc
920 5122 1135 5185 debita
1163 5123 1387 5200 realia,
1419 5124 1530 5185 sed
1559 5143 1768 5203 perso-

252 5212 423 5275 nalia.
458 5214 662 5288 Quare
693 5215 744 5274 si
795 5232 893 5275 res
934 5216 1251 5277 testatoris
1281 5220 1374 5277 est
1403 5217 1571 5297 apud
1597 5218 1771 5298 lega-

253 5306 463 5365 tarium
483 5353 499 5383 ,
532 5307 671 5369 haec
700 5326 823 5369 non
854 5313 1145 5371 censetur
1169 5309 1379 5387 legata
1401 5356 1416 5387 ,
1449 5311 1568 5371 nisi
1598 5312 1769 5373 aliud

256 5398 645 5476 exprimatur.
685 5401 911 5472 Quinto
941 5401 1192 5481 quando
1223 5402 1516 5481 aliquem,
1551 5405 1654 5484 qui
1685 5406 1768 5466 al-

256 5491 434 5551 terius
459 5511 558 5555 res
587 5497 652 5555 et
680 5494 931 5572 negotia
960 5495 1549 5574 administraverat,
1581 5502 1765 5561 testa·

3284 282 3395 342 137

1865 473 1961 531 tor
1987 468 2215 530 liberat
2240 468 2320 528 ab
2350 485 2539 528 onero
2588 464 2892 527 reddendi
2931 463 3239 524 rationem
3269 479 3397 520 suae

1865 560 2461 635 administrationiS,
2509 558 2703 620 habet
2749 558 2916 619 hunc
2959 558 3251 617 effectum
3304 571 3399 613 re-

1865 654 2074 716 missio
2098 701 2115 731 ,
2150 658 2220 715 ut
2249 672 2374 714 non
2404 657 2694 714 teneatur
2724 651 2803 711 ad
2833 669 2909 711 ea
2932 697 2947 728 ‚
2978 667 3117 730 quae
3148 667 3224 709 ex
3251 665 3401 708 cau-

1866 767 1935 808 sa
1965 751 2026 808 et
2057 746 2437 826 negligentia
2482 764 2598 806 sua
2639 744 2888 826 perdita
2936 747 3080 805 sunt
3112 763 3125 804 :
3158 739 3401 804 tenebi-

1865 843 1967 925 tur
1994 842 2204 900 tamen
2237 839 2316 899 ad
2346 857 2419 900 ea
2442 884 2458 916 ‚
2490 858 2631 919 quae
2670 838 2812 900 dolo
2837 882 2853 914 ,
2905 838 2967 897 et
3003 835 3241 897 malitia
3288 851 3401 894 sua

1865 932 2189 1012 perierunt
2221 978 2237 1008 ,
2311 931 2389 992 de
2462 931 2688 1012 quibus
2759 930 3068 993 Antonius
3144 931 3396 1003 Gomez,

1867 1045 2054 1106 quem
2071 1026 2270 1102 affert,
2293 1029 2356 1087 et
2380 1025 2662 1105 sequitur
2689 1027 2974 1106 Vasquez
3002 1023 3169 1086 dicto
3198 1023 3255 1102 g.
3290 1023 3395 1084 lv.

1868 1119 2018 1180 dub.
2052 1134 2138 1180 x1.

1948 1214 2259 1287 Quaeritm
2288 1217 2510 1293 quarto
2549 1211 2628 1273 de
2655 1209 2862 1291 legato
2910 1211 3074 1273 facto
3105 1209 3396 1273 creditori

3545 1193 3661 1252 263

1864 1307 2219 1382 testatoris,
2272 1325 2350 1366 an
2381 1308 2712 1368 censeatur
2755 1303 2935 1365 fieri
2919 1323 2982 1364 1n
3024 1304 3397 1365 solutionem
3462 1316 3582 1370 Quid,
3602 1316 3727 1360 iun

1866 1400 2101 1477 debiti,
2148 1419 2230 1461 an
2280 1418 2428 1461 vero
2471 1400 2636 1460 ultra
2681 1397 2744 1457 id
2775 1397 2943 1477 quod
2987 1397 3044 1457 ei
3091 1396 3469 1468 debetur?.

1866 1495 2116 1555 Certum
2143 1538 2159 1569 ,
2194 1496 2324 1569 est,
2369 1491 2661 1554 standum
2692 1509 2826 1551 csse
2855 1490 3187 1552 intentioni
3215 1494 3398 1551 testa-

1863 1587 2035 1663 toriS‚
2070 1586 2119 1645 si
2153 1604 2227 1645 ea
2257 1604 2569 1665 expresse,
2594 1585 2695 1645 vel
2724 1603 2799 1645 ex
2828 1582 3204 1663 conjecturis
3232 1583 3399 1643 suffi-

1863 1680 2171 1742 cientibus
2199 1682 2462 1741 constet.
2498 1679 2715 1739 Plures
2734 1680 2948 1739 autem
2979 1697 3052 1738 ex
3083 1677 3159 1737 iis
3187 1676 3401 1757 conje-

1863 1774 2057 1834 cturis
2087 1774 2268 1834 affert
2311 1772 2564 1834 Mantic.
2597 1770 2666 1832 de
2693 1770 2934 1852 conjeci.
2967 1769 3077 1831 ult.
3110 1768 3396 1832 voluntat.

1861 1867 1969 1928 lib.
2004 1884 2064 1930 x.
2098 1866 2192 1927 tit.
2227 1869 2284 1926 2.
2322 1864 2583 1939 Quando
2612 1882 2763 1924 vero
2795 1863 3046 1938 aliunde
3075 1883 3253 1924 mens
3275 1882 3400 1924 non

1862 1964 2127 2036 constat,
2162 1960 2399 2039 aliquae
2431 1958 2663 2037 regulae
2693 1956 3080 2018 universales
3108 1957 3271 2019 tradi
3302 1975 3403 2018 so-

1862 2055 2011 2130 lent,
2046 2071 2192 2115 cum
2220 2052 2349 2113 suis
2376 2056 2586 2114 tamen
2616 2049 3091 2126 limitationibus
3120 2056 3183 2114 et
3227 2069 3402 2113 exce-

1862 2147 2202 2228 ptionibuS.
2264 2145 2472 2206 Prima
2529 2162 2677 2223 ergo
2715 2144 2936 2223 regula
2974 2148 3094 2221 est,
3145 2145 3398 2225 quando

1864 2240 2145 2302 debitum
2176 2257 2300 2300 non
2333 2238 2531 2299 oritur
2559 2256 2632 2298 ex
2664 2237 3034 2299 necessitate
3063 2238 3219 2318 legis
3249 2238 3402 2299 illud

1862 2333 2238 2408 inducentiS,
2272 2331 2384 2393 sed
2413 2349 2490 2391 ex
2515 2331 2836 2393 voluntate
2884 2335 2993 2391 aut
3032 2330 3196 2391 facto
3227 2331 3404 2391 debi-

1863 2427 2015 2488 toris
2039 2473 2054 2503 ,
2100 2426 2379 2504 legatum
2411 2443 2534 2484 non
2565 2427 2857 2485 censetur
2899 2424 3186 2485 relictum
3215 2423 3295 2484 ad
3325 2424 3396 2484 il-

1864 2520 1971 2580 lud
2019 2517 2577 2597 compensandum.
2627 2516 2891 2576 Nomine
2947 2520 3159 2578 autem
3208 2516 3402 2578 debiti

1862 2611 2201 2674 voluntarii
2230 2610 2293 2670 in
2321 2609 2615 2691 praesenti
2646 2609 3032 2688 intelligitur,
3054 2609 3404 2689 quodcum-

1865 2724 1985 2786 que
2016 2703 2218 2766 oritur
2243 2722 2316 2765 ex
2348 2707 2680 2767 contractu
2728 2703 3003 2781 gratuito
3029 2749 3044 2780 ,
3083 2703 3182 2764 vel
3212 2704 3403 2764 ctiam

1865 2817 2151 2876 oneroso,
2179 2798 2279 2859 vel
2309 2817 2385 2858 ex
2415 2797 2582 2858 facto
2612 2796 2933 2859 testatoris
2959 2843 2978 2874 ,
3015 2801 3085 2858 ut
3114 2796 3407 2860 observat

1864 2892 2096 2954 Sanch.
2133 2892 2195 2952 d.
2230 2909 2369 2971 cap.
2405 2892 2478 2952 11.
2515 2890 2665 2952 dub.
2699 2906 2802 2952 xv.
2839 2908 2902 2952 n.
2937 2893 3035 2951 16.
3071 2890 3249 2953 Unde
3278 2891 3403 2952 col-

1859 2985 1984 3066 ligo
2006 2985 2190 3065 juxta
2228 2986 2505 3046 mentem
2548 2983 2875 3046 doctorum
2924 2983 3093 3044 idem
3140 2983 3404 3062 intelligi

1864 3078 1941 3139 de
1972 3076 2183 3139 debito
2215 3082 2350 3140 orto
2383 3095 2458 3138 ex
2488 3076 2739 3154 delicto,
2775 3077 2927 3137 dum
2955 3095 3079 3138 non
3108 3077 3188 3138 sit
3215 3095 3405 3156 poena

1865 3192 1901 3233 a
1928 3172 2066 3249 lege
2095 3170 2388 3251 imposita
2421 3188 2436 3236 t
2469 3170 2617 3252 quia
2654 3169 2874 3234 dicunt
2915 3171 3035 3234 hoc
3064 3169 3403 3251 procedere

1862 3266 1925 3326 in
1957 3265 2183 3327 debitis
2214 3284 2288 3326 ex
2333 3264 2678 3341 voluntate,
2722 3265 2822 3325 vel
2876 3265 3039 3327 facto
3086 3265 3402 3327 testatoris

1863 3359 2052 3431 ortis;
2087 3362 2151 3419 et
2179 3359 2327 3439 quia
2354 3357 2491 3419 haec
2521 3357 2772 3435 debita,
2821 3362 2884 3421 et
2927 3359 3089 3420 hanc
3118 3357 3403 3437 regulam

1863 3452 2379 3532 condistinguunt
2432 3451 2761 3532 adaequate
2818 3470 2856 3511 a
2904 3450 3131 3513 debitis
3184 3469 3405 3530 prove-

1863 3545 2178 3607 nientibus
2207 3545 2448 3627 exlege
2482 3565 2496 3608 :
2530 3563 2674 3606 cum
2719 3562 2870 3624 ergo
2918 3543 3131 3606 debita
3175 3544 3282 3604 illa
3329 3562 3405 3605 ex

1859 3637 2083 3699 delicto
2114 3655 2242 3698 non
2270 3637 2395 3699 sint
2422 3656 2498 3698 ex
2524 3638 2686 3718 lege,
2708 3638 2820 3698 sed
2838 3655 2915 3698 ex
2935 3636 3099 3699 facto
3122 3638 3399 3717 proprio,

1865 3731 2097 3792 debent
2124 3730 2242 3792 sub
2272 3730 2389 3792 hac
2417 3731 2620 3811 prima
2660 3731 2881 3809 regula
2927 3729 3399 3807 comprehendi,

1866 3841 2055 3904 quam
2100 3822 2361 3885 tradunt
2414 3823 2831 3885 communiter
2885 3821 3194 3899 doctoreS,
3247 3839 3406 3901 quos

1867 3919 2167 3987 afferunt,
2202 3919 2265 3976 et
2302 3919 2648 3995 sequuntur
2676 3914 2960 3977 Sanchez
3000 3915 3137 3975 loco
3187 3913 3401 3989 citato,

1866 4014 1928 4072 et
1954 4009 2168 4071 Molin.
2204 4008 2366 4088 disq.
2402 4023 2495 4069 cc,
2526 4008 2583 4086 ἓ.
2617 4007 2750 4068 Hoc
2788 4007 2961 4088 jacto
3003 4006 3400 4088 fundamenta.

1866 4103 2044 4166 Unde
2073 4102 2172 4162 vir
2204 4102 2423 4180 legans
2444 4102 2645 4177 uxori,
2667 4105 2956 4163 censetur
2975 4101 3140 4162 ultra
3168 4100 3403 4178 dotem,

1867 4213 2057 4275 quam
2084 4195 2365 4274 recipere
2395 4192 2604 4271 debet,
2639 4194 2700 4254 id
2730 4195 2958 4256 facere.
2983 4193 3161 4267 Quod
3191 4194 3254 4254 in
3274 4200 3407 4255 tan-

1867 4294 1997 4352 tum
2026 4306 2249 4350 verum
2279 4292 2393 4365 est,
2429 4292 2497 4349 ut
2511 4288 2563 4347 si
2582 4288 2841 4349 maritus
2862 4306 2963 4348 res
2988 4288 3228 4349 dotales
3250 4287 3406 4349 testi·

1867 4385 2069 4444 matas
2099 4384 2429 4460 acceperat
2461 4400 2585 4442 non
2612 4381 3032 4443 restituendas
3068 4382 3131 4442 in
3172 4381 3402 4460 specie,

1868 4475 1979 4537 sed
2008 4493 2227 4537 eorum
2255 4475 2558 4552 valorem,
2593 4478 2656 4534 et
2683 4478 2901 4553 postea
2920 4474 3185 4534 fundum
3215 4473 3278 4533 in
3300 4474 3408 4535 do-

1866 4573 1995 4630 tem
2020 4572 2350 4645 acceptum
2377 4567 2545 4646 leget
2572 4567 2785 4642 uxori,
2828 4585 2955 4628 non
2984 4570 3317 4627 censeatur
3343 4566 3408 4627 id

1867 4662 2073 4722 facere
2101 4660 2168 4720 in
2212 4664 2456 4739 partem
2502 4660 2701 4736 dotis,
2749 4663 2811 4721 et
2852 4659 2970 4721 hoc
3009 4660 3155 4722 licet
3200 4664 3413 4722 utatur

1868 4753 2075 4814 verbis
2104 4752 2631 4830 demonstrativiS,
2667 4751 2824 4833 Leqo
2855 4752 2911 4813 ei
2934 4752 3107 4813 talem
3132 4751 3403 4832 fundum,

1868 4865 2035 4928 quem
2092 4846 2152 4905 in
2199 4844 2388 4907 dotem
2443 4845 2662 4927 accepi,
2728 4850 2799 4907 ut
2853 4864 2993 4907 cum
3053 4846 3188 4906 aliis
3233 4848 3409 4906 notat

1869 4939 2099 5002 Sanch.
2134 4959 2196 5000 n.
2234 4942 2329 5000 Η.
2366 4939 2514 5018 quia
2550 4939 2831 5000 debitum
2863 4938 3025 5000 dotis
3055 4957 3125 4998 ex
3158 4941 3407 4999 contra-

1870 5036 1974 5095 ctu
2003 5036 2066 5094 et
2091 5032 2413 5094 voluntate
2442 5034 2747 5112 procedit.
2783 5034 2939 5094 Item
2967 5031 3018 5091 si
3050 5031 3100 5092 is
3122 5076 3137 5107 ,
3178 5030 3281 5109 qui
3312 5049 3406 5090 re-

1869 5126 2125 5190 stituere
2152 5130 2449 5203 gravatus
2479 5129 2572 5186 est
2598 5123 3174 5186 fideicommissario
3198 5124 3406 5202 aliqua

1866 5219 2034 5280 bona
2060 5224 2202 5298 post
2227 5223 2517 5294 mortem,
2552 5218 2757 5278 eidem
2776 5218 3056 5296 legatum
3076 5216 3396 5295 relinquit,

1873 5330 1996 5374 non
2026 5317 2316 5374 censetur
2344 5311 2493 5373 dare
2519 5311 2582 5371 in
2599 5314 2844 5389 partem
2867 5328 3059 5389 quam
3075 5309 3402 5371 restituere

1869 5405 2078 5481 debet,
2118 5404 2265 5484 quia
2293 5404 2447 5465 illud
2476 5404 2664 5464 etiam
2711 5402 2993 5465 debitum
3037 5420 3162 5465 non
3207 5402 3407 5465 oritur

1870 5518 1944 5560 ex
1973 5498 2134 5577 lege,
2171 5498 2278 5559 sed
2309 5515 2383 5558 ex
2415 5497 2594 5578 quasi
2623 5500 2972 5559 contractu.

3471 1376 3498 1414 ἱ
3529 1371 3717 1414 debitore

3497 1424 3749 1468 ociredtori.
