4263 6376
461 3186 537 3246 97

413 3313 507 3357 An·
524 3313 605 3357 auo

722 212 798 270 14
1876 206 1977 267 DE
2019 204 2375 267 JUS'PITIA
2419 202 2521 266 ET
2561 206 2761 267 JURE

718 386 1065 448 verentiam
1094 390 1315 448 contra
1340 387 1562 461 Deum,
1595 384 1742 447 licet
1767 403 1892 445 non
1923 388 2089 446 esset
2108 401 2251 463 pec—

720 482 931 540 catum
958 497 1152 558 grave
1198 478 1491 540 invocare
1538 477 1857 538 hominem
1886 478 2160 556 aliquem
2189 477 2253 536 in

718 574 942 633 testem
992 571 1303 632 mendacii
1346 571 1536 644 levis;
1598 572 1684 631 ita
1720 570 1986 631 deficere
2036 571 2098 630 in
2126 569 2251 629 fide

721 665 869 726 data
899 667 1026 725 Deo
1077 682 1187 743 per
1217 668 1429 724 votum
1482 666 1577 724 est
1606 663 2012 723 irreverentia
2039 662 2251 741 gravis

719 757 782 817 in
829 759 1027 817 Deum
1074 760 1329 834 propter
1374 757 1509 834 ejus
1554 773 1915 833 supremam
1959 756 2251 833 majesta-

716 855 868 926 tem,
922 850 1069 911 licet
1112 867 1236 910 non
1289 848 1369 910 sit
1412 849 1499 908 ita
1544 848 1754 926 gravis
1802 853 2020 909 contra
2049 847 2252 908 homi-

718 962 863 1003 nem
896 963 910 1004 ε
958 960 1206 1021 semper
1234 942 1400 1001 enim
1429 942 1652 1003 crescit
1678 959 1753 1001 ex
1781 940 2082 1019 dignitate
2111 958 2250 1018 per-

717 1053 888 1097 sonae
935 1036 1036 1095 cui
1083 1034 1411 1113 promissio
1456 1035 1622 1094 facta
1668 1037 1781 1107 est,
1842 1032 2251 1093 irreverentia

718 1145 857 1207 quae
899 1127 1210 1206 reperitur
1255 1126 1318 1186 in
1361 1126 1606 1186 defectu
1656 1126 1804 1185 fidei
1850 1125 2034 1200 datae,
2084 1128 2146 1185 et
2173 1143 2247 1185 eo

714 1219 916 1298 magis
944 1219 1182 1299 obligat
1209 1220 1383 1295 fides,
1415 1236 1539 1297 quo
1570 1217 1970 1279 excellentior
1993 1222 2088 1279 est
2113 1235 2250 1295 per·

716 1331 870 1374 sona
900 1312 997 1373 cui
1026 1312 1183 1372 fides
1227 1312 1377 1373 data
1401 1311 1537 1388 fuit,
1590 1310 1830 1372 etiamsi
1879 1310 2247 1389 promittens

717 1405 1081 1466 exclusisset
1133 1422 1423 1483 expresse
1493 1421 1744 1464 omnem
1799 1402 2247 1481 obligationem

715 1498 833 1558 sub
863 1500 1143 1576 peccato,
1180 1515 1320 1576 quae
1350 1515 1425 1557 ex
1446 1496 1855 1575 promissione
1876 1496 2074 1558 soleat
2102 1495 2250 1556 alio-

717 1590 866 1670 quin
899 1589 1069 1650 oriri.

797 1683 1028 1756 Quarto
1061 1686 1354 1761 arguunt,
1389 1682 1534 1761 quia
1563 1681 1831 1743 fidelitas
1859 1681 2097 1761 aliquid
2129 1682 2241 1741 ad-

715 1775 807 1838 dit
834 1794 1021 1855 supra
1052 1776 1492 1847 veracitatem;
1529 1775 1894 1854 promittere
1924 1775 2090 1834 enim
2121 1792 2245 1835 non

713 1873 809 1929 est
850 1868 1052 1929 solum
1108 1867 1424 1928 affirmare
1470 1872 1531 1927 te
1580 1866 1817 1946 aliquid
1865 1867 2180 1928 facturum
2227 1886 2239 1928 :

712 1960 989 2039 alioquin
1028 1960 1270 2039 quoties
1311 1966 1371 2020 te
1421 1958 1575 2019 dicis
1621 1958 1858 2037 aliquid
1905 1958 2239 2035 facturum,

713 2052 1132 2131 promittereS,
1167 2050 1334 2130 quod
1365 2056 1609 2112 constat
1637 2069 1772 2111 esse
1801 2050 2062 2123 falsum;
2098 2068 2245 2111 nam

712 2145 814 2206 ille
843 2144 1021 2224 cujus
1048 2145 1327 2220 interest,
1379 2143 1537 2204 solet
1581 2148 1793 2223 petere
1840 2143 2002 2205 ultra
2044 2161 2246 2204 asser-

709 2237 971 2313 tionem,
1003 2235 1171 2315 quod
1199 2237 1550 2315 promittas.
1601 2237 1693 2297 Ita
1740 2236 1946 2313 arguit
1970 2239 2140 2297 LeSS.
2176 2255 2237 2296 n.

709 2333 809 2391 32.
863 2328 1235 2408 Respondeo
1287 2329 1466 2389 facile
1509 2347 1583 2388 ex
1626 2327 1828 2403 dictis,
1880 2327 2242 2389 fidelitatem

709 2421 947 2501 aliquid
977 2420 1210 2480 addere
1241 2439 1432 2498 supra
1457 2420 1868 2481 veracitatem
1901 2441 1914 2481 ε
1966 2439 2112 2479 nam
2140 2440 2244 2481 ve-

710 2515 938 2576 racitas
965 2514 1168 2574 solum
1198 2513 1433 2592 obligat
1462 2514 1542 2573 ad
1573 2513 2023 2575 conformanda
2049 2514 2246 2576 verba

710 2626 853 2669 cum
882 2610 1091 2666 mente
1113 2607 1401 2685 praesenti
1423 2626 1438 2678 3
1471 2606 1738 2667 fidelitas
1759 2611 1970 2668 autem
1992 2606 2071 2666 ad
2092 2624 2244 2667 con-

709 2699 1039 2762 formanda
1071 2700 1238 2760 facta
1282 2700 1609 2777 sequentia
1657 2717 1801 2760 cum
1846 2699 2054 2759 verbis
2085 2717 2242 2777 prae-

709 2792 928 2867 teritiS,
962 2791 1156 2870 exigit
1183 2809 1308 2850 non
1337 2791 1540 2851 solum
1562 2790 1996 2852 credulitatem
2026 2790 2104 2850 ab
2137 2809 2236 2852 au-

709 2884 942 2961 diente,
1002 2883 1115 2944 sed
1143 2884 1334 2945 etiam
1381 2883 1701 2959 fiduciam,
1761 2882 2001 2943 nullum
2029 2888 2243 2944 tamen

703 2977 809 3058 jus
837 2977 894 3038 ei
922 2977 1130 3038 dando
1159 2975 1241 3037 ad
1286 2994 1420 3037 rem
1462 2977 1858 3055 promissam,
1908 2978 1979 3037 ut
2007 2975 2241 3038 dictum

709 3073 824 3132 est.

790 3162 1018 3236 Quinto
1048 3161 1257 3242 arguit
1281 3161 1449 3223 idem
1477 3161 1725 3223 Lessius
1754 3179 1926 3223 num.
1959 3165 2059 3224 55.
2094 3162 2242 3243 quia

709 3256 911 3317 omnis
939 3255 1290 3333 promissiO,
1323 3255 1377 3315 si
1404 3255 1516 3316 fiat
1543 3273 1655 3333 per
1682 3255 2013 3316 formulam
2041 3256 2238 3335 stipu-

628 3399 639 3411 .
707 3349 997 3425 lationis„
1055 3348 1272 3410 tribuit
1319 3348 1627 3409 actionem
1671 3349 1731 3407 in
1774 3348 1910 3409 foro
1959 3352 2235 3426 externe,

706 3460 858 3521 ergo
914 3441 993 3502 de
1047 3460 1114 3502 se
1171 3442 1354 3501 affert
1407 3440 1687 3502 strictam
1744 3440 2192 3519 obligationem
2219 3463 2234 3514 ;

707 3536 897 3597 etiam
926 3534 1060 3595 sine
1101 3532 1209 3595 tali
1239 3533 1538 3607 formula3
1571 3533 1886 3612 stipulatio
1916 3534 2082 3594 enim
2114 3551 2238 3595 non

705 3626 883 3689 addit
908 3626 1036 3687 vim
1079 3627 1157 3686 de
1190 3623 1331 3705 jure
1373 3630 1611 3687 naturae
1640 3625 1749 3686 sed
1779 3625 2237 3688 solemnitatem

703 3720 1069 3800 requisitam
1100 3738 1136 3778 a
1157 3717 1303 3797 jure
1331 3718 1530 3793 civili,
1564 3723 1634 3781 ut
1661 3718 1859 3797 magis
1887 3723 2130 3780 constet
2158 3720 2235 3780 de

702 3812 1174 3887 deliberatione,
1210 3829 1334 3890 qua
1352 3811 1682 3890 promissio
1703 3811 1862 3873 sacta
1897 3815 2010 3873 est.
2045 3814 2230 3890 Resp.

703 3905 1103 3986 quantumvis
1129 3904 1402 3983 gratuita
1442 3904 1770 3983 promissio
1800 3905 1910 3964 fiat
1951 3923 2067 3984 per
2108 3905 2235 3965 for-

703 3996 937 4058 mulam
983 3996 1430 4074 stipulationis,
1481 3996 1534 4056 si
1580 3996 1742 4056 desit
1787 3995 2031 4056 animus
2077 3996 2236 4057 obli-

701 4089 894 4169 gandi
921 4107 988 4149 se
1018 4087 1370 4167 exjustitia,
1400 4106 1510 4149 seu
1539 4089 1833 4167 graviter,
1868 4107 1992 4149 non
2012 4108 2234 4169 parere

702 4182 1147 4261 obligationem
1167 4197 1426 4258 gravem
1450 4198 1463 4241 :
1491 4179 1659 4259 quod
1679 4180 2022 4240 adversarii
2042 4182 2233 4241 etiam

700 4275 882 4336 fateri
914 4273 1149 4335 debent
1170 4318 1186 4349 ,
1238 4291 1383 4333 nam
1429 4272 1703 4333 fatentur
1730 4272 1939 4350 plures
1967 4274 2235 4351 promis-

700 4366 906 4428 siones
949 4366 1027 4426 de
1056 4365 1221 4427 facto
1253 4383 1380 4426 non
1408 4364 1686 4442 obligare
1716 4365 1994 4443 graviter
2020 4384 2093 4425 ex
2123 4366 2234 4426 de-

698 4461 864 4521 fectu
889 4458 1088 4520 animi
1116 4477 1182 4518 se
1200 4457 1476 4537 graviter
1494 4456 1814 4536 obligandi
1848 4477 1861 4518 :
1897 4461 1961 4518 et
1977 4458 2232 4538 quidem

696 4554 762 4615 in
803 4553 879 4614 iis
906 4553 1276 4632 plerumque
1304 4551 1637 4612 intervenit
1683 4551 2117 4630 interrogatiO,
2169 4555 2233 4613 et

695 4645 1017 4726 responsio
1043 4642 1413 4726 :pr-omittis?
1433 4643 1732 4724 promitto,
1766 4663 1889 4704 non
1922 4662 2069 4723 ergo
2098 4645 2233 4705 sus-

695 4742 827 4802 ficit
854 4738 1124 4800 formula
1167 4738 1269 4799 illa
1319 4737 1398 4797 ad
1452 4736 1898 4815 obligationem
1945 4756 2225 4816 gravem,

695 4833 813 4893 nisi
860 4833 1027 4894 adsit
1061 4831 1308 4892 animus
1338 4829 1743 4910 promittendi
1771 4830 1980 4891 dando
2011 4849 2229 4892 verum

687 4924 793 5005 jus
824 4925 1246 5003 promissario.

776 5021 963 5081 Sexto
995 5017 1236 5097 arguit,
1283 5015 1429 5095 quia
1472 5015 1799 5095 promissio
1833 5032 2094 5076 onerosa
2121 5033 2229 5075 ac-

695 5115 943 5190 ceptata
984 5111 1221 5189 obligat
1264 5109 1402 5187 lege
1431 5107 1688 5187 justitiae
1712 5155 1727 5184 ,
1781 5125 1930 5186 ergo
1973 5111 2036 5168 et
2078 5126 2227 5186 gra-

693 5204 886 5265 tuita:
922 5220 1069 5263 nam
1097 5202 1260 5263 sicut
1285 5220 1359 5260 ex
1379 5200 1579 5279 pretio
1598 5205 1802 5278 potest
1829 5200 2051 5279 aliquis
2079 5218 2224 5260 con·

693 5296 857 5356 ferre
901 5293 1005 5375 jus
1050 5292 1486 5374 promissariO,
1537 5293 1624 5353 ita
1670 5296 1732 5353 et
1776 5293 1969 5371 gratis
2019 5296 2225 5371 potest

693 5387 861 5449 idem
883 5386 987 5467 jus
1025 5387 1306 5448 conferre
1342 5406 1355 5447 ε
1402 5385 1570 5465 quod
1600 5385 1765 5445 enim
1793 5385 2065 5447 vendere
2108 5401 2222 5464 po-

2347 385 2463 458 tes,
2499 400 2612 443 cur
2640 401 2764 444 non
2783 384 3018 462 poteris
3046 384 3236 446 etiam
3255 385 3512 461 donare,
3546 385 3598 446 si
3628 385 3895 449 aliunde

2350 473 2577 534 habilis
2623 495 2688 537 es
2728 475 2808 537 ad
2839 475 3254 537 donandum?
3300 478 3708 556 Respondeo,
3764 478 3894 539 hoc

2349 573 2790 645 argumentum
2817 570 3085 649 probare
3132 570 3194 629 id
3231 570 3399 649 quod
3431 589 3545 631 nos
3574 571 3891 632 concessi-

2347 677 2511 731 mus,
2546 678 2725 738 posse
2755 661 2991 723 scilicet
3018 663 3427 741 promissione
3469 665 3741 742 gratuita
3770 664 3890 725 ob·

2346 751 2543 829 ligare
2581 771 2648 813 se
2687 753 2961 833 aliquem
2992 772 3064 815 ex
3088 754 3366 834 justitia,
3421 755 3483 815 id
3512 762 3720 817 tamon
3754 775 3887 817 non

2348 849 2442 904 est
2470 846 2927 923 necessarium,
2979 847 3089 908 sed
3135 852 3340 926 potest
3390 849 3576 910 etiam
3623 849 3886 928 promit-

2345 936 2536 997 tendo
2588 937 2869 1016 obligare
2923 958 2990 999 se
3018 940 3179 1000 velle
3209 940 3410 1001 solum
3449 959 3524 1001 ex
3551 941 3879 1019 fidelitate,

2347 1047 2472 1089 non
2501 1029 2710 1091 dando
2748 1032 3148 1110 promissario
3183 1031 3287 1113 jus
3316 1052 3570 1108 verum,
3622 1034 3732 1095 sed
3775 1053 3884 1095 so·-

2346 1120 2470 1181 lam
2494 1122 2707 1184 fidem.

2427 1216 2706 1293 Septimo
2734 1216 2974 1295 arguit,
3024 1218 3173 1297 quia
3210 1220 3317 1298 jus
3363 1238 3439 1280 ex
3462 1219 3881 1300 promissione

2347 1312 2552 1368 ortum
2583 1309 2806 1370 transit
2832 1310 2913 1369 ad
2942 1309 3227 1372 haeredes
3258 1312 3681 1390 promissarii,
3715 1313 3882 1374 sicut
3938 1349 4021 1391 A„

2346 1404 2409 1462 et
2439 1400 2736 1479 obligatio
2768 1401 3195 1479 promissionis
3225 1405 3449 1465 transit
3478 1405 3555 1464 ad
3591 1404 3879 1465 haeredes
3936 1414 4030 1456 ΡΝ
4073 1403 4084 1410 ’

2345 1493 2761 1570 promittentis
2786 1538 2801 1569 ‚
2836 1512 2985 1573 ergo
3017 1495 3202 1556 datur
3230 1516 3304 1556 ex
3333 1496 3743 1576 promissione
3776 1515 3880 1557 ve·

2342 1604 2483 1646 rum
2506 1585 2630 1665 jus,
2666 1588 2735 1647 P.
2767 1587 3082 1648 Maeratius
3104 1591 3256 1649 tom.
3282 1605 3350 1650 11.
3383 1592 3567 1651 tract.
3588 1588 3658 1649 de
3668 1589 3875 1670 justit.

2342 1688 2399 1738 et
2411 1678 2557 1758 jure
2598 1678 2828 1758 disput.
2861 1680 3021 1741 XIX.
3074 1685 3224 1742 sect.
3261 1698 3371 1742 vn.
3423 1700 3594 1742 num.
3628 1684 3688 1743 3.
3720 1687 3784 1743 et
3809 1685 3875 1744 4.

2345 1771 2639 1850 supponit
2658 1771 2819 1832 hanc
2839 1772 3283 1851 obligationem
3303 1773 3729 1853 promissionis
3748 1793 3882 1836 non

2343 1863 2610 1925 transire
2664 1864 2745 1924 ad
2797 1863 3081 1926 haeredes
3127 1867 3560 1944 promissoriS,
3622 1867 3882 1946 quando

2344 1957 2673 2035 promissio
2720 1955 2839 2018 fuit
2866 1976 2941 2017 ex
2969 1957 3103 2019 sola
3130 1959 3452 2021 fidelitate.
3504 1960 3629 2021 Sed
3658 1966 3885 2021 contra

2343 2049 2547 2129 ipsum
2576 2067 2801 2127 urgere
2830 2049 3080 2111 videtur
3110 2052 3466 2129 exemplum
3493 2053 3658 2128 voti,
3706 2053 3884 2132 quod

2342 2142 2607 2222 ipsemet
2651 2142 2810 2221 disp.
2857 2142 3014 2203 XlV.
3067 2149 3218 2205 sect.
3254 2160 3364 2205 vn.
3405 2163 3577 2205 num.
3611 2148 3671 2205 3.
3721 2150 3782 2206 et
3805 2149 3877 2205 4.

2343 2235 2585 2295 dixerat
2630 2253 2755 2295 non
2783 2234 3061 2314 obligare
3093 2255 3168 2295 ex
3200 2236 3445 2317 justitia
3492 2238 3640 2316 quia
3684 2237 3883 2300 homo

2344 2345 2468 2387 non
2496 2331 2701 2406 potest
2747 2347 2813 2388 se
2857 2347 2934 2388 ex
2975 2327 3219 2408 justitia
3260 2332 3388 2391 Deo
3434 2330 3762 2408 obligare:
3812 2334 3887 2391 et

2341 2425 2553 2481 tamen
2599 2420 2875 2498 theologi
2913 2438 3131 2481 omnes
3184 2423 3496 2494 fatentur,
3546 2423 3886 2502 obligatio-

2343 2531 2487 2573 nem
2514 2513 2646 2574 voti
2693 2513 2877 2573 realis
2924 2513 3189 2574 transire
3221 2514 3301 2574 ad
3330 2515 3613 2575 haeredes
3640 2532 3884 2576 voven-

2339 2606 2419 2666 tis
2440 2652 2455 2682 ,
2488 2608 2558 2666 ut
2597 2624 2671 2665 ex
2701 2605 3015 2665 communi
3045 2606 3320 2666 omnium
3366 2625 3548 2667 sensu
3578 2607 3882 2686 supponit

2343 2702 2412 2759 ut
2454 2697 2707 2758 omnino
2749 2703 2987 2759 certum
3025 2698 3247 2759 Thom.
3284 2700 3586 2761 Sanchez.
3637 2701 3744 2761 lib.
3779 2717 3869 2761 lv.

2340 2790 2402 2849 in
2430 2789 2707 2870 Decoloq.
2741 2808 2880 2869 cap.
2914 2807 3018 2852 xv,
3070 2810 3222 2851 num
3250 2794 3350 2852 25.
3407 2797 3469 2853 et
3498 2793 3730 2853 Suarez
3759 2792 3870 2853 lib.

2342 2900 2428 2944 1v.
2459 2882 2677 2943 devoto
2707 2901 2843 2962 cap.
2877 2899 2963 2944 xr.
2999 2887 3062 2944 et
3088 2887 3329 2945 constat
3359 2903 3431 2944 ex
3461 2885 3583 2963 leg.
3611 2902 3678 2945 11.
3706 2887 3771 2945 ff.
3803 2883 3879 2945 de

2334 2975 2585 3057 pollicit.
2638 2975 2699 3037 Si
2741 2994 2890 3054 ergo
2932 2976 3090 3036 fides
3127 2976 3275 3037 data
3320 2978 3448 3037 Deo
3500 2995 3615 3055 per
3655 2982 3872 3038 votum

2341 3069 2577 3147 obligat
2621 3068 2904 3129 haeredes
2947 3069 3028 3129 ad
3071 3069 3439 3130 solvendum
3469 3070 3866 3147 promissum,

2337 3162 2484 3223 licet
2510 3161 2748 3222 nullum
2768 3163 2874 3241 jus
2895 3161 3153 3241 justitiae
3183 3163 3401 3224 datum
3431 3163 3510 3223 sit
3537 3164 3664 3223 Deo
3687 3209 3704 3239 ,
3759 3181 3874 3224 cur

2336 3254 2494 3314 fides
2551 3253 2697 3315 (lata
2753 3254 2988 3314 homini
3046 3272 3171 3314 non
3226 3255 3532 3334 obligabit
3587 3256 3872 3315 haeredes

2338 3347 2774 3425 promissarios
2815 3346 2894 3406 ad
2935 3365 3075 3407 eam
3103 3348 3464 3408 solvendam
3487 3395 3502 3424 ,
3550 3347 3695 3409 licet
3733 3347 3872 3408 nul-

2337 3439 2466 3499 lum
2489 3438 2746 3519 justitiae
2782 3438 2886 3519 jus
2928 3439 3299 3502 translatum
3330 3441 3410 3502 sit
3437 3440 3500 3500 in
3529 3440 3868 3520 promissa-

2336 3531 2544 3592 rium?

2414 3626 2614 3704 Magis
2641 3642 2791 3704 ergo
2820 3630 3274 3705 consequenter
3290 3625 3763 3687 concedendum
3782 3627 3869 3688 vi-

2335 3719 2537 3779 detur.
2565 3736 2639 3778 ex
2668 3718 3077 3796 promissione
3108 3720 3328 3795 etiam,
3366 3738 3491 3797 qua
3520 3718 3658 3798 quis
3687 3738 3753 3780 se
3793 3738 3867 3780 ex

2333 3811 2466 3872 sola
2492 3810 2788 3871 fidelitate
2818 3809 3085 3889 obligat,
3127 3811 3179 3870 si
3206 3829 3358 3871 vera
3383 3811 3709 3890 promissio
3749 3816 3864 3888 est,

2332 3904 2482 3965 oriri
2536 3903 2980 3982 obligationem
3026 3902 3301 3982 aliquam
3332 3950 3348 3979 ‚
3414 3922 3552 3983 quae
3602 3903 3869 3964 transire

2332 3995 2528 4075 possit
2557 3996 2637 4055 ad
2685 3995 2966 4056 haeredes
3013 3996 3406 4073 promissoris
3428 4041 3443 4072 ,
3495 3999 3559 4057 et
3586 4013 3723 4074 quae
3753 3996 3868 4055 im-

2331 4089 2487 4168 pleri
2515 4088 2742 4148 debeat
2756 4088 2944 4148 etiam
2961 4089 3127 4148 circa
3147 4087 3427 4148 haeredes
3454 4087 3862 4166 promissarii.

2334 4183 2543 4242 Potest
2590 4181 2841 4260 quidem
2888 4181 3229 4259 promissor
3281 4198 3458 4241 suam
3502 4181 3870 4259 promissio·

2331 4293 2474 4334 nem
2504 4273 2769 4334 limitare
2815 4273 2903 4334 ita
2923 4320 2938 4351 ,
2986 4279 3055 4334 ut
3083 4274 3283 4334 solum
3311 4274 3461 4334 velit
3488 4272 3766 4351 obligare
3796 4291 3866 4334 se

2330 4367 2563 4445 ipsum,
2598 4385 2720 4427 non
2750 4384 2898 4426 vero
2927 4384 3072 4427 suos
3101 4366 3384 4426 haeredes
3407 4412 3422 4442 ,
3457 4370 3644 4444 atque
3674 4364 3866 4427 etiam

2329 4463 2399 4520 ut
2423 4459 2574 4519 velit
2600 4458 2864 4536 obIIgari
2904 4458 3300 4536 promissat-io
3339 4458 3493 4534 soli,
3546 4476 3670 4518 non
3711 4475 3864 4518 vero

2330 4551 2464 4632 ejus
2484 4551 2858 4627 haeredibuS,
2915 4551 3082 4630 quod
3135 4551 3320 4612 etiam
3376 4555 3589 4629 posset
3629 4549 3860 4626 facere,

2330 4645 2580 4725 quando
2610 4662 2721 4722 per
2749 4644 3226 4722 promissionem
3247 4661 3311 4703 se
3328 4642 3563 4721 obligat
3591 4661 3664 4702 ex
3685 4643 3867 4720 justi·

2328 4738 2416 4799 tia
2447 4756 2462 4795 :
2507 4736 2556 4796 si
2585 4741 2796 4797 tamen
2825 4737 3105 4797 absolute
3136 4740 3200 4797 et
3226 4735 3462 4814 absque
3493 4735 3864 4796 limitatione

2326 4830 2681 4909 promittat,
2717 4828 3011 4907 obligatio
3040 4828 3262 4890 transit
3287 4846 3430 4888 cum
3458 4827 3863 4906 proportione

2326 4922 2408 4983 ad
2463 4921 2785 4999 utriusque
2844 4920 3148 4982 haeredes,
3209 4920 3365 4992 Quia
3411 4921 3556 4980 licet
3610 4938 3733 4980 non
3782 4920 3864 4981 sit

2327 5013 2622 5092 obligatio
2653 5032 2727 5072 ex
2765 5013 3027 5092 justitia,
3061 5013 3170 5074 sed
3199 5013 3400 5074 solum
3430 5032 3505 5073 ex
3531 5012 3854 5089 fidelitate,

2324 5125 2440 5167 nec
2474 5106 2754 5167 conferat
2782 5106 2886 5185 jus
2919 5106 3240 5185 proprium
3270 5106 3712 5184 promissario;
3764 5109 3862 5167 est

2321 5203 2530 5261 tamen
2562 5198 2768 5278 aliqua
2788 5198 3083 5277 obligatio
3110 5218 3122 5259 :
3146 5217 3285 5278 quae
3313 5199 3565 5278 quando
3596 5198 3859 5278 promis—

2321 5293 2412 5353 sio
2467 5294 2537 5353 fit
2587 5294 2714 5353 Deo
2735 5338 2750 5368 ,
2816 5291 3027 5371 gravis
3082 5295 3176 5352 est
3229 5291 3292 5352 in
3337 5291 3600 5352 materia
3646 5290 3850 5371 gravi,

2322 5384 2571 5465 quando
2597 5402 2749 5447 vero
2777 5386 2846 5446 fit
2872 5385 3132 5462 homini,
3158 5390 3251 5448 est
3278 5385 3648 5465 regulariter
3673 5383 3848 5460 leviS,

4053 1225 4123 1282 98

3972 1562 4078 1604 licei
4100 1564 4145 1602 iu

3995 1616 4107 1657 fideli
