4263 6376
589 758 705 816 209

545 882 649 934 Quid
684 882 736 924 de

519 935 656 980 officio
674 936 760 977 filio

528 993 759 1045 procurato,

519 1047 588 1087 aut
606 1048 758 1098 empto.

837 286 953 346 120

836 463 1157 527 habebant
1210 466 1508 528 adversus
1549 468 1787 546 filium,
1849 468 2017 548 quod
2061 467 2365 545 intelligo,

837 557 968 617 sive
995 558 1204 620 debita
1224 560 1348 622 sint
1375 579 1449 621 ex
1471 566 1818 639 contractu,
1851 563 1982 623 sive
2014 582 2087 622 ex
2108 561 2366 624 delicto:

842 651 1063 711 eadem
1093 653 1258 712 enim
1287 655 1447 715 ratio
1480 660 1575 716 est
1604 656 1681 716 de
1712 656 2014 735 utrisque.

919 745 1188 807 Infertur
1207 747 1495 825 septimo,
1532 749 1682 828 quid
1705 749 2040 809 dicendum
2069 749 2149 810 sit
2177 749 2253 808 de
2286 748 2371 809 of-

841 837 1004 914 ficio,
1066 840 1233 918 quod
1289 840 1414 901 filio
1475 841 1625 904 emit
1679 847 1903 921 pater-4
1959 843 2037 904 ad
2095 843 2264 923 quod
2312 846 2374 903 et

842 930 921 991 ad
983 935 1211 993 caetera
1264 933 1474 994 omnia
1543 955 1792 1015 semper
1852 936 2262 1016 supponimus
2310 935 2372 994 id

841 1024 1011 1102 quod
1080 1025 1345 1087 diximus
1371 1074 1387 1104 ,
1461 1048 1539 1089 ne
1608 1030 1763 1090 illud
1831 1036 2193 1109 repetamus
2226 1076 2241 1106 ,
2321 1027 2372 1088 si

840 1121 1020 1195 pater
1060 1118 1251 1181 habet
1276 1119 1445 1182 bona
1485 1122 1629 1199 filii,
1678 1124 1775 1183 vel
1822 1123 2052 1184 habeat
2091 1123 2374 1184 animum

839 1211 1188 1274 collationis
1212 1261 1226 1290 ,
1284 1215 1383 1275 vel
1443 1217 1955 1296 computationis,
2021 1216 2374 1278 faciendam

840 1324 976 1366 esse
1004 1306 1401 1369 collationem
1446 1313 1508 1371 et
1537 1311 2090 1390 computationem.
2148 1312 2377 1371 Omnes

840 1405 1233 1478 supponunt,
1267 1401 1317 1461 si
1349 1402 1623 1463 officium
1654 1404 1882 1465 emitur
1909 1422 2053 1464 cum
2082 1403 2376 1464 facultate

839 1492 993 1552 illud
1023 1492 1248 1552 iterum
1268 1495 1603 1572 vendendi,
1638 1497 2129 1575 computandum
2159 1495 2222 1556 id
2244 1512 2378 1555 esse

841 1585 903 1644 in
934 1585 1278 1664 legitimam
1303 1633 1318 1664 ‚
1367 1589 1483 1648 nisi
1510 1590 1682 1650 aliud
1712 1594 1890 1668 pater
1919 1591 2265 1669 exprimat,
2318 1591 2381 1649 et

842 1679 980 1739 fieri
1023 1679 1220 1758 possit
1262 1681 1394 1741 sine
1439 1683 1805 1764 praejudicio
1852 1685 2081 1765 injusto
2111 1686 2380 1746 aliorum

842 1772 1136 1834 filiorum.
1172 1773 1344 1834 Idem
1366 1776 1604 1855 dicunt,
1640 1779 1893 1858 quando
1920 1780 2217 1856 officium,
2238 1780 2384 1841 licet

845 1885 969 1927 non
999 1865 1077 1927 sit
1104 1867 1418 1929 vendibile
1439 1915 1454 1945 ,
1509 1872 1666 1934 solet
1695 1891 1769 1932 ex
1796 1872 2053 1934 licentia
2081 1872 2381 1951 principis

845 1959 1208 2038 frequenter
1262 1962 1488 2038 vendi,
1550 1965 1649 2024 vel
1708 1966 1959 2044 quando
2012 1966 2235 2026 saltem
2291 1970 2384 2027 est

847 2052 1319 2113 transmissibile
1350 2055 1430 2114 ad
1466 2074 1857 2119 successores
1880 2105 1895 2135 ,
1941 2057 2230 2119 videatur
2256 2059 2382 2119 Mo·

848 2143 978 2204 lina
1007 2144 1168 2223 disp.
1204 2161 1394 2207 ccxm.
1427 2151 1488 2208 et
1518 2150 1801 2228 Vasquez
1832 2150 2091 2212 dub.1x.
2127 2154 2190 2212 et
2218 2150 2383 2210 colli-

850 2235 1018 2314 gitur
1046 2256 1120 2296 ex
1148 2237 1189 2297 l.
1226 2237 1599 2317 Omnimodm
1651 2243 1716 2304 C.
1761 2240 1830 2303 de
1858 2242 2182 2324 inofficioso
2211 2251 2387 2302 testa-

850 2337 1062 2389 ment0.
1101 2332 1491 2393 Conveniunt
1521 2333 1732 2411 etiam,
1767 2335 1815 2394 si
1848 2336 2196 2397 consentiat
2223 2335 2386 2396 filius

855 2440 999 2482 cum
1027 2426 1205 2501 patre
1244 2424 1408 2485 cirea
1453 2425 1576 2486 alia
1637 2428 1841 2488 officia
1878 2448 1994 2489 nec
2024 2428 2383 2506 vendibilia,

856 2534 971 2576 nec
1001 2518 1519 2596 transmissibilia‚
1556 2524 1625 2582 ut
1654 2521 1716 2580 in
1745 2523 2090 2601 legitimam
2121 2542 2385 2601 eompu-

856 2613 1064 2670 tentur
1102 2615 1386 2689 sumptus
1432 2631 1471 2672 a
1516 2617 1693 2691 patre
1751 2614 2023 2675 faciendi
2071 2634 2185 2693 pro
2230 2615 2391 2675 obti-

858 2703 1063 2762 nendo
1094 2702 1199 2762 illo
1230 2703 1435 2765 officio
1458 2750 1473 2781 ‚
1527 2705 1589 2764 id
1620 2724 1801 2784 posse
1830 2708 1986 2768 fieri.
2039 2710 2131 2768 Ita
2160 2708 2391 2769 Molina

856 2796 911 2873 ἓ.
947 2795 1104 2856 Η1110
1122 2805 1323 2876 patet,
1358 2801 1421 2859 et
1447 2800 1731 2878 Vasquez
1763 2819 1932 2861 num.
1970 2804 2106 2862 157.
2153 2803 2392 2861 Conve-

860 2888 1040 2948 niunt
1067 2888 1276 2964 etiam,
1311 2890 1478 2969 quod
1510 2892 1802 2970 pecunia,
1837 2911 2027 2971 quam
2055 2898 2235 2972 pater
2261 2894 2386 2953 filio

862 2980 1044 3042 daret
1072 2981 1152 3040 ad
1181 2986 1445 3061 utraque
1476 2984 1682 3045 officia
1711 2985 2049 3047 obtinenda
2072 3033 2088 3062 ‚
2123 2987 2388 3047 conferri

864 3077 926 3135 et
955 3074 1301 3151 computari
1333 3075 1581 3154 debeat,
1616 3078 1734 3138 nisi
1765 3084 2009 3140 constet
2038 3079 2114 3140 de
2148 3085 2397 3142 contra-

862 3166 956 3227 ria
983 3167 1177 3246 patris
1200 3173 1432 3245 mente,
1466 3187 1608 3231 cum
1639 3190 1714 3232 ea
1742 3171 2093 3234 sitdonatio
2116 3155 2398 3252 pedunioe

863 3261 944 3323 oh
976 3280 1261 3339 causam,
1295 3267 1365 3325 ut
1392 3269 1655 3327 constat.
1708 3268 1795 3326 De
1827 3267 1944 3327 illis
1974 3287 2120 3328 vero
2153 3269 2394 3344 officiis,

867 3374 1006 3434 quae
1036 3355 1123 3417 ita
1151 3361 1295 3418 sunt
1331 3357 1684 3435 personalia
1709 3405 1724 3436 ,
1778 3362 1847 3420 ut
1898 3378 2014 3421 nec
2054 3361 2243 3422 vendi
2287 3381 2400 3424 nec

867 3448 1203 3510 transmitti
1234 3452 1524 3527 possent,
1576 3451 1791 3513 dicunt
1838 3471 1961 3513 non
2006 3472 2141 3514 esse
2190 3456 2403 3515 eonfe-

867 3541 1063 3601 renda
1092 3559 1209 3601 nec
1238 3545 1680 3622 computanda,
1713 3544 1857 3606 licet
1876 3550 2054 3624 pater
2073 3548 2273 3626 pretio
2304 3549 2404 3610 vel

871 3634 1162 3713 precibus
1196 3635 1360 3695 illud
1406 3636 1682 3698 officium
1720 3638 1846 3699 filio
1877 3639 2284 3718 obtinuisset,
2334 3647 2405 3703 ut

873 3731 1118 3789 constat
1163 3746 1199 3787 a
1230 3728 1545 3790 contrario
1589 3748 1776 3790 sensu
1823 3748 1897 3790 ex
1928 3731 2094 3792 dicta
2130 3732 2171 3793 l.
2211 3733 2404 3795 Omni·

873 3819 1065 3898 mode,
1116 3824 1180 3882 et
1208 3822 1417 3900 colligi
1448 3822 1699 3884 videtur
1727 3843 1801 3884 ex
1830 3824 1872 3886 1.
1908 3841 1951 3886 1.
1984 3825 2040 3904 ἓ.
2076 3824 2204 3886 Sed
2214 3847 2289 3887 cm
2318 3828 2397 3905 id,

874 3916 935 3975 ff.
970 3914 1038 3974 de
1064 3914 1370 3976 collatione
1398 3915 1695 3979 bonorum.

953 4007 1151 4086 Hujus
1181 4009 1550 4071 differentiae
1588 4011 1894 4072 rationem
1933 4012 2185 4074 difficile
2214 4016 2402 4077 credo

872 4100 1048 4160 reddi
1080 4119 1283 4179 posse,
1319 4102 1465 4182 quia
1495 4104 1770 4164 officium
1798 4105 1987 4165 etiam
2013 4105 2201 4183 illud,
2236 4110 2405 4187 quod

874 4212 988 4252 1100
1017 4194 1201 4253 vendi
1234 4212 1349 4254 nec
1377 4197 1713 4258 transmitti
1740 4198 1936 4276 possit
1959 4243 1974 4274 ‚
2030 4200 2279 4278 quando
2311 4206 2404 4262 ta-

871 4304 1016 4345 men
1071 4286 1301 4364 singuli
1355 4287 1505 4348 illud
1548 4307 1587 4349 a
1639 4289 1920 4369 principe
1962 4309 2075 4369 pro
2122 4311 2238 4353 sua
2275 4294 2403 4355 vita

875 4382 1112 4455 emunt,
1148 4386 1210 4441 et
1235 4380 1480 4441 lucrum
1511 4382 1726 4460 affert,
1760 4401 1884 4443 non
1914 4384 2098 4446 video
2129 4403 2242 4446 cur
2278 4405 2401 4447 non

871 4473 1067 4550 possit
1096 4477 1158 4534 et
1186 4473 1413 4535 debeat
1440 4474 1734 4535 aestimari
1761 4476 1957 4555 pretio
1980 4476 2151 4556 justo
2171 4525 2187 4556 ,
2221 4483 2283 4542 et
2310 4498 2403 4540 se-

871 4566 1148 4627 cundum
1187 4585 1364 4627 suam
1393 4568 1870 4630 aestimationem
1911 4570 1975 4629 in
2006 4572 2401 4634 collationem

873 4660 1104 4721 afferri.
1139 4662 1216 4722 Et
1244 4660 1499 4740 quidem
1526 4661 1835 4722 beneficia
1862 4663 1999 4741 ipsa
2029 4665 2405 4728 ecclesiasti-

871 4772 966 4830 ca,
1003 4772 1142 4833 quae
1175 4772 1289 4814 nee
1318 4755 1658 4816 transmitti
1685 4760 1946 4835 possunt
1975 4777 2088 4818 nec
2107 4759 2318 4836 vendi,
2354 4760 2405 4819 si

853 4852 1079 4909 tamen
1111 4865 1235 4907 non
1261 4850 1468 4909 essent
1493 4866 1594 4908 res
1615 4867 1831 4925 sacrae,
1867 4850 2164 4911 testimari
2191 4857 2403 4914 tamen

870 4944 1126 5018 possent
1154 4940 1353 5018 pretio
1384 4945 1641 5020 propter
1669 4942 2163 5005 emolumentum
2192 4948 2254 5005 et
2280 4945 2404 5005 fru-

872 5038 1008 5094 ctus
1036 5051 1194 5112 quos
1216 5034 1509 5095 ass‘erunt.
1544 5036 1671 5095 Nec
1702 5035 2004 5098 satisfacit
2032 5038 2192 5098 ratio
2215 5057 2404 5116 quam

871 5126 1079 5187 reddit
1107 5126 1277 5187 Tello
1322 5127 1489 5204 apud
1520 5130 1805 5207 vasquez
1845 5148 1905 5190 n.
1942 5132 2078 5191 158.
2123 5134 2186 5191 et
2213 5150 2403 5209 quam

870 5218 1001 5297 ipse
1047 5221 1329 5298 vasquez
1374 5220 1583 5298 quoad
1629 5221 1801 5280 illam
1855 5227 2096 5299 partem
2145 5242 2268 5283 non
2307 5244 2406 5285 rc-

869 5311 1116 5391 probat,
1151 5313 1318 5391 quod
1349 5313 1585 5375 scilicet
1613 5313 1896 5391 legitima
1927 5333 2002 5374 ex
2032 5318 2261 5376 natura
2289 5335 2401 5377 sua

870 5405 1201 5465 vendibilis
1230 5410 1292 5466 et
1314 5406 1661 5466 alienabilis
1692 5412 1805 5484 est,
1846 5426 2039 5486 quare
2068 5412 2249 5487 pater
2278 5428 2403 5469 non

869 5503 1076 5578 potest
1104 5503 1464 5576 computare
1510 5499 1636 5561 filio
1668 5500 1732 5560 111
1760 5499 2108 5579 legitimam
2136 5501 2201 5561 id
2234 5502 2402 5581 quod

2002 288 2103 349 DE
2146 288 2503 350 JUSTITIA
2547 288 2648 348 ΕΤ
2688 288 2886 349 JURE

2468 466 2630 527 filius
2659 467 2928 528 vendere
2961 484 3084 528 non
3114 470 3338 546 potest.
3372 469 3544 542 Haec,
3578 466 3892 544 inquam,
3927 477 4026 519 ra-

2471 561 2554 622 tio
2585 580 2708 621 non
2734 561 3055 636 satisfacit,
3090 561 3233 640 quia
3255 560 3553 639 probaret
3587 576 3702 618 nee
3726 553 4024 618 officium

2469 653 2964 729 transmissibile,
2997 654 3107 713 sed
3141 671 3261 713 non
3284 652 3619 728 vendibile,
3654 646 4027 727 computari

2471 764 2692 824 posse;
2729 746 2876 824 quia
2903 746 3183 824 legitima
3226 764 3347 806 non
3394 746 3600 806 solum
3629 739 4027 805 transmissi·

2469 839 2632 914 biliS,
2669 838 2780 898 sed
2807 839 3140 899 vendibilis
3169 842 3282 899 est.
3315 838 3519 914 DIceS,
3553 837 3870 916 legitimae
3903 851 4027 892 non

2471 949 2653 1010 posse
2704 931 2935 1011 apponi
2980 950 3323 1011 gravamen
3377 931 3682 1010 aliquod:
3729 928 4027 989 offic-ium

2471 1028 2681 1086 autem
2711 1025 3091 1086 invendibile
3139 1029 3201 1086 et
3227 1023 3707 1086 transmissibile
3757 1039 3844 1082 eo
3892 1021 4029 1098 ipso

2474 1120 2653 1180 affert
2679 1136 2891 1178 secum
2916 1137 3258 1197 gravamen
3292 1117 3445 1178 illud
3464 1164 3480 1193 ,
3514 1136 3622 1177 seu
3644 1113 4030 1196 prohibitio-

2473 1230 2618 1272 nem
2646 1212 2960 1273 alienandi
2986 1232 3001 1285 ;
3047 1231 3194 1292 ergo
3226 1231 3348 1273 non
3378 1214 3586 1290 potest
3613 1210 3749 1270 dari
3784 1227 3915 1288 pro
3943 1207 4031 1266 10-

2473 1307 2712 1384 gitima.
2749 1306 2873 1368 Sed
2904 1311 3142 1383 contra,
3179 1306 3327 1386 quia
3356 1307 3419 1365 in
3448 1304 3666 1384 primis
3689 1350 3705 1380 ,
3757 1307 3840 1363 ut
3873 1301 4025 1376 dixi,

2476 1400 2596 1461 1100
2625 1399 2814 1461 etiam
2843 1401 3141 1480 probaret
3180 1401 3258 1460 de
3307 1399 3511 1461 officio
3550 1394 4030 1460 transmissibili

2477 1493 2864 1570 invendibili,
2914 1494 3082 1573 quod
3112 1496 3296 1555 affert
3324 1493 3515 1554 etiam
3547 1509 3760 1552 secum
3792 1506 4033 1568 grava-

2477 1605 2621 1646 men
2652 1605 2777 1647 non
2805 1587 3142 1647 vendendi.
3191 1587 3428 1647 Deinde
3459 1585 3633 1661 dico,
3665 1583 4031 1662 legitimam

2479 1680 2708 1740 debere
2738 1681 2875 1740 dari
2903 1681 3036 1740 sine
3066 1680 3433 1759 gravamine
3457 1727 3473 1756 ,
3510 1678 3677 1759 quod
3705 1676 4034 1736 diminuat

2478 1774 2777 1848 valorem,
2803 1793 2929 1835 non
2944 1779 3155 1836 tamen
3178 1774 3408 1835 debere
3430 1773 3569 1833 dari
3588 1771 3650 1831 in
3670 1770 3867 1831 bonis
3890 1786 4028 1847 quae

2480 1867 2719 1927 nullum
2749 1887 3092 1947 gravamen
3114 1867 3409 1928 habeant:
3436 1866 3556 1926 hoe
3578 1865 3743 1925 enim
3777 1867 3887 1923 est
3918 1861 4030 1920 fal-

2480 1979 2641 2038 sum,
2665 1980 2726 2022 v.
2751 1980 2813 2040 g.
2834 1961 2886 2023 si
2905 1964 3084 2041 pater
3108 1961 3342 2021 habeat
3359 1959 3831 2020 usumfructum
3849 1955 4028 2016 fundi

2480 2072 2592 2133 pro
2615 2073 2702 2130 se,
2728 2057 2790 2115 et
2810 2073 2921 2133 pro
2944 2073 3067 2115 uno
3089 2072 3200 2115 suo
3219 2071 3598 2122 successore,
3619 2051 3720 2111 hic
3742 2049 4030 2111 ususfru-

2483 2151 2621 2208 ctus
2631 2148 2776 2209 licet
2787 2165 2914 2208 non
2925 2145 3509 2209 sit'transmissihilis
3522 2145 3780 2206 ulterius
3793 2142 3882 2204 ad
3897 2160 4027 2201 suc-

2485 2259 2762 2302 cessores
2790 2244 3144 2320 sequenteS‚
3180 2242 3501 2301 esttamen
3521 2236 3722 2316 pretio
3753 2236 4028 2296 aestima-

2484 2333 2657 2411 bilis,
2701 2337 2764 2394 et
2808 2332 3277 2413 computabitur
3312 2332 3375 2390 in
3424 2337 3668 2409 partem
3723 2327 4026 2406 legit-imae

2486 2426 2652 2485 illius
2678 2425 2790 2485 filii
2813 2472 2828 2502 ,
2884 2426 2984 2486 cui
3032 2424 3455 2503 assignabitur
3481 2423 3834 2483 secundum
3867 2420 4032 2480 aesti-

2489 2519 2858 2594 mationem,
2904 2537 3094 2598 quam
3134 2518 3367 2579 habere
3404 2520 3631 2596 potest.
3681 2518 3844 2576 Item
3895 2514 4028 2572 fun-

2489 2612 2626 2688 duS,
2663 2612 2767 2692 qui
2798 2612 2984 2674 debet
3003 2618 3255 2673 centum
3277 2629 3497 2672 aureos
3519 2627 3761 2669 annuos
3787 2609 3858 2668 in
3891 2625 4029 2667 cen-

2489 2725 2663 2781 sum,
2714 2725 3059 2785 gravamen
3138 2705 3365 2782 habet,
3418 2708 3713 2766 ettamen
3753 2701 3900 2762 dari
3927 2718 4026 2779 po·

2492 2799 2607 2859 tesi
2636 2799 2698 2857 in
2727 2798 3072 2877 legitimam
3101 2798 3447 2859 secundum
3476 2797 3787 2870 valorem,
3843 2812 4029 2875 quem

2493 2892 2856 2953 habet-cum
2884 2892 2988 2953 illo
3018 2891 3406 2970 gravamine.
3451 2892 3575 2951 Cur
3602 2907 3720 2968 ego
3750 2888 4027 2948 officium

2494 2985 2556 3045 in
2574 2986 2789 3062 vitam,
2822 2985 3326 3064 lieetgravamen
3357 2983 3588 3044 habeat
3615 2978 4029 3041 inalienabili-

2493 3078 2594 3155 tis,
2629 3097 2753 3137 non
2775 3079 3004 3156 poterit
3023 3077 3316 3139 aestimari
3339 3076 3520 3157 juxta
3537 3076 3816 3136 valorem
3844 3090 4026 3153 quem

2497 3190 2640 3233 cum
2669 3172 2772 3233 illo
2793 3173 3156 3251 gravamine
3178 3167 3390 3248 habet,
3412 3174 3474 3231 et
3487 3169 3836 3231 secundum
3859 3168 4026 3227 illum

2500 3266 2776 3326 valorem
2806 3265 2938 3326 dari
2969 3284 3081 3344 pro
3113 3268 3291 3343 parte
3326 3263 3673 3342 legitimae?
3696 3261 3834 3340 jam
3867 3261 4025 3321 enim

2497 3358 2599 3418 ille
2627 3357 2805 3418 valor
2829 3358 2961 3418 sine
2989 3357 3357 3436 gravamine
3388 3356 3592 3430 datur,
3627 3356 3776 3433 quia
3803 3370 4028 3431 grava-

2500 3470 2644 3512 men
2674 3450 2824 3512 illud
2878 3470 3004 3512 non
3047 3450 3273 3512 minuit
3317 3450 3508 3512 talem
3545 3449 3865 3522 valorem,
3925 3444 4026 3505 sed

2501 3545 2691 3605 alium
2727 3544 3033 3625 majorem
3063 3562 3249 3624 quem
3291 3562 3394 3603 res
3441 3541 3704 3602 haberet
3749 3541 3887 3600 sine
3927 3538 4026 3599 tali

2500 3637 2886 3717 gravamine.
2917 3637 3217 3698 Existimo
3249 3655 3398 3714 ergo
3424 3683 3438 3712 ,
3497 3638 3696 3697 totam
3725 3632 4028 3693 rationem

2503 3731 2868 3792 differentia}
2911 3730 3186 3809 pendere
3217 3731 3494 3808 exlege,
3546 3745 3687 3807 quae
3723 3727 3913 3805 justis
3958 3724 4027 3782 de

2502 3824 2705 3885 causis
2746 3823 2949 3903 potuit
2975 3824 3204 3899 facere,
3253 3822 3423 3902 quod
3471 3821 3607 3881 haec
3654 3824 3718 3881 et
3765 3838 3893 3880 non
3934 3818 4029 3877 illa

2502 3918 2706 3979 officia
2733 3916 3020 3993 venirent
3062 3916 3125 3975 in
3175 3916 3570 3977 collationem
3615 3919 3676 3976 et
3707 3916 4029 3991 computa-

2496 4012 2730 4073 tionem
2750 4056 2765 4086 ,
2798 4010 3075 4086 secluso,
3109 4014 3179 4070 ut
3206 4008 3510 4083 diximuS,
3564 4011 3749 4086 pacto
3782 4011 4029 4067 antece·

2502 4104 2696 4166 denti.

2581 4198 2854 4260 Adverte
2896 4196 3097 4277 primo
3118 4241 3134 4273 ,
3183 4195 3236 4256 si
3263 4195 3553 4275 princeps
3581 4194 3875 4273 precibus
3901 4191 4023 4266 filii,

4138 4185 4184 4242 211

2502 4290 2925 4354 consentiente
2971 4293 3149 4369 patre
3175 4335 3190 4365 ,
3238 4288 3606 4349 transferret
3649 4287 3717 4347 in
3759 4305 3905 4347 eum
3945 4284 4026 4344 of-
4065 4304 4185 4366 qam

2501 4385 2747 4461 ficium,
2818 4383 2986 4462 quod
3041 4382 3104 4441 in
3151 4383 3345 4442 vitam
3391 4381 3510 4441 sibi
3550 4384 3731 4459 pater
3775 4380 4023 4451 emerat,

2501 4573 2781 4634 valorem
2813 4569 3030 4642 officii;
3085 4568 3204 4628 hoc
3234 4568 3401 4627 enim
3430 4584 3554 4626 non
3584 4586 3621 4626 a
3651 4571 3827 4645 patre
3864 4564 3972 4625 sed
3997 4580 4030 4621 0

2502 4664 2782 4745 principe
2814 4662 3006 4723 habet
3030 4660 3225 4736 filius,
3277 4659 3387 4720 sed
3432 4658 3646 4738 quanti
3697 4659 4031 4719 aestimatur

2505 4758 2700 4818 cessio
2749 4756 2944 4835 patris
2991 4773 3107 4833 pro
3149 4771 3262 4814 sua
3304 4753 3430 4814 vita
3450 4798 3465 4828 ‚
3518 4771 3658 4830 quae
3705 4757 3800 4812 est
3843 4749 4029 4831 pretio

2504 4850 2910 4924 aestimabilis,
2937 4853 2997 4909 et
3026 4847 3224 4927 pretio
3253 4847 3611 4907 obtinuerat
3628 4846 3734 4925 jus
3754 4844 3906 4905 illud
3933 4860 4031 4922 pa·

2504 4949 2600 5007 ter
2628 4962 2740 5023 per
2767 4961 2946 5002 suam
2975 4942 3168 5003 vitam
3204 4960 3217 5000 :
3270 4958 3463 5019 quare
3488 4943 3736 5018 partem
3765 4938 3937 4998 illam
3965 4936 4030 4993 de

2504 5057 2615 5099 suo
2638 5040 2928 5096 censetur
2943 5034 3178 5095 donare
3208 5038 3407 5112 pater.
3440 5033 3715 5093 Adverte
3743 5029 4026 5103 secundo,

2505 5130 2804 5191 Molinam
2834 5128 2978 5187 111110
3007 5127 3260 5202 inferre,
3287 5144 3409 5186 non
3434 5125 3664 5185 debere
3694 5120 4032 5201 computari

2506 5222 2570 5281 id
2613 5222 2779 5302 quod
2823 5225 3003 5299 pater
3060 5218 3388 5298 expendit,
3448 5220 3518 5278 ut
3563 5218 3875 5277 obtineret
3919 5215 4028 5275 silio
4109 5286 4113 5292 Ι

2508 5317 2960 5393 episcopatum,
2993 5312 3393 5387 beneficium,
3428 5310 3899 5385 commendam,
3936 5309 4032 5367 do·

2505 5412 2814 5470 ctoratum
2839 5454 2853 5483 ,
2905 5406 3054 5486 quia
3081 5406 3217 5466 haec
3247 5404 3459 5465 omnia
3487 5403 3846 5484 personalia
3873 5406 4027 5475 sunt,

2505 5519 2619 5562 1100
2648 5501 2838 5561 νο11(11
2866 5505 2975 5562 aut
3002 5499 3338 5563 transmitti
3389 5501 3668 5578 possunt.
3733 5495 3910 5569 Quod
3954 5501 4032 5556 ta·

4088 4368 4185 4421 patrm

4080 4422 4185 4463 dmm

2501 4475 2991 4557 computandum
3021 4474 3617 4553 esseinlegitimam,
3638 4493 3762 4534 uon
3786 4472 4028 4552 quidem
4106 4474 4170 4514 ¹⁶¹³

4119 4524 4185 4565 filia
