4263 6376
455 2780 733 2879 ηὲἒιιξὼῗιοιι
777 2818 950 2897 leges
980 2836 1103 2878 non
1124 2818 1365 2895 vigent,
1403 2817 1647 2878 etiamsi
1677 2821 1940 2878 testator
1969 2817 2048 2878 sit
2076 2835 2153 2878 ex
2181 2816 2319 2877 loco

440 2895 734 2992 ‘'iffissf‘iiss‘i‘
783 2912 893 2972 ubi
946 2911 1193 2990 vigent,
1239 2910 1387 2989 quia
1441 2913 1885 2971 testamentum
1938 2910 2076 2970 fieri
2136 2909 2325 2970 debet

494 2995 535 3037 in
554 2997 682 3049 patria

452 3050 722 3158 Νὲἲῗῗὲπιῗν.
784 3114 921 3156 mez
948 3096 1140 3157 tradit
1170 3097 1454 3175 Vasquez
1487 3095 1591 3155 ubi
1640 3114 1850 3174 supra,
1884 3096 1940 3173 ἓ.
1975 3096 2052 3156 11.
2088 3094 2239 3155 dub.
2274 3111 2317 3155 1.

486 4067 546 4111 De
564 4071 698 4111 lesla-

444 4126 582 4164 menio
618 4121 736 4165 caci.

771 337 853 395 56
1924 327 2027 386 DE
2067 330 2429 392 JUSTlTIA
2476 328 2576 388 ΕΤ
2617 326 2817 387 JURE

773 507 1117 569 extendunt
1144 506 1225 566 ad
1272 524 1524 568 omnem
1554 524 1770 567 casum
1800 504 2208 578 necessitatis,
2242 504 2308 564 in

773 617 898 679 quo
933 604 1175 679 septem
1215 602 1407 661 testes
1449 598 1715 660 inveniri
1762 617 1887 660 non
1914 602 2195 677 possunt,
2247 600 2310 658 et

772 696 1053 771 tempore
1082 691 1273 771 pestis
1302 695 1365 752 et
1388 691 1799 769 contagioniS,
1852 691 2014 752 hanc
2059 695 2312 752 senten-

771 783 926 844 tiam
971 784 1434 862 amplectuntur
1462 783 1715 859 Baldus,
1750 784 2078 859 SalicetuS,
2113 788 2176 845 et
2205 785 2310 845 Ja-

776 893 911 950 son,
944 878 1008 935 et
1035 875 1138 935 alii
1185 875 1421 954 plureS,
1452 893 1607 953 quos
1652 875 1862 951 refert,
1917 878 1979 936 et
2025 875 2313 954 sequitur

774 967 974 1029 Diana
1018 971 1188 1028 tomo
1220 969 1321 1028 IV.
1355 971 1532 1045 parte
1548 963 1623 1028 ‘v.
1659 972 1905 1028 tractat.
1940 970 1998 1028 3.
2034 967 2113 1027 de
2144 966 2310 1026 casi-

775 1059 894 1120 bus
910 1059 1379 1120 occurrentibus
1405 1064 1688 1138 tempore
1716 1060 1955 1136 mortis,
1988 1059 2316 1120 resolutio-

778 1171 857 1212 ne
886 1154 1021 1213 123.
1056 1170 1324 1232 quorum
1369 1151 1558 1231 aliqui
1601 1151 1817 1213 dicunt
1842 1152 2128 1212 sufficere
2157 1155 2316 1212 tem-

778 1262 931 1323 pore
978 1244 1171 1323 pestis
1213 1244 1370 1304 duos
1414 1244 1513 1304 vel
1556 1249 1683 1305 tres
1723 1247 1914 1305 testes
1966 1244 2309 1322 legitimoS‚

779 1337 949 1417 quod
978 1336 1302 1414 probabile
1325 1335 1568 1416 judicat
1595 1336 1909 1397 Malderus
1938 1336 2002 1396 in
2039 1353 2312 1414 praesen-

781 1429 849 1505 ti,
901 1432 1148 1490 tractat.
1183 1429 1229 1489 1.
1278 1446 1417 1506 cap.
1457 1445 1541 1488 xx.
1598 1428 1787 1488 dubio
1832 1430 1892 1489 6.
1953 1427 2316 1489 Communis

779 1525 992 1582 tamen
1057 1520 1367 1581 sententia
1413 1539 1552 1581 eam
1606 1520 2074 1599 ampliationem
2129 1523 2320 1597 negat

780 1618 1038 1693 propter
1079 1613 1201 1691 leg.
1237 1611 1440 1689 Casus,
1488 1613 1637 1675 Cod.
1685 1612 1754 1672 de
1793 1612 2164 1688 testamentis,
2210 1611 2316 1672 ubi

782 1705 1093 1785 ejusmodi
1134 1706 1472 1766 necessitas
1519 1724 1645 1766 non
1690 1705 2040 1767 admittitur
2091 1705 2171 1764 ad
2201 1704 2319 1764 mi·-

780 1798 1102 1859 nuendum
1144 1816 1475 1858 numerum
1521 1798 1773 1859 testium
1808 1818 1821 1859 :
1857 1803 1918 1859 et
1942 1798 2030 1859 ita
2056 1797 2319 1875 intelligi

779 1892 951 1969 leges
981 1892 1043 1952 in
1075 1890 1212 1951 aliis
1241 1891 1530 1952 omnibus
1561 1891 1807 1952 casibus
1836 1894 2067 1970 praeter
2093 1908 2320 1968 excep-

782 1989 899 2061 tos,
930 1984 1160 2044 docent
1187 1983 1604 2045 communiter
1632 1983 1941 2058 doctoreS‚
1977 2001 2135 2062 quos
2162 1983 2319 2042 affe-

781 2081 948 2152 runt,
982 2080 1045 2138 et
1072 2078 1418 2156 sequuntur
1441 2075 1672 2136 Melina
1702 2075 1869 2137 dicta
1899 2075 2318 2153 disputatione

784 2173 919 2230 127.
953 2170 1009 2247 ς.
1035 2167 1124 2229 De
1134 2167 1280 2249 jure
1306 2168 1614 2244 communi,
1666 2171 1729 2229 et
1754 2170 2037 2247 vasquez
2084 2186 2223 2246 cap.
2269 2183 2313 2227 1.

782 2261 852 2323 de
879 2262 1249 2338 testamentis,
1282 2262 1341 2340 5.
1375 2277 1463 2322 1v.
1509 2261 1635 2322 dub
1663 2264 1723 2322 2.
1757 2260 2083 2339 loquentes
2129 2260 2319 2320 etiam

783 2354 863 2415 de
891 2358 1175 2433 tempore
1205 2354 1430 2432 pestis;
1477 2359 1539 2415 et
1583 2354 1845 2432 loquens
1875 2352 1954 2412 de
1995 2352 2139 2432 jure
2177 2352 2317 2413 His-

783 2465 949 2527 pano
977 2447 1147 2507 idem
1177 2446 1358 2508 docet
1386 2446 1669 2508 Sanchez
1711 2445 1876 2505 dicto
1906 2445 2013 2506 lib.
2038 2448 2142 2507 IV.
2177 2462 2314 2523 cap.

781 2555 826 2600 1.
863 2539 1013 2601 dub.
1048 2542 1109 2602 6.

865 2632 1237 2694 Solemnitas
1267 2632 1406 2693 haec
1434 2631 1691 2693 testium
1722 2650 1847 2692 non
1877 2631 2237 2710 requiritur,
2269 2631 2319 2691 si

780 2728 1225 2787 testamentum
1254 2725 1365 2786 fiat
1410 2725 1474 2785 in
1522 2724 1642 2784 alio
1671 2725 1829 2796 loco,
1874 2724 1978 2785 ubi
2010 2723 2322 2803 ejusmodi

778 3003 957 3083 juxta
982 3004 1152 3080 leges
1197 3003 1319 3063 loci
1345 3002 1453 3063 ubi
1482 3004 1573 3080 fit,
1626 3006 1694 3064 ut
1721 3021 1865 3063 cum
1893 3003 2163 3064 Antonio
2209 3004 2322 3063 Go-

785 3208 958 3250 num.
990 3195 1050 3250 4.
1085 3188 1194 3269 qui
1221 3194 1436 3249 tamen
1466 3207 1608 3249 cum
1649 3188 1871 3249 eodem
1901 3192 2078 3250 notat
2114 3207 2221 3249 nu.
2257 3192 2317 3249 7.

785 3283 904 3343 hoc
951 3301 1076 3343 non
1120 3281 1462 3361 procedere
1516 3282 1724 3360 quoad
1773 3281 2186 3356 habilitatem,
2222 3281 2321 3340 vel

786 3375 1246 3436 inhabilitatem
1273 3393 1557 3452 personae
1606 3374 1912 3435 testantiS.
1969 3373 2149 3435 Unde
2181 3372 2322 3433 siin

787 3467 1087 3546 Hispania
1128 3467 1562 3529 filiusfamilias
1607 3471 1749 3545 post
1791 3466 2137 3544 legitimam
2180 3468 2323 3526 aeta-

785 3565 913 3622 tem
944 3560 1163 3621 testari
1192 3563 1416 3637 potest,
1458 3559 1647 3619 etiam
1675 3559 1738 3618 in
1770 3558 1965 3620 Gallia
1994 3563 2325 3619 transeun-

787 3654 867 3714 do
896 3651 1115 3714 testari
1139 3652 1385 3729 poterit,
1420 3652 1566 3713 licet
1609 3650 1696 3711 ibi
1736 3651 1816 3712 sit
1844 3651 1943 3711 lex
1983 3649 2318 3725 contraria,

787 3750 850 3807 et
878 3763 911 3805 e
941 3749 1194 3817 contra3
1241 3744 1386 3823 quia
1418 3744 1626 3823 quoad
1674 3744 2027 3822 personalia
2058 3760 2184 3802 non
2215 3741 2324 3802 de·-

785 3838 894 3899 bet
921 3836 1160 3899 attendi
1186 3836 1359 3896 locus
1382 3835 1441 3896 in
1476 3855 1599 3916 quo
1628 3838 2070 3897 testamentum
2097 3836 2189 3896 fit.

866 3931 1197 3992 Dubitatur
1242 3929 1465 4007 primo,
1517 3947 1595 3988 an
1650 3928 1714 3988 in
1768 3931 2143 3989 testamento
2174 3927 2323 3988 caeci

786 4024 1163 4104 requiratur,
1216 4026 1279 4083 et
1325 4020 1595 4082 sufficiat
1623 4019 1845 4080 eadem
1873 4020 2234 4081 solemnitas
2263 4024 2326 4081 et

788 4134 1085 4178 numerus
1111 4114 1402 4177 testium?
1431 4112 1822 4193 RespondeO,
1879 4112 1958 4173 de
1978 4112 2121 4192 jure
2153 4131 2324 4173 com-

788 4209 962 4271 muni
991 4226 1228 4270 caecum
1255 4207 1319 4266 in
1348 4205 1567 4285 primis
1584 4224 1710 4267 non
1738 4224 1921 4284 posse
1943 4206 2180 4281 testari,
2205 4205 2323 4265 nisi

790 4300 1233 4380 nuncupative,
1285 4303 1347 4359 et
1375 4297 1607 4358 debere
1654 4298 2032 4360 intervenire
2082 4302 2322 4377 septem

787 4399 1013 4471 testea,
1074 4397 1138 4453 et
1190 4390 1526 4466 notarium,
1577 4409 1684 4450 seu
1739 4390 2175 4466 tabellionem,
2225 4390 2325 4451 vel

788 4488 981 4549 alium
1006 4489 1232 4547 testem
1259 4483 1395 4544 loco
1426 4481 1610 4559 illius,
1643 4483 1696 4544 si
1725 4482 1943 4544 haberi
1973 4501 2095 4544 non
2125 4483 2325 4562 possit

789 4580 1090 4654 notariuS,
1148 4594 1360 4639 coram
1415 4574 1640 4654 quibus
1684 4576 1920 4637 vocatis
1959 4575 2149 4637 debet
2185 4593 2324 4655 pro-

789 4674 950 4734 ferre
980 4670 1304 4732 haeredum
1332 4671 1395 4729 et
1437 4667 1883 4745 legatariorum
1931 4668 2208 4745 nomina,
2261 4673 2325 4730 et

788 4765 1139 4847 portionem
1186 4760 1569 4822 haereditatis
1596 4761 1695 4821 vel
1724 4760 1947 4839 legati,
1981 4779 2172 4841 quam
2201 4762 2324 4822 sin-

789 4857 951 4937 gulis
977 4855 1292 4934 relinquit,
1327 4870 1468 4932 quae
1497 4852 1708 4913 omnia
1738 4853 1968 4914 debent
1996 4872 2207 4915 coram
2231 4858 2321 4915 te-

791 4950 990 5011 stibus
1017 4946 1227 5022 scribi,
1266 4946 1366 5006 vel
1396 4945 1448 5005 si
1468 4944 1602 5024 jam
1631 4945 1860 5025 scripta
1892 4949 2091 5023 erant,
2123 4947 2250 5025 legi
2281 4965 2321 5007 a

791 5041 1056 5116 notarie,
1083 5038 1183 5099 vel
1212 5038 1346 5118 ejus
1379 5038 1587 5098 locum
1633 5038 1958 5115 subeunte,
1989 5040 2068 5118 {et
2103 5057 2323 5100 omnes

792 5137 977 5197 testes
1006 5132 1238 5193 debent
1266 5131 1656 5192 subscribere
1686 5135 1748 5192 et
1775 5131 2023 5209 signare
2045 5150 2190 5192 cum
2219 5150 2324 5192 no-

790 5226 972 5302 tario,
1007 5243 1147 5305 quae
1186 5223 1498 5284 habentur
1535 5242 1611 5283 ex
1635 5224 1759 5302 leg.
1799 5224 1934 5284 Hac
1977 5224 2327 5285 consultissi-

790 5338 907 5395 ma,
942 5319 1091 5380 Cod.
1144 5316 1250 5398 qui
1289 5324 1629 5378 testamenta
1671 5317 1866 5397 facere
1899 5325 2164 5398 possunt.
2222 5317 2322 5380 Vi·

792 5412 1015 5474 deatur
1041 5410 1274 5473 Melina
1317 5410 1550 5489 disput.
1605 5412 1739 5471 130.
1775 5410 2056 5472 Sanchez
2102 5428 2240 5488 cap.
2275 5411 2320 5471 Ι.

1725 5549 1751 5585 ⁸

2408 502 2558 564 dub.
2592 519 2679 563 ιν.
2713 505 2997 582 vasquez
3026 520 3164 584 cap.
3190 522 3233 566 1.
3268 507 3323 586 ξ.
3348 510 3408 568 5.
3439 506 3631 568 Addit
3655 509 3941 581 Vasquez

2407 595 2639 674 requiri
2672 596 2842 676 quod
2871 599 3316 659 testamentum
3345 600 3605 680 incipiat
3633 599 3712 659 ab
3742 597 3942 657 haere⁴

2410 688 2503 748 dis
2533 688 2940 765 institutione,
2962 708 3103 767 quae
3133 694 3228 752 est
3250 692 3588 753 multorum
3608 690 3937 765 sententia,

2410 786 2472 843 et
2517 781 2815 841 fundatur
2837 781 2903 840 in
2950 782 3114 843 dicta
3157 783 3280 862 leg.
3321 784 3456 845 Hae
3499 784 3936 854 consultissima,

2410 873 2521 934 sed
2553 874 2878 950 Malienzo,
2913 878 2975 934 et
3013 876 3132 935 Paz
3178 876 3346 955 apud
3396 877 3625 939 Sanch.
3673 895 3846 936 num.
3878 878 3937 936 6.

2412 965 2648 1041 dicunt,
2682 984 2755 1025 ex
2786 984 2858 1025 eo
2890 965 3135 1028 defectu
3166 987 3291 1029 non
3313 969 3491 1029 reddi
3520 970 3764 1031 irritum
3790 969 3943 1029 illud

2410 1061 2878 1119 testamentum.
2921 1059 3114 1120 Addit
3153 1062 3385 1122 Melina
3428 1080 3572 1122 cum
3601 1061 3939 1137 communi,

2413 1149 2576 1210 hanc
2604 1148 3060 1212 solemnitatem
3090 1171 3213 1214 non
3242 1154 3499 1232 requiri,
3547 1144 3799 1234 quando
3829 1171 3944 1215 cae·

2414 1260 2522 1303 cus
2551 1242 2716 1303 inter
2742 1243 2969 1305 liberos
2996 1249 3279 1322 testatur,
3327 1247 3435 1307 sed
3467 1247 3636 1306 illam
3666 1265 3806 1326 quae
3846 1265 3946 1307 re-

2414 1334 2681 1412 quiritur
2709 1335 2769 1395 in
2801 1336 2940 1396 aliis
2968 1337 3032 1396 in
3060 1338 3168 1399 tali
3198 1357 3372 1415 casu,
3410 1357 3548 1418 quae
3592 1339 3797 1399 minor
3824 1343 3938 1415 est,

2414 1431 2483 1487 ut
2500 1428 2635 1504 jam
2664 1428 2892 1489 dicam.

2492 1520 2823 1580 Dubitatur
2850 1540 2999 1601 ergo
3029 1522 3304 1584 secundo
3333 1524 3412 1585 de
3440 1528 3812 1586 testamento
3857 1524 3945 1583 in-

2415 1703 2752 1782 requiritur
2781 1709 2843 1766 et
2870 1707 3115 1784 sufficit,
3150 1708 3321 1787 quod
3351 1712 3794 1770 testamentum
3837 1710 3949 1769 flat

2416 1815 2629 1857 coram
2659 1797 2904 1858 duobus
2932 1799 3033 1858 vel
3072 1799 3271 1860 tribus
3321 1802 3582 1862 testibus
3627 1800 3941 1875 masculiS,

2416 1889 2514 1950 vel
2542 1889 2809 1965 feminiS,
2843 1890 3030 1951 etiam
3058 1890 3181 1952 nbn
3206 1893 3464 1970 rogatis,
3490 1898 3553 1954 et
3569 1894 3701 1954 sine
3731 1910 3947 1952 eorum

2416 1982 2892 2062 subscriptione,
2945 2002 3018 2044 ex
3057 1984 3179 2063 leg.
3212 1985 3348 2046 Hac
3393 1985 3834 2061 consultissima,
3884 1986 3942 2064 ἓ.

2417 2092 2492 2134 ex
2519 2074 2877 2156 imperfecto,
2909 2075 3059 2137 God.
3084 2074 3154 2135 de
3180 2085 3405 2138 testam.
3434 2077 3652 2158 juncta
3666 2079 3788 2156 leg.
3825 2078 3936 2138 ult.

2419 2167 2570 2229 Cod.
2618 2167 2867 2247 familioe
2885 2167 3292 2231 herciscundoe.
3327 2171 3394 2231 Si
3430 2175 3642 2231 autem
3668 2171 3733 2230 in
3762 2173 3948 2231 testa-

2419 2264 2700 2320 mentum
2730 2261 2808 2321 sit
2835 2260 2897 2320 id
2928 2261 3195 2340 scriptiS,
3220 2263 3558 2342 requiritur
3572 2264 3652 2324 de
3673 2264 3814 2343 jure
3836 2281 3950 2323 no-

2420 2351 2574 2412 viori
2603 2352 2773 2431 quod
2801 2353 3229 2414 subscribatur
3255 2373 3294 2414 a
3333 2359 3651 2432 testatore,
3686 2356 3785 2415 vel
3815 2372 3850 2414 a
3876 2355 3949 2415 li-

2419 2444 2584 2505 beris
2628 2445 2946 2521 institutiS,
2978 2446 3079 2506 vel
3107 2451 3273 2508 certe
3306 2451 3373 2508 ut
3400 2452 3669 2508 testator
3697 2447 3950 2526 propria

2419 2555 2608 2597 manu
2659 2541 2721 2597 et
2773 2537 3077 2599 distinctis
3126 2539 3592 2600 characteribus
3644 2541 3954 2620 exprimat

2422 2630 2674 2691 nomina
2718 2629 2987 2691 filiorum
3018 2648 3174 2709 quos
3219 2631 3503 2693 haeredes
3548 2633 3835 2709 instituit,
3889 2637 3952 2694 et

2422 2722 2738 2801 portiones
2780 2722 2840 2781 in
2900 2723 3125 2801 quibus
3183 2743 3290 2786 eos
3344 2725 3641 2801 instituit,
3691 2730 3752 2787 et
3789 2729 3950 2787 tem-

2420 2835 2536 2893 pus
2563 2815 2917 2877 testamenti
2946 2815 3113 2890 facti,
3140 2821 3208 2877 ut
3236 2816 3504 2879 habetur
3529 2818 3594 2878 in
3622 2819 3948 2882 Authenti-
4051 2864 4068 2906 ,f

2422 2927 2517 2984 ca,
2579 2905 2745 2982 Quod
2781 2907 2923 2968 sine.
2975 2909 3199 2969 Codice
3244 2908 3314 2970 de
3355 2911 3725 2984 testamentis,
3779 2916 3841 2973 et
3885 2912 3947 2971 in

2422 2999 2815 3075 Anthentica,
2848 2998 2926 3060 Si
2947 2999 3133 3077 mado,
3167 3002 3319 3065 Cod.
3349 3002 3595 3081 samilz'a’
3621 3002 3951 3064 herciscun-

2422 3091 2533 3154 doe.
2561 3092 2626 3153 Si
2643 3096 2857 3153 autem
2872 3092 2936 3151 in
2952 3096 3324 3155 testamento
3346 3094 3451 3154 illo
3468 3095 3674 3155 minus
3689 3093 3952 3158 'solemni

2422 3184 2548 3246 inte
2573 3183 2799 3245 liberos
2818 3184 3239 3248 admisceatur
3274 3186 3512 3266 aliquid
3543 3207 3655 3266 pro
3685 3208 3955 3267 persona

2419 3281 2734 3353 extranea,
2768 3295 2893 3337 non
2923 3278 3089 3340 valet
3115 3279 3322 3358 quoad
3356 3280 3524 3340 illam
3541 3286 3806 3360 partem,
3840 3283 3953 3342 sed

2422 3369 2723 3431 accrescit
2756 3369 2988 3446 liberis,
3039 3376 3108 3432 ut
3156 3377 3401 3433 constat
3442 3391 3517 3433 ex
3564 3372 3731 3435 dicto
3759 3375 3815 3453 ἓ.
3848 3374 3958 3436 Ex

2422 3462 2794 3543 imperfecto,
2842 3467 2905 3523 et
2950 3462 3112 3524 dicta
3162 3463 3284 3542 leg.
3328 3464 3554 3525 ultima
3589 3484 3603 3526 ε
3653 3465 3716 3526 in
3761 3461 3960 3528 testa-'

2421 3558 2633 3616 mento
2660 3558 2873 3617 autem
2911 3554 2974 3614 in
3011 3555 3258 3634 scriptis
3296 3557 3506 3617 valent
3547 3557 3757 3636 legata
3801 3560 3947 3619 reli·

2422 3652 2523 3709 cta
2549 3647 2858 3709 extraneis
2886 3666 2962 3707 ex
2990 3648 3157 3708 dicta
3183 3648 3583 3727 Anthentica,
3621 3650 3789 3726 Quod
3808 3652 3949 3714 sine.

2423 3743 2569 3801 Haec
2597 3745 2810 3801 autem
2841 3740 3051 3801 omnia
3096 3741 3548 3821 intelliguntur,
3599 3745 3730 3805 sive
3777 3750 3956 3825 pater

2423 3834 2554 3893 sive
2581 3836 2786 3894 mater
2811 3833 2911 3908 sit,
2944 3833 3073 3893 sive
3104 3833 3209 3893 alii
3252 3835 3662 3917 ascendentes
3691 3837 3798 3917 qui
3834 3843 3958 3899 tes-

2423 3929 2771 3987 tamentum
2800 3925 3057 4002 faciunt,
3093 3930 3156 3987 et
3195 3926 3325 3988 sive
3373 3928 3496 3990 sint
3523 3929 3632 3989 filii
3661 3931 3760 3990 vel
3786 3931 3951 4008 filiae,

2423 4017 2800 4096 emancipati
2847 4019 3059 4095 etiam,
3109 4019 3235 4080 imo
3277 4023 3342 4081 et
3369 4039 3492 4082 non
3540 4022 3799 4101 legitimi
3846 4023 3956 4084 sed

2423 4111 2758 4184 naturales„
2794 4111 3004 4190 quoad
3031 4112 3348 4189 portiones
3374 4132 3529 4192 quas
3557 4115 3713 4175 tales
3742 4134 3955 4176 ascen·

2422 4204 2640 4266 (lentes
2680 4208 2941 4284 possunt
2985 4204 3103 4265 illis
3148 4205 3522 4285 relinquere,
3576 4226 3700 4268 non
3750 4212 3955 4269 tamen

2423 4297 2613 4360 habet
2631 4298 2837 4358 locum
2866 4297 2929 4357 in
2957 4300 3328 4360 testamento
3377 4299 3486 4360 filii
3533 4305 3823 4379 respectu
3851 4319 3954 4361 as·

2422 4389 2846 4466 cendentium,
2880 4390 3026 4469 quia
3053 4390 3117 4449 id
3155 4391 3322 4452 nullo
3354 4392 3541 4454 modo
3588 4410 3955 4454 concessum

2423 4487 2536 4543 est.
2571 4485 2659 4543 De
2688 4482 2916 4562 quihus
2939 4482 3139 4542 videri
3166 4487 3428 4561 possunt
3456 4485 3737 4545 Sanchez
3787 4486 3954 4546 dicto

2421 4594 2559 4653 cap.
2593 4577 2640 4636 1.
2674 4574 2822 4636 dub.
2860 4593 2920 4637 v.
2952 4575 3180 4636 Molina
3212 4575 3370 4654 disp.
3409 4580 3541 4638 128.
3577 4580 3641 4638 et
3665 4579 3954 4658 Vasquez

2422 4667 2569 4729 dict.
2606 4686 2744 4747 cap.
2780 4684 2823 4729 1.
2856 4669 2913 4748 §.
2947 4671 3006 4729 6.

2500 4761 2831 4822 Dubitatur
2876 4760 3081 4837 tertio,
3122 4778 3205 4822 an
3232 4761 3484 4840 quando
3512 4762 3607 4822 vir
3662 4767 3724 4824 et
3767 4781 3948 4839 uxor,

2426 4854 2518 4914 vel
2549 4853 2654 4913 alii
2682 4854 2806 4913 duo
2836 4853 3115 4915 condunt
3141 4854 3324 4914 simul
3368 4859 3830 4932 testamentum,
3863 4874 3958 4916 re-

2423 5132 2581 5192 duos
2606 5132 2792 5192 simul
2821 5132 3009 5192 etiam
3039 5131 3101 5191 in
3130 5131 3400 5210 scriptis,
3421 5151 3497 5192 ex
3525 5134 3646 5211 leg.
3680 5132 3778 5194 Ea
3805 5133 3963 5215 quod

2421 5245 2457 5284 a
2483 5224 2702 5300 multis,
2733 5223 2884 5286 Cod.
2916 5224 2972 5284 si
2994 5233 3214 5285 certum
3231 5234 3509 5305 petatur,·
3536 5244 3658 5305 quo
3690 5244 3838 5288 casu
3868 5228 3956 5288 di·

2428 5318 2696 5379 cendum
2727 5321 2841 5393 est,
2867 5317 3119 5378 eosdem
3147 5322 3336 5379 testes
3354 5317 3641 5380 sufficere
3657 5337 3770 5397 pro
3793 5324 3959 5381 utro·

2428 5428 2549 5488 que
2575 5413 2968 5486 testamento,
3002 5410 3149 5489 quia
3175 5408 3401 5489 singuli
3429 5409 3847 5488 subscribunt,
3894 5414 3958 5474 et

4139 1433 4216 1490 10

4140 1559 4203 1601 Do

2415 1615 2509 1671 ter
2536 1611 2765 1672 liberos
2799 1633 2812 1673 ε
2846 1613 2911 1672 in
2942 1632 3065 1693 quo
3098 1615 3176 1675 de
3193 1614 3339 1693 jure
3392 1617 3709 1677 communi
3735 1616 3944 1676 minus
3998 1618 4251 1709 3:335&

4119 4783 4188 4840 1¹

2422 4946 2708 5026 quiratur
2735 4944 3086 5024 duplicatus
3114 4964 3415 5006 numerus
3444 4947 3720 5023 testium,
3754 4951 3818 5009 et
3835 4948 3956 5008 du·
4004 4906 4136 5003 {³3:121
4179 4922 4251 5003 ῗὲἑ

2422 5039 2563 5117 plex
2602 5039 2983 5099 solemnitas
3031 5039 3477 5116 SupponimuS,
3506 5057 3691 5117 posse
3737 5042 3954 5102 testari
4059 5022 4251 5112 ζὲξῇζζῖ
