4263 6376
1100 325 1573 390 DISPUTATIO
1616 322 1892 400 XXXIII,
1941 325 2216 386 SECTIO
2259 326 2334 386 11.

185 529 437 587 onerosa;
467 509 621 568 sicut
648 506 891 567 donans
919 522 1045 565 non
1076 507 1369 565 censetur
1396 520 1461 562 se
1496 500 1654 561 velle

188 607 421 682 obligare
448 601 521 662 ad
550 618 670 659 non
719 597 1147 659 revocandum
1191 597 1252 655 in
1285 613 1435 655 casu
1464 593 1657 672 prolis

188 698 489 769 nasciturae,
521 693 595 752 de
626 711 749 772 qua
779 710 904 751 non
927 689 1244 769 cogitavit.
1274 689 1428 749 Cum
1447 689 1658 746 autem

186 786 538 851 commodans
584 785 851 845 retineat
894 782 1011 843 sibi
1062 780 1409 840 dominium
1450 777 1564 853 rei,
1598 780 1661 837 et

187 883 308 942 velit
329 879 516 940 adhuc
546 876 862 954 possidere
909 893 1023 953 per
1068 871 1653 945 commodatarium,

186 974 331 1054 quasi
356 990 457 1050 per
482 968 783 1029 famulum
830 971 893 1028 et
920 966 1298 1040 ministrum,
1336 964 1435 1023 cui
1462 964 1659 1023 licen-

186 1068 309 1129 tiam
333 1061 599 1124 concedit
625 1060 865 1136 utendi,
899 1060 1150 1119 videtur
1192 1057 1332 1137 plus
1354 1056 1513 1135 juris
1542 1054 1657 1115 sibi

184 1159 409 1219 retinere
435 1154 586 1214 velle
617 1153 695 1212 ad
722 1151 1173 1227 revocandum,
1209 1167 1397 1228 quam
1420 1148 1661 1208 donans

183 1249 432 1329 gratuito,
480 1247 582 1327 qui
627 1263 741 1306 nec
772 1245 1117 1305 dominium
1166 1261 1282 1302 nec
1323 1239 1663 1321 possessio-

183 1363 300 1403 nem
327 1341 554 1415 retinet,
602 1339 713 1399 sed
760 1338 895 1398 vult
923 1336 1320 1397 donatarium
1359 1332 1662 1411 indepen-

184 1437 370 1495 denter
414 1452 448 1492 a
490 1450 576 1507 se,
625 1434 688 1492 et
721 1430 864 1510 jure
909 1428 1158 1507 proprio
1188 1446 1257 1487 re
1297 1426 1415 1496 uti3
1468 1442 1661 1502 quare

180 1528 410 1588 retinere
433 1524 679 1584 videtur
716 1522 820 1603 jus
849 1519 1185 1582 revocandi
1229 1518 1567 1593 licentiam,
1601 1518 1665 1577 et

182 1619 362 1681 utendi
412 1617 614 1696 aliquo
677 1634 826 1676 casu
872 1614 1014 1693 jure
1047 1611 1216 1692 quod
1258 1611 1453 1670 habet
1497 1608 1664 1669 circa

178 1731 288 1773 rem
319 1731 330 1772 :
363 1710 501 1790 quia
542 1708 796 1770 traditio
844 1707 949 1767 illa
981 1710 1074 1766 est
1101 1703 1486 1782 imperfecta,
1520 1719 1664 1762 cum

182 1823 279 1864 non
304 1801 624 1864 transferat
644 1819 681 1861 a
701 1798 1140 1861 commodante
1169 1794 1537 1870 dominium,
1563 1792 1664 1853 vel

178 1896 586 1976 possessionem
616 1893 885 1968 civilem,
916 1893 1024 1951 aut
1051 1889 1422 1950 naturalem.

243 1988 518 2067 Objicitur
560 1986 770 2062 terti0,
821 2002 934 2064 pro
983 1982 1185 2061 prima
1215 1979 1508 2059 opinione
1538 1980 1665 2039 An-

177 2081 278 2160 geli
317 2085 373 2142 et
421 2078 725 2154 Silvestri,
792 2076 937 2157 quia
993 2078 1312 2154 pateretur
1366 2071 1666 2132 damnum

178 2173 688 2248 commodatariuS,
736 2170 841 2250 qui
891 2188 966 2229 ea
1017 2169 1344 2229 occasione
1385 2182 1510 2225 non
1549 2162 1669 2224 sibi

177 2267 392 2327 aliunde
419 2263 714 2344 providit,
765 2280 882 2322 nec
910 2259 1241 2340 providere
1272 2257 1407 2337 jam
1438 2259 1662 2334 potest.

178 2358 597 2438 Respondetur,
651 2356 770 2416 hoc
799 2354 968 2414 idem
1014 2350 1462 2413 inconveniens
1491 2348 1670 2427 sequi

176 2470 327 2532 posse
364 2452 423 2511 in
471 2449 831 2517 donatione,
885 2445 1136 2526 quando
1180 2442 1542 2504 donatarius
1595 2460 1670 2502 ea

174 2545 462 2606 occasione
518 2561 644 2604 non
702 2539 921 2600 didicit
974 2543 1195 2614 artem,
1239 2536 1338 2596 vel
1386 2533 1672 2614 quaesivit

174 2637 399 2698 modum
440 2636 631 2696 alium
661 2631 1075 2712 comparandi
1124 2628 1242 2690 sibi
1289 2626 1665 2701 necessaria,

173 2737 224 2791 et
245 2734 465 2808 postea,
500 2732 648 2789 nata
669 2726 865 2806 prole,
900 2723 1080 2786 bonis
1110 2722 1225 2784 sibi
1256 2719 1502 2781 donatis
1529 2736 1672 2798 spo-

172 2824 350 2899 liatur,
381 2827 442 2884 et
483 2822 564 2882 ad
597 2823 944 2900 egestatem
983 2815 1325 2877 reducitur.
1360 2813 1428 2874 Id
1462 2815 1672 2872 autem

168 2921 341 2977 totum
368 2913 650 2994 sequitur
674 2930 788 2992 per
817 2910 1129 2985 accidens,
1164 2912 1226 2968 et
1254 2926 1329 2967 ex
1357 2905 1675 2984 negligen-

171 3011 244 3071 tia
269 3006 591 3083 donatarii,
642 3005 743 3066 vel
788 3000 1290 3077 commodatarii,
1338 2998 1447 3078 qui
1472 2996 1676 3076 potuit

170 3101 312 3162 hunc
338 3118 551 3162 casum
570 3095 934 3177 possibilem
959 3093 1306 3173 praevidere
1337 3095 1399 3152 et
1418 3089 1533 3150 sibi
1562 3090 1675 3149 ali-

169 3195 312 3255 unde
324 3194 668 3255 consulere.
690 3191 865 3251 Idem
878 3187 1069 3250 etiam
1081 3184 1404 3265 contingit,
1421 3181 1672 3263 quando

166 3307 251 3348 res
275 3287 497 3349 donata
526 3283 859 3358 evincitur,
894 3298 1016 3360 quo
1048 3284 1258 3342 tamen
1289 3296 1438 3339 casu
1470 3277 1670 3337 dona-

167 3387 343 3440 torem
370 3397 495 3442 non
524 3375 726 3439 teneri
755 3375 833 3435 de
862 3372 1192 3447 evictione,
1232 3369 1483 3449 quando
1525 3387 1671 3447 gra-

164 3474 300 3535 tuito
329 3472 607 3547 donavit,
644 3467 915 3529 diximus
962 3484 1106 3527 cum
1136 3462 1454 3525 communi
1482 3480 1676 3540 agen-

164 3570 243 3627 tes
268 3566 340 3626 de
367 3564 732 3638 donatione,
768 3559 913 3640 quia
940 3557 1308 3619 benefactor
1343 3574 1468 3616 non
1497 3559 1675 3615 tene-

160 3664 251 3721 tur
298 3658 376 3719 ad
418 3655 825 3718 securitatem
873 3649 1204 3726 donatarii,
1256 3649 1356 3709 vel
1402 3665 1676 3708 commo-

164 3752 366 3812 datarii
396 3754 619 3812 contra
646 3765 828 3808 casus
856 3744 1155 3806 adversos
1193 3759 1316 3802 non
1349 3740 1670 3819 praevisos,

162 3845 284 3906 Alia
324 3844 564 3905 leviora
592 3841 968 3919 argumenta
1009 3835 1333 3897 solventur
1373 3852 1410 3893 a
1445 3833 1677 3895 Molina

162 3938 283 3999 loco
312 3938 525 3999 citato.

230 4034 315 4093 Ex
342 4048 469 4110 qua
507 4045 664 4089 vero
712 4024 897 4103 culpa
932 4026 1224 4083 teneatur
1249 4017 1680 4081 commodata-

159 4124 294 4199 rius,
328 4123 377 4183 si
406 4139 510 4183 res
540 4121 779 4199 pereat,
815 4115 1086 4176 diximus
1115 4112 1278 4191 disp.
1312 4128 1451 4173 v111.
1485 4109 1555 4170 de
1584 4109 1680 4168 in·-

146 4217 334 4297 juna,
367 4219 523 4276 sect.
571 4216 633 4274 9.
679 4213 860 4285 Item,
908 4226 988 4268 an
1038 4210 1101 4267 et
1127 4204 1443 4284 quomodo
1487 4203 1683 4282 possit

161 4305 683 4371 commodatarius
710 4321 812 4363 res
841 4319 985 4361 suas
1006 4298 1300 4379 praeferre
1324 4295 1681 4358 commoda-

158 4404 246 4480 tis,
277 4399 530 4484 quando
575 4415 700 4458 non
750 4398 956 4474 potest
1004 4397 1300 4469 utrasque
1349 4389 1553 4449 salvas
1598 4387 1683 4448 fa·

155 4515 306 4571 cere,
357 4494 636 4555 diximus
665 4488 901 4548 ibidem
944 4488 1095 4545 sect.
1132 4485 1228 4544 10.
1281 4487 1376 4542 An
1407 4500 1578 4557 vero,
1620 4484 1682 4541 et

155 4588 458 4669 quomodo
489 4579 1028 4646 commodatarius
1055 4578 1344 4638 teneatur
1375 4573 1457 4634 ad
1499 4574 1679 4633 dam-

155 4701 317 4758 num,
340 4678 601 4760 quando
625 4675 742 4735 fuit
782 4674 844 4733 in
866 4688 1047 4732 mora
1073 4667 1381 4729 reddendi
1409 4684 1682 4727 commo-

155 4775 383 4850 datum,
417 4771 695 4833 diximus
725 4767 958 4845 disput.
1011 4778 1191 4823 xvm.
1224 4760 1293 4821 de
1339 4759 1685 4840 obliqatione

154 4865 485 4928 restituendi
510 4884 587 4925 ex
631 4860 861 4922 loesione
888 4857 1128 4937 injusta,
1185 4858 1337 4915 sect.
1391 4857 1449 4913 2.
1500 4851 1684 4913 Deni-

155 4981 287 5041 que,
319 4979 403 5022 an
432 4956 636 5039 possit
681 4953 849 5014 licite
878 4947 1410 5012 commodatarius
1444 4945 1683 5006 occulte

152 5069 561 5134 compensare
606 5047 725 5108 sibi
770 5063 846 5106 ex
875 5062 943 5104 re
988 5039 1386 5103 commodata
1415 5056 1527 5118 pro
1578 5036 1688 5096 de-

154 5146 275 5208 bito
322 5146 473 5220 alio,
524 5139 696 5221 quod
749 5156 786 5197 a
827 5133 1266 5197 commodante
1312 5146 1686 5210 recuperare

157 5258 276 5301 non
302 5241 542 5319 potest,
574 5233 822 5294 constat
849 5247 926 5289 ex
954 5229 1050 5303 iis,
1086 5244 1226 5305 quae
1259 5224 1531 5285 diximus
1562 5221 1687 5282 dis-

156 5339 281 5415 put.
315 5348 448 5394 xvx.
484 5326 560 5388 de
588 5321 825 5405 injustis
856 5321 1013 5381 circa
1047 5318 1195 5379 bona
1217 5318 1495 5399 fortuma,
1532 5318 1683 5375 sect.

152 5432 209 5489 5.
258 5425 369 5488 ubi
416 5422 486 5484 id
532 5421 597 5481 in
628 5414 913 5495 deposito
955 5413 1147 5475 etiam
1187 5409 1575 5484 admisimus,
1604 5407 1692 5469 lo-

3165 331 3279 387 547

1756 499 1990 561 Molina
2032 500 2194 580 disp.
2244 504 2381 562 297.
2413 503 2470 582 ξ.
2521 501 2904 563 Contrarium
2947 511 3160 581 tmnen,
3196 504 3285 563 di-

1758 595 1878 668 cat,
1922 592 1986 652 id
2016 611 2141 653 non
2188 593 2397 667 licere,
2432 599 2502 656 ut
2529 599 2773 657 constat
2800 601 2863 656 et
2885 597 3005 675 leg.
3040 597 3280 672 ultima,

1758 687 1826 746 C.
1877 684 1948 745 de
1992 685 2373 761 commodate,
2410 688 2492 747 ad
2536 706 2724 767 quam
2765 690 2970 768 legem
2999 695 3287 751 auctores

1761 797 1918 856 quos
1960 781 2162 855 affert,
2212 781 2598 847 affirmantes
2637 781 2844 858 licere,
2879 801 3004 842 non
3033 800 3287 862 respon-

1761 871 1945 945 dent3
1980 872 2144 948 dico,
2171 873 2376 951 legem
2392 874 2562 934 illam
2592 894 2815 954 parum
2845 875 3115 952 obstare,
3143 895 3287 937 cum

1759 965 2053 1042 loquatur
2080 966 2282 1025 solum
2313 967 2376 1026 in
2408 968 2544 1030 foro
2576 968 2880 1047 judiciali,
2915 968 2979 1028 in
3009 988 3131 1048 quo
3163 988 3288 1030 non

1760 1058 1941 1118 facile
1987 1057 2341 1120 admittitur
2383 1061 2812 1139 compensatio
2859 1061 3023 1122 inter
3064 1080 3165 1121 res
3195 1063 3289 1122 di-

1760 1150 1926 1210 versi
1970 1152 2241 1229 generis,
2291 1170 2406 1212 nec
2452 1153 2638 1214 etiam
2688 1155 3089 1231 praesumitur
3124 1172 3291 1215 com-

1762 1243 2188 1304 modatarium
2217 1263 2341 1305 non
2374 1263 2555 1323 posse
2578 1246 2813 1326 judicis
2844 1247 3072 1308 auxilio
3102 1266 3292 1327 pecu-

1763 1335 1933 1396 niam
1976 1336 2092 1396 sibi
2144 1336 2423 1397 debitam
2463 1357 2864 1417 recuperare„
2892 1343 2954 1400 et
2994 1339 3135 1400 ideo
3167 1358 3289 1399 non

1764 1428 2145 1507 permittitur
2174 1447 2287 1507 pro
2318 1448 2394 1490 ea
2423 1448 2656 1510 equum
2686 1432 2804 1492 sibi
2826 1432 3293 1493 commodatum

1763 1538 2089 1599 usurpare.
2127 1521 2314 1582 Aliud
2342 1541 2491 1583 vero
2519 1528 2615 1585 est
2641 1524 2703 1583 in
2732 1524 2867 1588 foro
2897 1524 3294 1585 conscientiae

1765 1615 2018 1692 quando
2066 1615 2598 1677 commodatarius
2642 1617 2779 1693 scit,
2829 1635 2953 1677 non
3000 1635 3182 1696 posse
3228 1636 3294 1678 se

1760 1724 2137 1861 {couperare
2183 1706 2365 1769 aliter
2409 1727 2446 1768 a
2489 1709 2795 1787 debitore,
2831 1710 3000 1788 quod
3043 1711 3159 1772 sibi
3189 1710 3294 1771 de-

1807 1818 1841 1861 e
1870 1818 1966 1860 ur.

1843 1892 2194 1969 Dubitatnr,
2254 1893 2336 1954 ad
2408 1912 2597 1973 quem
2665 1900 2947 1974 spectent
3005 1915 3294 1976 expensae
3446 1908 3521 1966 14

1765 1987 1947 2048 factae
1994 1986 2163 2046 circa
2208 2004 2342 2046 rem
2389 1988 2897 2049 commodatam?
2941 1990 3298 2068 Responde·
3391 2031 3452 2075 gx
3534 2041 3591 2074 ω

1768 2085 1892 2156 tur,
1926 2078 1974 2139 si
2030 2078 2364 2139 ordinariae
2393 2084 2559 2157 sunt,
2594 2085 2664 2143 ut
2692 2081 2867 2142 cibus
2897 2084 3063 2162 equi,
3096 2082 3297 2144 victus
3390 2043 3603 2129 cignrem

1770 2177 1833 2234 et
1862 2172 2201 2250 hospitium
2247 2172 2564 2251 mancipii,
2598 2179 2884 2252 spectare
2913 2175 2994 2236 ad
3024 2193 3300 2237 commo·
3348 2139 3646 2247 mmmmm

3376 2247 3623 2303 pertineant.

1769 2265 2103 2326 datarium.
2141 2265 2207 2326 Si
2252 2265 2375 2326 sint
2404 2267 2940 2344 extraordinariae,
2985 2272 3048 2329 et
3073 2286 3299 2346 graves

1769 2363 2051 2437 spectare
2097 2357 2180 2418 ad
2235 2351 2765 2438 commodantem,
2838 2364 2908 2421 ut
2976 2362 3026 2420 si
3082 2380 3301 2423 servus

1770 2450 2207 2511 commodatus
2239 2452 2589 2530 aegrotavit,
2637 2453 2689 2513 si
2718 2454 2897 2532 fugit,
2932 2458 2994 2514 et
3023 2455 3302 2532 oportuit

1768 2561 1999 2621 magno
2028 2547 2281 2622 sumptu
2312 2561 2593 2622 quaerere
2624 2549 2687 2606 et
2713 2545 3048 2619 reducere3
3070 2547 3120 2605 si
3149 2565 3299 2608 vero

1767 2636 1938 2697 leves
1982 2635 2127 2713 sint,
2162 2641 2447 2714 spectant
2473 2637 2554 2698 ad
2602 2639 3189 2716 commodatarium,
3222 2639 3301 2700 si-

1772 2733 1879 2790 cut
1906 2733 1969 2791 et
1995 2729 2136 2790 aliae
2166 2743 2534 2792 communes
2563 2733 2628 2792 et
2653 2731 3007 2794 ordinariae.

2309 3090 2399 3152 De
2424 3091 2709 3153 Precario
2741 3112 2766 3153 .·

1856 3357 2215 3419 Precarium
2262 3357 2510 3435 dicitur,
2563 3358 2722 3439 quod
2761 3358 3034 3440 precibus
3084 3365 3313 3443 petenti
3456 3380 3530 3440 15

1774 3448 2050 3511 utendum
2080 3448 2430 3524 conceditur,
2467 3450 2750 3531 quamdiu
2777 3451 2846 3525 is,
2883 3453 2989 3533 qui
3025 3455 3298 3531 concedit,
3542 3506 3552 3517 .

1773 3562 1891 3603 non
1921 3543 2296 3617 revocaverit,
2327 3543 2370 3604 l.
2405 3559 2449 3604 1.
2486 3545 2548 3604 ff.
2583 3542 2653 3603 de
2671 3544 2970 3624 precario,
3006 3550 3070 3606 et
3097 3567 3151 3609 c.
3186 3550 3299 3611 ult.
3357 3505 3652 3624 qssffissm„

1774 3636 1844 3698 de
1862 3636 2176 3717 precariis.
2211 3635 2432 3697 Differt
2458 3655 2494 3695 a
2523 3637 2920 3698 commodato
2951 3658 3066 3717 per
3104 3641 3305 3703 solam
3355 3618 3654 3723 ηἶῗιῗῗὲᾚῑι.

1774 3731 2134 3792 facultatem
2190 3729 2528 3790 revocandi
2582 3733 2644 3790 et
2686 3731 3010 3808 repetendi
3050 3736 3304 3811 quando

1776 3823 2065 3899 voluerit,
2100 3822 2203 3902 qui
2248 3821 2574 3884 concessit.
2610 3822 2760 3895 Quae
2798 3828 3009 3884 tamen
3041 3826 3306 3889 facultas

1777 3934 1902 3977 non
1950 3918 2045 3976 est
2085 3916 2174 3977 ita
2218 3914 2647 3994 metaphysica
2694 3915 3121 3995 intelligenda,
3145 3924 3216 3980 ut
3242 3920 3305 3980 in

1778 4008 2144 4084 continenti,
2178 4007 2310 4067 sine
2339 4024 2502 4068 nova
2529 4007 2883 4069 rationabili
2906 4026 3095 4070 causa
3122 4030 3308 4074 revo-

1778 4102 1911 4164 cari
1937 4101 2154 4180 possit,
2182 4100 2329 4180 quia
2354 4099 2731 4160 beneficium
2755 4099 3008 4180 aliquod
3031 4105 3311 4167 continet

1780 4212 1924 4256 cum
1969 4193 2049 4254 sit
2090 4193 2441 4265 concessio;
2492 4192 2772 4272 alioquin
2801 4210 2877 4253 ex
2920 4194 3064 4256 dolo
3113 4201 3177 4258 et
3205 4197 3310 4257 de-

1780 4287 2066 4366 ceptione
2094 4286 2262 4347 mala
2291 4284 2682 4364 procederet,
2727 4288 2796 4345 ut
2826 4304 2969 4346 cum
3013 4290 3305 4350 Panorm.

1781 4383 2079 4456 Navarro,
2130 4382 2194 4439 et
2233 4377 2366 4437 aliis
2396 4378 2581 4438 docet
2605 4377 2834 4439 Molina
2882 4379 3041 4459 disp.
3075 4384 3211 4443 298.
3248 4382 3310 4441 in

1780 4471 2109 4553 principio.
2164 4472 2369 4542 Quare
2400 4469 2656 4531 arbitrio
2700 4471 3026 4549 prudentIs
3056 4474 3313 4554 aquuod

1780 4565 2080 4644 temporis
2129 4563 2401 4642 spatium
2445 4562 2705 4623 concedi
2735 4562 2942 4640 debet,
2977 4584 3100 4644 quo
3129 4567 3316 4628 bene-

1781 4659 1994 4720 ficium
2023 4657 2324 4736 prodesse
2355 4655 2569 4734 possit.

1863 4752 2021 4812 Hinc
2073 4751 2177 4826 fit,
2238 4750 2289 4809 si
2357 4747 2712 4827 precarium
2782 4750 3164 4812 concedatur
3230 4753 3313 4813 ad
3463 4773 3539 4833 15

1783 4862 2085 4905 mensem.
2119 4861 2179 4903 v.
2212 4861 2274 4921 g.
2310 4841 2539 4901 debere
2568 4841 2829 4920 intelligi
2858 4843 2919 4902 in
2951 4842 3072 4903 hoc
3100 4864 3310 4923 sensu,

1785 4944 1855 5000 ut
1883 4941 2022 5017 post
2048 4954 2329 4996 mensem
2373 4935 2629 5014 quidem
2670 4935 2848 4994 reddi
2881 4936 3128 5012 debeat,
3163 4939 3317 5000 inte·
3392 4899 3642 4996 οὲιῗέῗέιιῗῖιι·

1787 5032 1906 5091 rim
1958 5035 2169 5091 tamen
2227 5027 2424 5108 possit
2467 5045 2505 5086 a
2553 5026 2933 5088 concedente
2978 5030 3198 5108 repeti,
3250 5036 3319 5093 ut
3391 5008 3645 5103 fflnffiffi'.

1789 5144 1932 5186 cum
1978 5124 2267 5199 dicimuS,
2304 5120 2726 5181 Accommoda
2759 5119 2914 5179 mibi
2941 5120 3171 5182 librum
3207 5143 3320 5202 per
3466 5118 3568 5157 ¹⁰¹³·

1791 5235 2105 5289 mensem;
2142 5216 2194 5276 si
2223 5232 2372 5275 vero
2405 5217 2590 5274 antea
2621 5212 2914 5289 volueriS,
2948 5215 3276 5276 restituam
3303 5238 3316 5279 :

1793 5315 1855 5373 et
1877 5311 1940 5370 in
1968 5310 2087 5370 hoc
2107 5327 2295 5369 sensu
2315 5306 2590 5366 validum
2614 5324 2747 5365 esse
2775 5307 3128 5384 precarium
3145 5308 3318 5387 illud,

1792 5402 2182 5481 significatur
2208 5401 2250 5461 l.
2285 5399 2356 5459 ln
2386 5398 2572 5471 rebus,
2620 5399 2675 5477 ἓ.
2710 5399 2821 5459 ult.
2857 5400 2986 5461 etl.
3013 5404 3320 5481 sequenti,

156 5518 407 5601 quendo
436 5516 507 5576 in
538 5513 672 5574 foro
702 5506 1122 5571 conscientiae.
1157 5503 1454 5576 Quamvis
1482 5505 1694 5563 autem
1795 5497 1921 5558 etl.
1955 5495 2104 5558 Cum
2129 5492 2427 5575 precaria,
2470 5492 2534 5553 ff.
2567 5489 2638 5552 de
2659 5493 2954 5572 precario,
2996 5495 3133 5555 Non
3164 5503 3327 5560 esset
