4263 6376
468 1122 587 1183 130

412 1247 649 1291 rmum„
733 1225 1071 1285 sententias
1103 1246 1117 1286 ε
1153 1227 1341 1305 aliqui
1374 1228 1540 1287 enim
1569 1229 1784 1290 dicunt
1803 1233 2140 1307 utrumque
2161 1225 2268 1285 do-

387 1303 684 1410 wn&
734 1316 1004 1377 nationis
1020 1337 1220 1396 genus
1241 1321 1481 1380 censeri
1500 1321 1906 1399 prohibitum,
1939 1339 2081 1381 cum
2098 1326 2271 1380 utra-

388 1409 675 1504 m
737 1427 857 1488 que
887 1410 965 1470 sit
993 1429 1142 1470 vera
1172 1418 1234 1472 et
1260 1413 1513 1491 propria
1543 1413 1818 1475 donatio.
1849 1415 1941 1475 Ita
1973 1412 2265 1482 Pinellus,

417 1515 658 1611 axaf&
736 1505 798 1561 et
841 1502 1153 1563 Marienzo
1179 1550 1194 1579 ,
1255 1523 1411 1582 quos
1451 1507 1633 1566 affert
1676 1506 1949 1566 Thomas
1980 1504 2267 1566 Sanchez

513 3843 622 3904 131

415 3969 596 4024 Eligitur
631 3981 708 4012 se-

467 4024 597 4066 cunda
614 4029 656 4066 et

720 310 800 376 28

1894 313 1996 373 DE
2036 308 2393 373 JUSTITIA
2435 310 2538 372 ΕΤ
2577 312 2778 373 J'URE

721 481 900 561 titiae,
933 486 1230 565 supponit
1274 490 1483 548 tamen
1530 488 1813 550 debitum
1857 486 2259 566 gratitudinis
2355 488 2650 549 mercede
2695 492 3163 551 remuneratum
3218 489 3590 569 regulum.»
3651 488 3724 548 In
3771 503 3901 566 quo

725 592 868 654 quae
924 576 1184 639 inclinat
1233 579 1312 640 ad
1357 580 1833 641 retribuendum
1875 578 2259 641 benefactori

717 666 900 747 juxta
919 687 1279 730 mensuram
1295 671 1582 734 beneficii
1606 673 1867 753 accepti.
1903 675 2096 733 Porro
2118 672 2265 732 licet

725 764 992 839 utraque
1021 761 1101 822 sit
1130 781 1281 823 vera
1307 763 1585 841 donatio,
1619 766 1880 826 dubium
1903 784 2035 825 esse
2058 770 2265 843 potest

727 871 808 911 an
840 854 1092 933 quando
1124 854 1309 915 alicui
1341 857 1712 934 prohibetur
1737 858 2004 933 donare,
2050 856 2267 935 prohi-

727 945 953 1007 beatur
981 947 1168 1007 etiam
1190 948 1443 1011 donatio
1463 951 1979 1027 remuneratoria,
2013 969 2091 1009 an
2115 966 2263 1009 vero

731 1038 863 1098 sola
893 1039 1145 1100 donatio
1175 1059 1348 1101 mere
1377 1045 1652 1121 gratuita
1672 1044 1701 1104 ?

811 1132 878 1191 In
910 1150 1033 1211 quo
1065 1140 1294 1211 puncto
1336 1136 1587 1197 invenio
1631 1136 1909 1197 diversas
1939 1135 2267 1196 doctorum

734 1591 841 1653 lib.
878 1610 965 1655 vl.
998 1593 1069 1655 de
1097 1595 1354 1657 matrim,
1386 1596 1546 1675 disp.
1582 1614 1666 1657 w.
1721 1616 1893 1658 num.
1947 1601 2004 1658 1.
2058 1596 2272 1656 dicen-

735 1689 851 1762 tes,
904 1705 978 1747 ea
1017 1686 1095 1747 de
1126 1707 1314 1749 causa
1357 1690 1519 1750 inter
1554 1692 1853 1769 conjuges
1893 1689 2275 1769 prohibitam

738 1779 928 1839 etiam
972 1798 1109 1840 esse
1157 1781 1560 1844 donationem
1601 1783 2162 1843 remuneratoriam
2201 1798 2274 1840 eo

735 1871 868 1951 ipso
901 1873 1068 1952 quod
1099 1874 1335 1935 donare
1376 1875 1489 1935 sibi
1530 1876 1802 1935 invicem
1835 1894 1955 1937 non
1988 1879 2269 1953 possunt.

734 1964 856 2025 Alii
884 1968 1091 2025 tamen
1125 1966 1340 2029 dicunt
1369 1968 1674 2047 ejusmodi
1701 1968 2118 2047 prohibitione
2150 1985 2274 2027 non

735 2058 1185 2136 comprehendi
1234 2060 1637 2122 donationem
1693 2060 2108 2120 antidoralem
2163 2077 2273 2119 seu

737 2152 1322 2229 remuneratorium,
1358 2171 1498 2232 quae
1530 2172 1652 2213 non
1685 2158 1779 2214 est
1797 2172 1971 2213 mera
1991 2151 2270 2225 donatiO,

738 2259 881 2302 cum
942 2244 1179 2304 oriatur
1224 2245 1444 2305 saltem
1493 2264 1567 2305 ex
1616 2245 1826 2307 debito
1875 2244 2278 2324 gratitudinis

739 2335 908 2414 quod
936 2335 1217 2397 solvitur,
1253 2340 1344 2398 Ita
1371 2337 1602 2398 Molina
1629 2343 1782 2399 tom,
1820 2356 1888 2399 11.
1940 2338 2098 2416 disp.
2133 2340 2271 2397 289,

737 2430 794 2505 ξ.
833 2427 889 2488 T
883 2428 1063 2488 ertias
1080 2429 1136 2488 si
1147 2429 1280 2510 fiat,
1316 2430 1583 2507 Rosella,
1617 2432 1917 2510 AngeluS,
1954 2430 2273 2505 Silvester,

740 2520 976 2597 Abbas,
1009 2522 1375 2583 Menochius
1395 2569 1411 2598 ,
1443 2527 1507 2584 et
1536 2523 1641 2583 alii
1667 2524 1908 2603 plureS,
1944 2542 2100 2602 quos
2129 2540 2279 2582 con-

741 2612 939 2692 gerit,
992 2617 1055 2675 et
1096 2616 1379 2694 sequitur
1408 2616 1691 2677 Sanchez
1729 2616 1835 2675 ubi
1880 2632 2069 2695 supra
2098 2633 2272 2675 num.

743 2707 840 2766 11.
876 2710 938 2768 et
965 2706 1072 2768 lib.
1099 2725 1142 2769 1.
1181 2708 1401 2770 Consil,
1435 2728 1572 2788 cap.
1597 2710 1701 2769 vl.
1738 2707 1981 2769 dub,11,
2017 2726 2189 2767 num,
2214 2712 2274 2767 4,

743 2803 808 2860 et
832 2799 1158 2878 loquentes
1201 2801 1278 2860 de
1308 2801 1480 2861 bulla
1511 2801 1843 2877 Clementis
1873 2802 2031 2861 VIII.
2066 2799 2282 2879 prohi-

742 2890 947 2952 bentis
1016 2892 1321 2972 religiosis
1375 2893 1765 2954 donationes,
1840 2894 2012 2953 Idem
2067 2896 2283 2952 tenent

747 2984 925 3059 Sosa,
959 2985 1379 3064 Hieronymus
1407 2986 1688 3062 Cenedo,
1720 2985 2215 3047 Bartholomaeus
2241 3004 2281 3045 a

748 3077 978 3138 Sancto
1010 3080 1261 3153 Faust0,
1315 3078 1595 3155 Riceius,
1640 3079 1997 3154 Bonacina,
2046 3081 2274 3140 Joann.

747 3169 1031 3246 ValeruS,
1058 3171 1432 3251 Rodriquez,
1460 3172 1722 3248 Scortia,
1757 3171 2040 3232 Peirinus
2069 3176 2133 3231 et
2152 3170 2277 3246 alii,

749 3281 909 3342 quos
937 3266 1138 3341 affert,
1171 3270 1234 3326 et
1261 3264 1541 3343 sequitur
1571 3265 1769 3325 Diana
1814 3268 1968 3325 tom,
2003 3281 2046 3324 1,
2092 3269 2278 3325 tract.

747 3353 818 3416 de
837 3366 1187 3439 paupertate
1213 3356 1516 3437 reliqiosa,
1550 3358 1804 3418 resolut.
1838 3373 1939 3417 xv.
1969 3359 2032 3417 et
2057 3373 2186 3418 ΧΠ.
2223 3361 2286 3418 et

752 3448 813 3508 in
846 3451 1203 3511 universum
1248 3450 1327 3511 de
1350 3451 1490 3511 aliis
1519 3450 2046 3529 prohibitionibus
2075 3449 2286 3509 simili-

751 3542 870 3603 bus
898 3543 1065 3603 idem
1115 3543 1343 3605 docent
1369 3544 1814 3619 HomobonuS,
1863 3544 2046 3604 Joan.
2100 3542 2178 3602 de
2223 3542 2285 3603 la

754 3638 932 3713 Cruz,
967 3641 1030 3699 et
1057 3637 1339 3712 AzoriuS,
1374 3654 1531 3716 quos
1558 3637 1740 3698 affert
1769 3636 1936 3695 idem
1967 3634 2167 3696 Diana
2196 3635 2283 3696 ibi

754 3729 940 3790 resol.
976 3734 1072 3792 15.

836 3824 983 3883 Haec
1010 3825 1288 3887 secunda
1315 3826 1623 3888 sententia
1665 3842 1808 3885 cum
1838 3821 2287 3888 moderationi-

755 3914 872 3975 bus
901 3918 1110 3979 statim
1140 3919 1513 3978 adhibendis
1542 3917 1696 3976 mihi
1725 3916 1914 3976 etiam
1944 3915 2179 3992 placet,
2226 3917 2287 3975 et

756 4009 1008 4087 probari
1037 4015 1242 4089 potest
1266 4012 1468 4090 primo
1500 4030 1575 4070 ex
1603 4011 1726 4088 leg.
1761 4025 1805 4070 1.
1841 4010 1902 4068 ff.
1936 4007 2005 4067 de
2023 4005 2287 4067 donatio-

653 4108 665 4120 ·
757 4100 944 4178 nibus,
989 4103 1096 4163 ubi
1140 4104 1243 4164 illa
1271 4104 1471 4163 solum
1502 4103 1728 4163 dicitur
1755 4100 2004 4180 proprie
2034 4099 2286 4161 dona⁸io

758 4195 1081 4274 appellari,
1109 4215 1299 4276 quam
1320 4196 1585 4257 donator
1598 4204 1844 4275 propter
1870 4192 2091 4252 nullam
2111 4192 2289 4251 aliam

758 4307 990 4349 causam
1016 4289 1224 4369 faciat,
1257 4309 1430 4370 quam
1460 4297 1524 4348 ut
1553 4286 1990 4362 liberalitatem,·
2017 4294 2073 4346 et
2100 4285 2291 4344 muni-

756 4379 1049 4462 ficentiam
1077 4390 1361 4442 exerceat.
1413 4382 1480 4443 Si
1520 4398 1669 4459 ergo
1711 4379 1862 4440 facit
1907 4383 1974 4439 ut
2011 4378 2290 4438 debitum

763 4474 1057 4535 naturalis
1085 4475 1485 4554 gratitudinis
1516 4474 1737 4548 solvat,
1771 4491 1896 4533 non
1928 4475 2021 4531 est
2039 4471 2291 4550 proprie

761 4571 824 4627 et
851 4568 1061 4629 stricte
1092 4569 1346 4630 donatio
1377 4568 1486 4627 sed
1517 4566 1962 4627 remuneratio.
1997 4564 2095 4624 Ad
2124 4564 2292 4623 idem

764 4661 967 4721 afferri
991 4662 1149 4723 solet
1176 4662 1275 4722 lex
1295 4661 1544 4722 Attilz'us
1563 4659 1839 4740 BeyuluS,
1872 4674 2069 4719 xxvn.
2102 4655 2294 4717 eodem

762 4753 954 4832 titulo,
1005 4754 1115 4815 ubi
1158 4754 1413 4816 donatio
1456 4754 1622 4814 facta
1656 4751 2024 4832 praeceptori
2075 4750 2156 4810 ob
2197 4770 2297 4810 re-

762 4848 1262 4909 munerationem
1331 4847 1634 4907 doctrinae
1690 4845 1917 4906 dicitur
1979 4863 2102 4905 non
2163 4862 2296 4903 esse

763 4959 937 5002 mera
963 4940 1241 5002 donatio.
1277 4940 1399 5002 Sed
1429 4944 1635 5000 textus
1663 4937 1765 4998 ille
1794 4936 2055 5014 intelligi
2088 4939 2301 5015 posset

765 5034 843 5094 de
872 5032 1255 5112 magisteri0‚
1289 5032 1530 5092 ratione
1559 5029 1735 5111 cujus
1765 5029 2111 5090 debebatur
2134 5029 2300 5107 rigo-

765 5144 906 5187 rose
935 5144 1176 5186 merces
1220 5144 1360 5204 quae
1405 5125 1532 5204 peti
1571 5129 1782 5203 posset
1822 5140 2033 5184 coram
2057 5121 2294 5202 judice,

767 5224 954 5299 prout
1000 5218 1288 5297 intelligit
1316 5217 1531 5279 Glossa
1561 5217 1647 5276 ibi
1678 5217 1867 5275 verbo
1898 5213 2186 5290 mercede,
2240 5218 2302 5275 et

770 5311 979 5390 colligi
1033 5315 1240 5391 potest
1291 5330 1366 5370 ex
1407 5310 1615 5369 verbis
1671 5308 1790 5369 illis
1846 5308 2038 5388 ipsius
2091 5307 2248 5385 legis
2283 5325 2296 5367 :

780 5425 810 5461 «
838 5404 1014 5482 Dixi,
1065 5422 1248 5484 posse
1290 5403 1544 5464 defendi
1590 5420 1715 5463 non
1745 5420 1985 5462 meram
2016 5401 2303 5462 donatio-

773 5515 917 5558 nem
946 5516 1111 5574 esse,
1156 5514 1376 5557 verum
1414 5495 1688 5558 officium
1717 5494 1996 5574 magistri
2029 5493 2304 5574 quadam

2359 580 2547 641 etiam
2594 600 2782 651 sensu
2829 582 3126 660 explicari
3176 587 3389 661 posset
3443 582 3543 641 lex
3587 580 3666 641 Si
3690 588 3896 661 pater,

2358 690 2542 734 xxxv.
2575 675 2631 752 ἓ.
2663 673 2860 749 finali,
2894 675 3118 734 eodem
3146 675 3328 735 titulo
3351 720 3367 750 ‚
3409 673 3514 734 ubi
3547 673 3717 732 idem
3746 669 3904 731 dici-

2359 770 2461 827 tur
2510 767 2589 825 de
2637 786 2742 843 eo,
2794 767 2961 846 quod
3008 767 3308 828 liberatus
3352 767 3432 827 ab
3460 766 3746 827 hostibus
3791 764 3904 823 dat

2359 877 2474 919 suo
2502 859 2821 919 liberatori
2850 878 2962 939 pro
2992 860 3208 919 labore
3238 860 3254 919 i
3262 860 3455 937 psiuS,
3498 880 3526 914 «
3554 876 3703 918 nam
3732 874 3904 916 mer-

2363 969 2487 1027 ceS,
2517 952 2752 1030 inquit,
2800 952 3033 1013 laboris
3080 952 3284 1012 eximii
3315 950 3692 1030 appellanda
3739 952 3835 1009 est
3884 968 3903 1009 t

2373 1044 2519 1122 «qui
2538 1063 2756 1104 sensus
2778 1044 2988 1123 colligi
3018 1044 3264 1105 videtur
3284 1063 3359 1103 ex
3379 1043 3420 1105 l.
3440 1043 3664 1104 Mecum
3682 1050 3900 1116 autem,

2363 1137 2524 1215 1x.§,
2547 1135 2671 1197 Sed
2696 1136 2829 1197 licet
2856 1156 2996 1213 vim,
3022 1139 3086 1197 ff,
3107 1136 3177 1198 de
3194 1156 3258 1197 eo
3286 1135 3445 1217 quod
3468 1144 3649 1195 metus
3676 1152 3852 1194 causa
3883 1153 3898 1195 :

2367 1247 2554 1308 quem
2580 1233 2815 1289 textum
2849 1230 3154 1305 Sanchez,
3189 1234 3251 1290 et
3278 1228 3381 1289 alii
3412 1227 3725 1288 immerito
3756 1226 3907 1285 alle-

2366 1327 2519 1401 gant
2545 1340 2656 1401 pro
2693 1322 2811 1381 hac
2852 1323 3165 1384 sententia
3198 1343 3210 1383 :
3262 1340 3408 1381 nam
3437 1321 3524 1380 ibi
3571 1338 3778 1381 sermo
3809 1321 3908 1379 est

2368 1433 2656 1493 expresse
2693 1414 2770 1473 de
2802 1415 2947 1475 dato
2980 1434 3055 1474 ex
3071 1420 3282 1494 pact0,
3316 1418 3378 1475 et
3398 1412 3803 1492 obligatione,
3836 1414 3909 1471 ut

2370 1506 2527 1567 dans
2556 1506 2856 1567 liberetur
2902 1507 2982 1567 ab
3030 1508 3334 1568 hostibus,
3380 1506 3603 1567 Melius
3649 1502 3909 1583 probari

2372 1604 2577 1677 potest
2604 1618 2677 1659 ex
2706 1600 2844 1678 lege
2867 1647 2883 1676 ,
2937 1599 3062 1660 Sed
3085 1600 3195 1660 etsi
3221 1599 3365 1678 que,
3396 1615 3621 1660 xxvm.
3653 1598 3710 1676 ἓ.
3748 1596 3798 1657 C
3800 1616 3909 1656 οη-

2369 1692 2578 1768 suluit,
2612 1693 2675 1753 ff.
2707 1692 2777 1752 de
2792 1693 3076 1772 petitione
3102 1691 3463 1753 haereditatis
3485 1737 3504 1767 ,
3548 1690 3655 1751 ubi
3686 1690 3906 1768 Ulpia-

2373 1804 2489 1844 nus
2518 1786 2736 1861 docet‚
2783 1786 2836 1844 si
2866 1786 3004 1864 quis
3032 1785 3112 1846 ad
3145 1803 3332 1865 quem
3359 1785 3527 1845 bona
3555 1783 3677 1843 fide
3709 1782 3909 1841 haere-

2372 1877 2532 1938 ditas
2556 1878 2840 1956 pervenit
2866 1897 3005 1956 quae
3035 1877 3114 1937 ad
3144 1897 3285 1937 eum
3314 1896 3536 1937 revera
3564 1895 3691 1937 non
3719 1873 3913 1953 perti-

2370 1970 2580 2048 nebat,
2612 1970 2779 2031 bona
2808 1971 2932 2030 fide
2961 1971 3202 2049 aliquid
3243 1989 3316 2030 ex
3363 1970 3437 2030 iis
3485 1970 3667 2029 bonis
3710 1969 3912 2028 dona-

2370 2064 2569 2139 verit,
2631 2081 2753 2124 non
2803 2063 3034 2123 debere
3079 2063 3425 2143 quidquam
3480 2080 3591 2140 pro
3637 2061 3714 2120 iis
3758 2078 3911 2119 vero

2373 2154 2611 2215 haeredi
2656 2160 2873 2233 postea
2923 2156 3319 2231 satisfacere,
3381 2155 3529 2234 quia
3571 2155 3740 2214 bona
3785 2151 3912 2211 fide

2373 2247 2781 2325 consumpsit,
2816 2265 2933 2307 nec
2961 2247 3163 2309 sactus
3181 2247 3572 2326 locupletior.
3607 2245 3803 2306 Addit
3822 2249 3914 2305 ta-

2372 2358 2518 2399 men
2548 2339 2779 2414 statim,
2823 2361 2851 2394 «
2878 2339 3069 2399 Plane
3099 2340 3151 2399 si
3179 2340 3470 2400 antidora
3497 2342 3909 2417 acceperunt,

2375 2432 2707 2491 dicendum
2740 2437 2833 2492 est
2860 2431 3299 2509 locupletiores
3328 2432 3558 2505 factos,
3595 2436 3915 2510 quatenus

2375 2528 2754 2603 acceperunt
2773 2569 2788 2598 ,
2823 2528 2884 2584 et
2912 2524 3081 2583 velut
3108 2541 3307 2601 genus
3337 2523 3459 2585 hoc
3489 2542 3624 2584 esse
3652 2541 3911 2602 permu-

2374 2617 2650 2678 tationis,
2684 2637 2712 2672 »
2760 2617 2909 2688 Quae
2938 2616 3133 2675 verba
3175 2615 3383 2675 minus
3424 2616 3584 2675 bene
3616 2615 3919 2694 explicuit

2378 2709 2659 2772 Sanchez
2689 2708 2925 2783 dicem,
2970 2729 2998 2763 «
3027 2726 3173 2768 ecce
3204 2709 3474 2788 qualiter
3502 2708 3913 2769 donationem

2374 2800 2931 2864 remuneratoriam
2964 2800 3045 2859 ad
3071 2801 3363 2862 antidora
3391 2802 3776 2880 obligantem
3807 2819 3914 2879 ap-

2378 2895 2569 2975 pellat
2594 2893 3067 2955 Jureconsultus
3100 2893 3648 2972 permutationem,
3682 2916 3711 2949 η
3753 2895 3916 2954 Con-

2379 2987 2584 3049 fundit
2629 2986 2793 3046 enim
2846 2986 3410 3047 remuneratoriam
3478 2987 3911 3062 donationem,

2380 3099 2523 3142 cum
2553 3078 2887 3139 donatione
2918 3078 3232 3156 obligante
3276 3079 3356 3138 ad
3384 3078 3675 3139 antidora
3699 3125 3716 3155 ,
3769 3097 3917 3140 cum

2380 3175 2503 3235 sint
2528 3171 2711 3233 valde
2742 3170 3028 3232 diversae.
3084 3174 3243 3231 Nam
3283 3172 3336 3232 is
3385 3172 3494 3252 qui
3530 3171 3773 3252 primus
3803 3172 3919 3232 do-

2381 3272 2509 3342 nat,
2538 3265 2685 3326 licet
2711 3265 2963 3325 omnino
2992 3265 3187 3343 gratis
3214 3265 3425 3341 donet,
3459 3271 3522 3325 et
3548 3284 3672 3326 non
3706 3284 3785 3325 ex
3813 3265 3920 3324 de-

2380 3359 2510 3420 bito
2541 3358 2938 3436 gratitudinis
2959 3404 2975 3433 ,
3012 3357 3222 3418 adhuc
3251 3358 3488 3436 obligat
3516 3358 3920 3419 donatarium

2382 3452 2461 3512 ad
2493 3450 3063 3510 remunerationem
3090 3450 3479 3510 reddendam
3499 3497 3513 3525 ,
3548 3468 3674 3510 non
3705 3450 3920 3510 debito

2382 3544 2571 3620 civili,
2604 3543 2713 3604 sed
2740 3542 2949 3603 debito
2980 3543 3246 3603 naturali
3273 3542 3695 3621 gratitudiniS,
3731 3547 3800 3603 ut
3828 3541 3925 3602 di-

2382 3642 2558 3698 xerat
2605 3635 2772 3696 idem
2807 3635 3273 3714 jureconsultus
3326 3635 3384 3694 in
3434 3635 3643 3695 verbis
3700 3636 3925 3694 imme-

2385 3729 2551 3789 diate
2580 3727 3102 3808 praecedentibuS,
3137 3746 3341 3806 neque
3371 3728 3476 3786 illa
3504 3728 3710 3807 prima
3731 3728 3924 3788 dona-

2383 3823 2469 3882 tio
2487 3820 3111 3882 fuitremuncratoria
3132 3820 3241 3879 sed
3264 3829 3449 3878 meres
3454 3819 3750 3898 gratuita,
3773 3819 3925 3879 obli-

2384 3933 2541 3994 gans
2589 3917 2801 3974 tamen
2843 3913 2924 3973 ad
2963 3912 3255 3973 antidora
3288 3933 3301 3972 :
3336 3931 3367 3971 e
3398 3917 3616 3972 contra
3644 3930 3796 3973 vero
3828 3930 3925 3971 se-

2387 4008 2628 4065 cundus
2657 4006 2970 4065 redonans
3012 4023 3125 4065 suo
3157 4005 3480 4080 donatori,
3529 4024 3654 4064 non
3685 4004 3927 4084 obligat

2388 4120 2531 4160 eum
2560 4100 2639 4159 ad
2673 4099 2979 4174 antidora,
3014 4117 3156 4158 cum
3177 4100 3311 4177 jam
3345 4099 3423 4158 ab
3454 4117 3526 4157 eo
3558 4098 3796 4158 donum
3826 4117 3925 4158 ac-

2388 4193 2661 4272 ceperit,
2715 4195 2776 4252 et
2820 4196 3029 4253 tamen
3075 4195 3324 4252 exercet
3367 4191 3773 4251 donationem
3827 4210 3928 4251 re·—

2388 4284 2880 4346 muneratoriam
2915 4304 2927 4345 :
2964 4303 3086 4363 quo
3118 4303 3264 4344 casu
3279 4283 3747 4364 jureconsultus
3778 4283 3929 4344 dicit

2390 4380 2662 4458 primum
2693 4378 3082 4452 donatorem,
3117 4379 3320 4457 quiex
3343 4377 3523 4437 bonis
3543 4376 3927 4438 haereditatis

2393 4473 2611 4533 alienae
2659 4472 2826 4532 bona
2868 4470 2991 4530 fide
3040 4470 3335 4547 donavit,
3382 4469 3613 4529 debere
3660 4469 3925 4529 reddere

2392 4583 2541 4625 vero
2571 4563 2805 4624 haeredi
2857 4562 2919 4622 id
2962 4563 3023 4621 in
3055 4582 3176 4642 quo
3208 4564 3409 4623 factus
3439 4565 3532 4623 est
3557 4561 3930 4641 locupletior

2394 4678 2469 4718 ex
2497 4656 2905 4717 retributione
2933 4655 3048 4715 sibi
3079 4656 3242 4715 facta
3266 4702 3281 4731 ,
3334 4655 3481 4735 quia
3509 4674 3621 4733 per
3665 4655 3928 4714 retribu-

2394 4750 2630 4811 tionem
2666 4752 3031 4827 sequentem
3080 4748 3281 4826 prima
3327 4748 3581 4808 donatio
3628 4747 3796 4807 facta
3837 4749 3931 4806 est

2392 4841 2715 4916 lucrativa,
2751 4845 3057 4919 quatenus
3085 4840 3362 4900 secunda
3389 4858 3513 4900 non
3543 4838 3658 4899 fuit
3678 4840 3932 4919 propria

2397 4935 2648 4996 donatio
2671 4933 2780 4993 sed
2807 4934 2969 4994 velut
2989 4933 3435 5013 compensatio,
3462 4932 3641 4994 Unde
3662 4951 3928 5011 arguere

2397 5046 2756 5109 possumus,
2807 5027 3279 5088 retributionem
3322 5026 3733 5087 antidoralem
3779 5026 3930 5085 defi-

2399 5139 2540 5182 cere
2589 5139 2625 5179 a
2665 5120 2942 5198 perfecta
2987 5124 3049 5180 et
3092 5120 3306 5179 stricta
3353 5118 3728 5194 donatione,
3788 5137 3928 5179 cum

2398 5215 2617 5276 tendat
2644 5213 2722 5271 ad
2753 5212 3289 5291 compensandum
3330 5212 3613 5271 debitum
3646 5209 3928 5270 naturale

2400 5309 2789 5368 contractum
2826 5323 2903 5363 ex
2943 5305 3326 5383 gratitudine
3357 5303 3568 5364 debita
3597 5302 3789 5382 priori
3821 5303 3930 5363 do·-

2401 5398 2626 5475 natori,
2661 5402 2722 5458 et
2748 5398 2888 5458 ideo
2910 5397 3255 5462 aestimetur
3276 5396 3451 5477 quasi
3473 5396 3744 5474 pretium
3775 5395 3932 5474 prio·

2400 5494 2486 5554 ris
2517 5490 2699 5570 doni,
2751 5494 2812 5553 et
2851 5490 3147 5554 succedat
3188 5490 3325 5554 loco
3357 5489 3553 5565 illius,
3600 5492 3663 5549 et
3708 5488 3933 5550 debeat
