<?xml version="1.0" encoding="UTF-8"?>
<!DOCTYPE html PUBLIC "-//W3C//DTD XHTML 1.0 Transitional//EN"
    "http://www.w3.org/TR/xhtml1/DTD/xhtml1-transitional.dtd">
<html xmlns="http://www.w3.org/1999/xhtml" xml:lang="en" lang="en">
 <head>
  <title>
</title>
<meta http-equiv="Content-Type" content="text/html;charset=utf-8" />
  <meta name='ocr-system' content='tesseract 3.04.00' />
  <meta name='ocr-capabilities' content='ocr_page ocr_carea ocr_par ocr_line ocrx_word'/>
</head>
<body>
  <div class='ocr_page' id='page_1' title='image "./joannisdelugodi00lugogoog_0204.png"; bbox 0 0 4263 6376; ppageno 0'>
   <div class='ocr_carea' id='block_1_1' title="bbox 846 323 2873 385">
    <p class='ocr_par' dir='ltr' id='par_1_1' title="bbox 846 323 2873 385">
     <span class='ocr_line' id='line_1_1' title="bbox 846 323 2873 385; baseline 0 -2"><span class='ocrx_word' id='word_1_1' title='bbox 846 325 961 384; x_wconf 75' lang='lat'>188</span> <span class='ocrx_word' id='word_1_2' title='bbox 1988 323 2091 382; x_wconf 79' lang='lat' dir='ltr'>DE</span> <span class='ocrx_word' id='word_1_3' title='bbox 2134 323 2489 385; x_wconf 76' lang='lat' dir='ltr'>JUSTITIA</span> <span class='ocrx_word' id='word_1_4' title='bbox 2532 324 2633 383; x_wconf 78' lang='lat' dir='ltr'>ET</span> <span class='ocrx_word' id='word_1_5' title='bbox 2674 323 2873 384; x_wconf 81' lang='lat' dir='ltr'>JURE</span> 
     </span>
    </p>
   </div>
   <div class='ocr_carea' id='block_1_2' title="bbox 496 494 4140 5482">
    <p class='ocr_par' dir='ltr' id='par_1_2' title="bbox 496 494 4140 5482">
     <span class='ocr_line' id='line_1_2' title="bbox 842 494 3982 578; baseline -0.002 -19"><span class='ocrx_word' id='word_1_6' title='bbox 842 502 968 559; x_wconf 90' lang='lat' dir='ltr'>test</span> <span class='ocrx_word' id='word_1_7' title='bbox 992 498 1098 558; x_wconf 89' lang='lat' dir='ltr'>illa</span> <span class='ocrx_word' id='word_1_8' title='bbox 1127 516 1388 558; x_wconf 89' lang='lat' dir='ltr'>munera</span> <span class='ocrx_word' id='word_1_9' title='bbox 1419 503 1481 559; x_wconf 87' lang='lat' dir='ltr'>et</span> <span class='ocrx_word' id='word_1_10' title='bbox 1508 499 1809 578; x_wconf 88' lang='lat' dir='ltr'>obsequia</span> <span class='ocrx_word' id='word_1_11' title='bbox 1837 502 2164 578; x_wconf 78' lang='lat' dir='ltr'>acceptare</span> <span class='ocrx_word' id='word_1_12' title='bbox 2185 546 2199 574; x_wconf 94' lang='lat'>,</span> <span class='ocrx_word' id='word_1_13' title='bbox 2235 518 2375 577; x_wconf 79' lang='lat' dir='ltr'>quae</span> <span class='ocrx_word' id='word_1_14' title='bbox 2474 498 2794 578; x_wconf 88' lang='lat' dir='ltr'>gationem</span> <span class='ocrx_word' id='word_1_15' title='bbox 2823 502 3043 576; x_wconf 88' lang='lat' dir='ltr'>sponte</span> <span class='ocrx_word' id='word_1_16' title='bbox 3074 499 3459 577; x_wconf 89' lang='lat' dir='ltr'>susciperet,</span> <span class='ocrx_word' id='word_1_17' title='bbox 3506 498 3711 556; x_wconf 87' lang='lat' dir='ltr'>cessat</span> <span class='ocrx_word' id='word_1_18' title='bbox 3751 512 3825 555; x_wconf 91' lang='lat' dir='ltr'>eo</span> <span class='ocrx_word' id='word_1_19' title='bbox 3869 494 3982 571; x_wconf 84' lang='lat' dir='ltr'>ipso</span> 
     </span>
     <span class='ocr_line' id='line_1_3' title="bbox 847 586 3984 670; baseline -0.001 -21"><span class='ocrx_word' id='word_1_20' title='bbox 847 609 971 651; x_wconf 91' lang='lat' dir='ltr'>non</span> <span class='ocrx_word' id='word_1_21' title='bbox 1001 591 1234 651; x_wconf 89' lang='lat' dir='ltr'>dantur</span> <span class='ocrx_word' id='word_1_22' title='bbox 1277 595 1345 651; x_wconf 91' lang='lat' dir='ltr'>ut</span> <span class='ocrx_word' id='word_1_23' title='bbox 1391 593 1690 669; x_wconf 89' lang='lat' dir='ltr'>pretium,</span> <span class='ocrx_word' id='word_1_24' title='bbox 1725 592 1834 652; x_wconf 87' lang='lat' dir='ltr'>sed</span> <span class='ocrx_word' id='word_1_25' title='bbox 1885 592 1964 651; x_wconf 88' lang='lat' dir='ltr'>ad</span> <span class='ocrx_word' id='word_1_26' title='bbox 2014 592 2374 670; x_wconf 89' lang='lat' dir='ltr'>ingredien-</span> <span class='ocrx_word' id='word_1_27' title='bbox 2473 595 2671 653; x_wconf 88' lang='lat' dir='ltr'>totum</span> <span class='ocrx_word' id='word_1_28' title='bbox 2694 591 3170 651; x_wconf 76' lang='lat' dir='ltr'>fundamentum</span> <span class='ocrx_word' id='word_1_29' title='bbox 3191 609 3395 651; x_wconf 70' lang='lat' dir='ltr'>usurae</span> <span class='ocrx_word' id='word_1_30' title='bbox 3421 587 3821 665; x_wconf 82' lang='lat' dir='ltr'>etinjustitiae</span> <span class='ocrx_word' id='word_1_31' title='bbox 3837 586 3984 664; x_wconf 82' lang='lat' dir='ltr'>quod</span> 
     </span>
     <span class='ocr_line' id='line_1_4' title="bbox 845 678 3984 762; baseline -0.002 -19"><span class='ocrx_word' id='word_1_32' title='bbox 845 683 998 743; x_wconf 91' lang='lat' dir='ltr'>dum</span> <span class='ocrx_word' id='word_1_33' title='bbox 1020 729 1034 756; x_wconf 90' lang='lat'>,</span> <span class='ocrx_word' id='word_1_34' title='bbox 1087 702 1165 742; x_wconf 89' lang='lat' dir='ltr'>ne</span> <span class='ocrx_word' id='word_1_35' title='bbox 1207 683 1409 743; x_wconf 89' lang='lat' dir='ltr'>mutui</span> <span class='ocrx_word' id='word_1_36' title='bbox 1470 683 1847 746; x_wconf 84' lang='lat' dir='ltr'>solutionem</span> <span class='ocrx_word' id='word_1_37' title='bbox 1889 689 2131 762; x_wconf 87' lang='lat' dir='ltr'>urgeat.</span> <span class='ocrx_word' id='word_1_38' title='bbox 2195 684 2373 757; x_wconf 89' lang='lat' dir='ltr'>Quod</span> <span class='ocrx_word' id='word_1_39' title='bbox 2474 689 2608 746; x_wconf 88' lang='lat' dir='ltr'>erat</span> <span class='ocrx_word' id='word_1_40' title='bbox 2635 682 3144 759; x_wconf 82' lang='lat' dir='ltr'>involuntarium,</span> <span class='ocrx_word' id='word_1_41' title='bbox 3179 701 3319 742; x_wconf 92' lang='lat' dir='ltr'>cum</span> <span class='ocrx_word' id='word_1_42' title='bbox 3350 682 3431 743; x_wconf 89' lang='lat' dir='ltr'>sit</span> <span class='ocrx_word' id='word_1_43' title='bbox 3456 681 3713 742; x_wconf 91' lang='lat' dir='ltr'>omnino</span> <span class='ocrx_word' id='word_1_44' title='bbox 3735 684 3800 738; x_wconf 89' lang='lat' dir='ltr'>et</span> <span class='ocrx_word' id='word_1_45' title='bbox 3825 678 3984 755; x_wconf 85' lang='lat' dir='ltr'><strong>plene</strong></span> 
     </span>
     <span class='ocr_line' id='line_1_5' title="bbox 844 770 3984 855; baseline -0.002 -19"><span class='ocrx_word' id='word_1_46' title='bbox 844 794 997 855; x_wconf 87' lang='lat' dir='ltr'>ergo</span> <span class='ocrx_word' id='word_1_47' title='bbox 1028 776 1089 835; x_wconf 94' lang='lat' dir='ltr'>id</span> <span class='ocrx_word' id='word_1_48' title='bbox 1122 775 1310 835; x_wconf 86' lang='lat' dir='ltr'>etiam</span> <span class='ocrx_word' id='word_1_49' title='bbox 1341 776 1705 854; x_wconf 81' lang='lat' dir='ltr'>explicetur,</span> <span class='ocrx_word' id='word_1_50' title='bbox 1739 778 1990 838; x_wconf 89' lang='lat' dir='ltr'>exclusa</span> <span class='ocrx_word' id='word_1_51' title='bbox 2022 777 2191 837; x_wconf 89' lang='lat' dir='ltr'>omni</span> <span class='ocrx_word' id='word_1_52' title='bbox 2222 777 2371 836; x_wconf 88' lang='lat' dir='ltr'>obli·</span> <span class='ocrx_word' id='word_1_53' title='bbox 2474 776 2822 837; x_wconf 88' lang='lat' dir='ltr'>voluntaria</span> <span class='ocrx_word' id='word_1_54' title='bbox 2865 776 3103 854; x_wconf 84' lang='lat' dir='ltr'>absque</span> <span class='ocrx_word' id='word_1_55' title='bbox 3136 776 3260 835; x_wconf 88' lang='lat' dir='ltr'>ulla</span> <span class='ocrx_word' id='word_1_56' title='bbox 3288 775 3665 835; x_wconf 83' lang='lat' dir='ltr'>admistione</span> <span class='ocrx_word' id='word_1_57' title='bbox 3710 770 3984 831; x_wconf 85' lang='lat' dir='ltr'>involun-</span> 
     </span>
     <span class='ocr_line' id='line_1_6' title="bbox 842 863 3986 948; baseline -0.002 -21"><span class='ocrx_word' id='word_1_58' title='bbox 842 868 1095 946; x_wconf 88' lang='lat' dir='ltr'>gatione</span> <span class='ocrx_word' id='word_1_59' title='bbox 1125 873 1187 929; x_wconf 89' lang='lat' dir='ltr'>et</span> <span class='ocrx_word' id='word_1_60' title='bbox 1216 869 1437 945; x_wconf 88' lang='lat' dir='ltr'>pretio,</span> <span class='ocrx_word' id='word_1_61' title='bbox 1471 887 1595 929; x_wconf 91' lang='lat' dir='ltr'>non</span> <span class='ocrx_word' id='word_1_62' title='bbox 1623 869 1875 930; x_wconf 86' lang='lat' dir='ltr'>videtur</span> <span class='ocrx_word' id='word_1_63' title='bbox 1909 870 1970 928; x_wconf 93' lang='lat' dir='ltr'>in</span> <span class='ocrx_word' id='word_1_64' title='bbox 2004 888 2069 928; x_wconf 87' lang='lat' dir='ltr'>re</span> <span class='ocrx_word' id='word_1_65' title='bbox 2097 869 2232 948; x_wconf 86' lang='lat' dir='ltr'>ipsa</span> <span class='ocrx_word' id='word_1_66' title='bbox 2260 888 2368 929; x_wconf 89' lang='lat' dir='ltr'>va·</span> <span class='ocrx_word' id='word_1_67' title='bbox 2470 869 2637 933; x_wconf 89' lang='lat' dir='ltr'>tarii.</span> <span class='ocrx_word' id='word_1_68' title='bbox 2672 869 2932 941; x_wconf 79' lang='lat' dir='ltr'>Quando</span> <span class='ocrx_word' id='word_1_69' title='bbox 2976 886 3123 928; x_wconf 88' lang='lat' dir='ltr'>vero</span> <span class='ocrx_word' id='word_1_70' title='bbox 3168 868 3585 928; x_wconf 74' lang='lat' dir='ltr'><strong>mutuatarius</strong></span> <span class='ocrx_word' id='word_1_71' title='bbox 3631 863 3880 925; x_wconf 90' lang='lat' dir='ltr'>nonnisi</span> <span class='ocrx_word' id='word_1_72' title='bbox 3919 863 3986 923; x_wconf 90' lang='lat' dir='ltr'>ob</span> 
     </span>
     <span class='ocr_line' id='line_1_7' title="bbox 841 956 3984 1039; baseline -0.001 -19"><span class='ocrx_word' id='word_1_73' title='bbox 841 960 1005 1020; x_wconf 88' lang='lat' dir='ltr'>riare</span> <span class='ocrx_word' id='word_1_74' title='bbox 1030 1007 1045 1036; x_wconf 94' lang='lat'>,</span> <span class='ocrx_word' id='word_1_75' title='bbox 1104 964 1168 1020; x_wconf 90' lang='lat' dir='ltr'>et</span> <span class='ocrx_word' id='word_1_76' title='bbox 1206 960 1413 1020; x_wconf 87' lang='lat' dir='ltr'>facere</span> <span class='ocrx_word' id='word_1_77' title='bbox 1460 961 1626 1039; x_wconf 91' lang='lat' dir='ltr'>quod</span> <span class='ocrx_word' id='word_1_78' title='bbox 1668 961 1890 1021; x_wconf 91' lang='lat' dir='ltr'>eadem</span> <span class='ocrx_word' id='word_1_79' title='bbox 1936 966 2256 1022; x_wconf 87' lang='lat' dir='ltr'>transeant</span> <span class='ocrx_word' id='word_1_80' title='bbox 2309 962 2371 1021; x_wconf 89' lang='lat' dir='ltr'>iu</span> <span class='ocrx_word' id='word_1_81' title='bbox 2471 966 2760 1023; x_wconf 91' lang='lat' dir='ltr'>mutuum</span> <span class='ocrx_word' id='word_1_82' title='bbox 2789 961 3150 1021; x_wconf 89' lang='lat' dir='ltr'>habendum</span> <span class='ocrx_word' id='word_1_83' title='bbox 3179 979 3292 1020; x_wconf 90' lang='lat' dir='ltr'>sua</span> <span class='ocrx_word' id='word_1_84' title='bbox 3313 960 3687 1020; x_wconf 89' lang='lat' dir='ltr'>selibertate</span> <span class='ocrx_word' id='word_1_85' title='bbox 3712 956 3984 1036; x_wconf 80' lang='lat' dir='ltr'>privavit,</span> 
     </span>
     <span class='ocr_line' id='line_1_8' title="bbox 842 1048 3989 1133; baseline -0.002 -21"><span class='ocrx_word' id='word_1_86' title='bbox 842 1052 1152 1131; x_wconf 87' lang='lat' dir='ltr'>pretium;</span> <span class='ocrx_word' id='word_1_87' title='bbox 1214 1053 1362 1131; x_wconf 90' lang='lat' dir='ltr'>quia</span> <span class='ocrx_word' id='word_1_88' title='bbox 1401 1057 1612 1112; x_wconf 88' lang='lat' dir='ltr'>tamen</span> <span class='ocrx_word' id='word_1_89' title='bbox 1660 1053 1797 1114; x_wconf 87' lang='lat' dir='ltr'>haec</span> <span class='ocrx_word' id='word_1_90' title='bbox 1843 1054 2054 1114; x_wconf 90' lang='lat' dir='ltr'>omnia</span> <span class='ocrx_word' id='word_1_91' title='bbox 2099 1053 2373 1131; x_wconf 90' lang='lat' dir='ltr'>speciem</span> <span class='ocrx_word' id='word_1_92' title='bbox 2471 1055 2719 1133; x_wconf 87' lang='lat' dir='ltr'>signum</span> <span class='ocrx_word' id='word_1_93' title='bbox 2751 1057 2843 1115; x_wconf 92' lang='lat' dir='ltr'>est</span> <span class='ocrx_word' id='word_1_94' title='bbox 2872 1053 3039 1132; x_wconf 90' lang='lat' dir='ltr'>quod</span> <span class='ocrx_word' id='word_1_95' title='bbox 3073 1072 3192 1113; x_wconf 94' lang='lat' dir='ltr'>non</span> <span class='ocrx_word' id='word_1_96' title='bbox 3225 1053 3477 1113; x_wconf 91' lang='lat' dir='ltr'>omnino</span> <span class='ocrx_word' id='word_1_97' title='bbox 3497 1051 3740 1125; x_wconf 78' lang='lat' dir='ltr'>volenS,</span> <span class='ocrx_word' id='word_1_98' title='bbox 3773 1048 3989 1110; x_wconf 84' lang='lat' dir='ltr'>sedali-</span> 
     </span>
     <span class='ocr_line' id='line_1_9' title="bbox 843 1141 3988 1226; baseline -0.001 -22"><span class='ocrx_word' id='word_1_99' title='bbox 843 1145 1185 1224; x_wconf 86' lang='lat' dir='ltr'>quamdam</span> <span class='ocrx_word' id='word_1_100' title='bbox 1219 1145 1453 1205; x_wconf 90' lang='lat' dir='ltr'>habent</span> <span class='ocrx_word' id='word_1_101' title='bbox 1481 1146 1635 1205; x_wconf 91' lang='lat' dir='ltr'>lucri</span> <span class='ocrx_word' id='word_1_102' title='bbox 1664 1147 1864 1224; x_wconf 88' lang='lat' dir='ltr'>turpis</span> <span class='ocrx_word' id='word_1_103' title='bbox 1887 1193 1902 1222; x_wconf 91' lang='lat'>,</span> <span class='ocrx_word' id='word_1_104' title='bbox 1937 1151 1999 1207; x_wconf 91' lang='lat' dir='ltr'>et</span> <span class='ocrx_word' id='word_1_105' title='bbox 2025 1147 2373 1226; x_wconf 90' lang='lat' dir='ltr'>periculum</span> <span class='ocrx_word' id='word_1_106' title='bbox 2473 1166 2595 1225; x_wconf 90' lang='lat' dir='ltr'>quo</span> <span class='ocrx_word' id='word_1_107' title='bbox 2626 1147 2814 1208; x_wconf 90' lang='lat' dir='ltr'>modo</span> <span class='ocrx_word' id='word_1_108' title='bbox 2844 1147 3075 1207; x_wconf 88' lang='lat' dir='ltr'>invitus</span> <span class='ocrx_word' id='word_1_109' title='bbox 3103 1145 3449 1224; x_wconf 77' lang='lat' dir='ltr'><strong>promittat,</strong></span> <span class='ocrx_word' id='word_1_110' title='bbox 3468 1143 3823 1223; x_wconf 88' lang='lat' dir='ltr'>atqueideo</span> <span class='ocrx_word' id='word_1_111' title='bbox 3839 1141 3988 1220; x_wconf 86' lang='lat' dir='ltr'>quod</span> 
     </span>
     <span class='ocr_line' id='line_1_10' title="bbox 841 1233 3990 1316; baseline -0.001 -19"><span class='ocrx_word' id='word_1_112' title='bbox 841 1256 1141 1316; x_wconf 86' lang='lat' dir='ltr'>magnum</span> <span class='ocrx_word' id='word_1_113' title='bbox 1173 1242 1269 1299; x_wconf 89' lang='lat' dir='ltr'>est</span> <span class='ocrx_word' id='word_1_114' title='bbox 1295 1238 1499 1299; x_wconf 64' lang='lat' dir='ltr'>tacitae</span> <span class='ocrx_word' id='word_1_115' title='bbox 1522 1239 1973 1314; x_wconf 73' lang='lat' dir='ltr'>conventioniS,</span> <span class='ocrx_word' id='word_1_116' title='bbox 2007 1243 2072 1299; x_wconf 93' lang='lat' dir='ltr'>et</span> <span class='ocrx_word' id='word_1_117' title='bbox 2088 1239 2230 1299; x_wconf 90' lang='lat' dir='ltr'>ideo</span> <span class='ocrx_word' id='word_1_118' title='bbox 2257 1238 2376 1298; x_wconf 87' lang='lat' dir='ltr'>for·</span> <span class='ocrx_word' id='word_1_119' title='bbox 2474 1239 2918 1315; x_wconf 81' lang='lat' dir='ltr'>obligationem</span> <span class='ocrx_word' id='word_1_120' title='bbox 2948 1237 3171 1316; x_wconf 82' lang='lat' dir='ltr'>ipsam,</span> <span class='ocrx_word' id='word_1_121' title='bbox 3203 1256 3314 1297; x_wconf 89' lang='lat' dir='ltr'>seu</span> <span class='ocrx_word' id='word_1_122' title='bbox 3334 1237 3680 1297; x_wconf 80' lang='lat' dir='ltr'>carentiam</span> <span class='ocrx_word' id='word_1_123' title='bbox 3704 1233 3990 1294; x_wconf 78' lang='lat' dir='ltr'>libertatis</span> 
     </span>
     <span class='ocr_line' id='line_1_11' title="bbox 838 1325 3992 1409; baseline -0.002 -19"><span class='ocrx_word' id='word_1_124' title='bbox 838 1333 1004 1390; x_wconf 84' lang='lat' dir='ltr'>tasse</span> <span class='ocrx_word' id='word_1_125' title='bbox 1059 1330 1124 1389; x_wconf 93' lang='lat' dir='ltr'>in</span> <span class='ocrx_word' id='word_1_126' title='bbox 1178 1331 1315 1390; x_wconf 81' lang='lat' dir='ltr'>toro</span> <span class='ocrx_word' id='word_1_127' title='bbox 1370 1335 1627 1392; x_wconf 89' lang='lat' dir='ltr'>externo</span> <span class='ocrx_word' id='word_1_128' title='bbox 1683 1336 2103 1409; x_wconf 65' lang='lat' dir='ltr'>praesumatur</span> <span class='ocrx_word' id='word_1_129' title='bbox 2148 1331 2213 1390; x_wconf 90' lang='lat' dir='ltr'>in</span> <span class='ocrx_word' id='word_1_130' title='bbox 2254 1331 2375 1391; x_wconf 89' lang='lat' dir='ltr'>illis</span> <span class='ocrx_word' id='word_1_131' title='bbox 2471 1331 2590 1393; x_wconf 84' lang='lat' dir='ltr'>sibi</span> <span class='ocrx_word' id='word_1_132' title='bbox 2619 1330 3083 1392; x_wconf 88' lang='lat' dir='ltr'>incommodam</span> <span class='ocrx_word' id='word_1_133' title='bbox 3111 1329 3409 1401; x_wconf 78' lang='lat' dir='ltr'>aestimet3</span> <span class='ocrx_word' id='word_1_134' title='bbox 3443 1334 3506 1390; x_wconf 90' lang='lat' dir='ltr'>et</span> <span class='ocrx_word' id='word_1_135' title='bbox 3535 1329 3677 1389; x_wconf 89' lang='lat' dir='ltr'>ideo</span> <span class='ocrx_word' id='word_1_136' title='bbox 3711 1325 3992 1404; x_wconf 85' lang='lat' dir='ltr'>supradi-</span> 
     </span>
     <span class='ocr_line' id='line_1_12' title="bbox 842 1420 3988 1501; baseline -0.002 -20"><span class='ocrx_word' id='word_1_137' title='bbox 842 1440 1035 1482; x_wconf 90' lang='lat' dir='ltr'>usura</span> <span class='ocrx_word' id='word_1_138' title='bbox 1055 1422 1331 1499; x_wconf 88' lang='lat' dir='ltr'>palliata,</span> <span class='ocrx_word' id='word_1_139' title='bbox 1367 1441 1491 1483; x_wconf 93' lang='lat' dir='ltr'>non</span> <span class='ocrx_word' id='word_1_140' title='bbox 1514 1427 1657 1484; x_wconf 88' lang='lat' dir='ltr'>sunt</span> <span class='ocrx_word' id='word_1_141' title='bbox 1676 1424 2083 1499; x_wconf 88' lang='lat' dir='ltr'>consulenda,</span> <span class='ocrx_word' id='word_1_142' title='bbox 2115 1424 2227 1484; x_wconf 87' lang='lat' dir='ltr'>sed</span> <span class='ocrx_word' id='word_1_143' title='bbox 2256 1423 2377 1483; x_wconf 88' lang='lat' dir='ltr'>dis·</span> <span class='ocrx_word' id='word_1_144' title='bbox 2471 1425 2696 1498; x_wconf 79' lang='lat' dir='ltr'>ximuS,</span> <span class='ocrx_word' id='word_1_145' title='bbox 2747 1427 2976 1501; x_wconf 85' lang='lat' dir='ltr'>praeter</span> <span class='ocrx_word' id='word_1_146' title='bbox 3004 1422 3236 1482; x_wconf 87' lang='lat' dir='ltr'>damna</span> <span class='ocrx_word' id='word_1_147' title='bbox 3284 1421 3390 1481; x_wconf 90' lang='lat' dir='ltr'>illa</span> <span class='ocrx_word' id='word_1_148' title='bbox 3420 1439 3559 1500; x_wconf 83' lang='lat' dir='ltr'>quae</span> <span class='ocrx_word' id='word_1_149' title='bbox 3590 1438 3666 1479; x_wconf 84' lang='lat' dir='ltr'>ex</span> <span class='ocrx_word' id='word_1_150' title='bbox 3696 1420 3836 1498; x_wconf 83' lang='lat' dir='ltr'>ipsa</span> <span class='ocrx_word' id='word_1_151' title='bbox 3861 1436 3988 1477; x_wconf 81' lang='lat' dir='ltr'>exe·</span> 
     </span>
     <span class='ocr_line' id='line_1_13' title="bbox 843 1510 3990 1594; baseline -0.002 -19"><span class='ocrx_word' id='word_1_152' title='bbox 843 1515 1170 1575; x_wconf 87' lang='lat' dir='ltr'>suadenda</span> <span class='ocrx_word' id='word_1_153' title='bbox 1195 1535 1208 1586; x_wconf 89' lang='lat'>;</span> <span class='ocrx_word' id='word_1_154' title='bbox 1257 1516 1404 1594; x_wconf 88' lang='lat' dir='ltr'>quia</span> <span class='ocrx_word' id='word_1_155' title='bbox 1442 1534 1543 1576; x_wconf 88' lang='lat' dir='ltr'>res</span> <span class='ocrx_word' id='word_1_156' title='bbox 1574 1521 1667 1576; x_wconf 85' lang='lat' dir='ltr'>est</span> <span class='ocrx_word' id='word_1_157' title='bbox 1696 1516 1936 1576; x_wconf 89' lang='lat' dir='ltr'>lubrica</span> <span class='ocrx_word' id='word_1_158' title='bbox 1960 1563 1976 1592; x_wconf 88' lang='lat'>,</span> <span class='ocrx_word' id='word_1_159' title='bbox 2023 1520 2085 1576; x_wconf 90' lang='lat' dir='ltr'>et</span> <span class='ocrx_word' id='word_1_160' title='bbox 2131 1518 2248 1577; x_wconf 88' lang='lat' dir='ltr'>sub</span> <span class='ocrx_word' id='word_1_161' title='bbox 2279 1517 2374 1576; x_wconf 89' lang='lat' dir='ltr'>his</span> <span class='ocrx_word' id='word_1_162' title='bbox 2473 1517 2720 1577; x_wconf 89' lang='lat' dir='ltr'>cutione</span> <span class='ocrx_word' id='word_1_163' title='bbox 2751 1520 2888 1576; x_wconf 88' lang='lat' dir='ltr'>orta</span> <span class='ocrx_word' id='word_1_164' title='bbox 2917 1519 3082 1590; x_wconf 89' lang='lat' dir='ltr'>sunt,</span> <span class='ocrx_word' id='word_1_165' title='bbox 3118 1514 3576 1575; x_wconf 88' lang='lat' dir='ltr'>restituendum</span> <span class='ocrx_word' id='word_1_166' title='bbox 3606 1530 3744 1572; x_wconf 88' lang='lat' dir='ltr'>esse</span> <span class='ocrx_word' id='word_1_167' title='bbox 3774 1510 3990 1590; x_wconf 88' lang='lat' dir='ltr'>aliquid</span> 
     </span>
     <span class='ocr_line' id='line_1_14' title="bbox 844 1603 3991 1688; baseline -0.002 -20"><span class='ocrx_word' id='word_1_168' title='bbox 844 1606 1092 1668; x_wconf 87' lang='lat' dir='ltr'>technis</span> <span class='ocrx_word' id='word_1_169' title='bbox 1138 1608 1462 1668; x_wconf 86' lang='lat' dir='ltr'>usurarius</span> <span class='ocrx_word' id='word_1_170' title='bbox 1508 1609 1769 1668; x_wconf 83' lang='lat' dir='ltr'>affectus</span> <span class='ocrx_word' id='word_1_171' title='bbox 1810 1609 2172 1688; x_wconf 80' lang='lat' dir='ltr'>frequenter</span> <span class='ocrx_word' id='word_1_172' title='bbox 2198 1610 2369 1670; x_wconf 90' lang='lat' dir='ltr'>latet.</span> <span class='ocrx_word' id='word_1_173' title='bbox 2474 1610 2663 1670; x_wconf 89' lang='lat' dir='ltr'>etiam</span> <span class='ocrx_word' id='word_1_174' title='bbox 2709 1627 2819 1686; x_wconf 91' lang='lat' dir='ltr'>pro</span> <span class='ocrx_word' id='word_1_175' title='bbox 2877 1608 3012 1687; x_wconf 87' lang='lat' dir='ltr'>ipsa</span> <span class='ocrx_word' id='word_1_176' title='bbox 3059 1607 3478 1685; x_wconf 83' lang='lat' dir='ltr'>obligatione,</span> <span class='ocrx_word' id='word_1_177' title='bbox 3527 1609 3591 1665; x_wconf 90' lang='lat' dir='ltr'>et</span> <span class='ocrx_word' id='word_1_178' title='bbox 3643 1603 3991 1683; x_wconf 73' lang='lat' dir='ltr'>gravamine</span> 
     </span>
     <span class='ocr_line' id='line_1_15' title="bbox 596 1696 3990 1781; baseline -0.001 -22"><span class='ocrx_word' id='word_1_179' title='bbox 596 1710 675 1769; x_wconf 83' lang='lat'>55</span> <span class='ocrx_word' id='word_1_180' title='bbox 927 1699 1208 1759; x_wconf 86' lang='lat' dir='ltr'>Dubitari</span> <span class='ocrx_word' id='word_1_181' title='bbox 1245 1704 1447 1778; x_wconf 87' lang='lat' dir='ltr'>potest</span> <span class='ocrx_word' id='word_1_182' title='bbox 1474 1700 1749 1760; x_wconf 88' lang='lat' dir='ltr'>secundo</span> <span class='ocrx_word' id='word_1_183' title='bbox 1790 1701 1954 1760; x_wconf 89' lang='lat' dir='ltr'>circa</span> <span class='ocrx_word' id='word_1_184' title='bbox 1985 1702 2369 1779; x_wconf 87' lang='lat' dir='ltr'>supradicta,</span> <span class='ocrx_word' id='word_1_185' title='bbox 2476 1701 2643 1781; x_wconf 89' lang='lat' dir='ltr'>quod</span> <span class='ocrx_word' id='word_1_186' title='bbox 2672 1700 2900 1779; x_wconf 87' lang='lat' dir='ltr'>injuste</span> <span class='ocrx_word' id='word_1_187' title='bbox 2930 1704 2994 1761; x_wconf 89' lang='lat' dir='ltr'>et</span> <span class='ocrx_word' id='word_1_188' title='bbox 3022 1700 3154 1760; x_wconf 91' lang='lat' dir='ltr'>sine</span> <span class='ocrx_word' id='word_1_189' title='bbox 3202 1698 3535 1760; x_wconf 86' lang='lat' dir='ltr'>sufficienti</span> <span class='ocrx_word' id='word_1_190' title='bbox 3568 1697 3772 1776; x_wconf 82' lang='lat' dir='ltr'>pretio</span> <span class='ocrx_word' id='word_1_191' title='bbox 3802 1696 3990 1756; x_wconf 86' lang='lat' dir='ltr'>subire</span> 
     </span>
     <span class='ocr_line' id='line_1_16' title="bbox 499 1788 3991 1889; baseline -0.001 -38"><span class='ocrx_word' id='word_1_192' title='bbox 499 1834 545 1877; x_wconf 65' lang='lat' dir='ltr'>ld</span> <span class='ocrx_word' id='word_1_193' title='bbox 582 1834 692 1889; x_wconf 61' lang='lat' dir='ltr'>quod</span> <span class='ocrx_word' id='word_1_194' title='bbox 724 1836 795 1877; x_wconf 69' lang='lat' dir='ltr'>at·</span> <span class='ocrx_word' id='word_1_195' title='bbox 846 1810 923 1851; x_wconf 90' lang='lat' dir='ltr'>an</span> <span class='ocrx_word' id='word_1_196' title='bbox 956 1790 1033 1850; x_wconf 92' lang='lat' dir='ltr'>ad</span> <span class='ocrx_word' id='word_1_197' title='bbox 1061 1811 1316 1852; x_wconf 87' lang='lat' dir='ltr'>usuram</span> <span class='ocrx_word' id='word_1_198' title='bbox 1343 1793 1701 1872; x_wconf 85' lang='lat' dir='ltr'>requiratur</span> <span class='ocrx_word' id='word_1_199' title='bbox 1723 1838 1738 1867; x_wconf 94' lang='lat'>,</span> <span class='ocrx_word' id='word_1_200' title='bbox 1792 1794 1961 1872; x_wconf 90' lang='lat' dir='ltr'>quod</span> <span class='ocrx_word' id='word_1_201' title='bbox 2006 1799 2265 1872; x_wconf 90' lang='lat' dir='ltr'>pactum</span> <span class='ocrx_word' id='word_1_202' title='bbox 2295 1795 2375 1855; x_wconf 90' lang='lat' dir='ltr'>sit</span> <span class='ocrx_word' id='word_1_203' title='bbox 2475 1798 2726 1855; x_wconf 84' lang='lat' dir='ltr'>coactus</span> <span class='ocrx_word' id='word_1_204' title='bbox 2755 1793 2872 1853; x_wconf 88' lang='lat' dir='ltr'>fuit</span> <span class='ocrx_word' id='word_1_205' title='bbox 2898 1792 3356 1862; x_wconf 88' lang='lat' dir='ltr'>mutuatarius;</span> <span class='ocrx_word' id='word_1_206' title='bbox 3392 1791 3544 1850; x_wconf 91' lang='lat' dir='ltr'>dum</span> <span class='ocrx_word' id='word_1_207' title='bbox 3575 1808 3691 1849; x_wconf 89' lang='lat' dir='ltr'>sua</span> <span class='ocrx_word' id='word_1_208' title='bbox 3721 1788 3991 1849; x_wconf 78' lang='lat' dir='ltr'>libertate</span> 
     </span>
     <span class='ocr_line' id='line_1_17' title="bbox 498 1866 3990 1984; baseline -0.001 -40"><span class='ocrx_word' id='word_1_209' title='bbox 498 1866 699 1984; x_wconf 48' lang='grc' dir='ltr'>ἔξὲξὲτὲἶ</span> <span class='ocrx_word' id='word_1_210' title='bbox 713 1900 796 1984; x_wconf 57' lang='lat'>52:</span> <span class='ocrx_word' id='word_1_211' title='bbox 846 1883 924 1944; x_wconf 89' lang='lat' dir='ltr'>de</span> <span class='ocrx_word' id='word_1_212' title='bbox 954 1883 1162 1963; x_wconf 89' lang='lat' dir='ltr'>aliquo</span> <span class='ocrx_word' id='word_1_213' title='bbox 1188 1931 1203 1960; x_wconf 95' lang='lat'>,</span> <span class='ocrx_word' id='word_1_214' title='bbox 1252 1886 1420 1964; x_wconf 91' lang='lat' dir='ltr'>quod</span> <span class='ocrx_word' id='word_1_215' title='bbox 1466 1886 1938 1946; x_wconf 88' lang='lat' dir='ltr'>incommodum</span> <span class='ocrx_word' id='word_1_216' title='bbox 1985 1888 2208 1947; x_wconf 80' lang='lat' dir='ltr'>afferat</span> <span class='ocrx_word' id='word_1_217' title='bbox 2243 1905 2379 1946; x_wconf 90' lang='lat' dir='ltr'>mu·</span> <span class='ocrx_word' id='word_1_218' title='bbox 2474 1905 2540 1946; x_wconf 84' lang='lat' dir='ltr'>se</span> <span class='ocrx_word' id='word_1_219' title='bbox 2569 1885 2868 1964; x_wconf 86' lang='lat' dir='ltr'>privavit,</span> <span class='ocrx_word' id='word_1_220' title='bbox 2902 1902 3091 1964; x_wconf 87' lang='lat' dir='ltr'>quam</span> <span class='ocrx_word' id='word_1_221' title='bbox 3119 1884 3274 1943; x_wconf 89' lang='lat' dir='ltr'>alias</span> <span class='ocrx_word' id='word_1_222' title='bbox 3303 1901 3339 1942; x_wconf 90' lang='lat' dir='ltr'>a</span> <span class='ocrx_word' id='word_1_223' title='bbox 3385 1902 3451 1943; x_wconf 88' lang='lat' dir='ltr'>se</span> <span class='ocrx_word' id='word_1_224' title='bbox 3497 1882 3797 1942; x_wconf 89' lang='lat' dir='ltr'>abdicare</span> <span class='ocrx_word' id='word_1_225' title='bbox 3838 1880 3990 1941; x_wconf 87' lang='lat' dir='ltr'>nole·</span> 
     </span>
     <span class='ocr_line' id='line_1_18' title="bbox 499 1973 3994 2057; baseline -0.002 -20"><span class='ocrx_word' id='word_1_226' title='bbox 499 1974 707 2037; x_wconf 52' lang='lat' dir='ltr'>beatem</span> <span class='ocrx_word' id='word_1_227' title='bbox 733 1995 797 2037; x_wconf 79' lang='lat' dir='ltr'>in-</span> <span class='ocrx_word' id='word_1_228' title='bbox 842 1976 1135 2038; x_wconf 86' lang='lat' dir='ltr'>tuatari0.</span> <span class='ocrx_word' id='word_1_229' title='bbox 1168 1978 1347 2038; x_wconf 85' lang='lat' dir='ltr'>Salas</span> <span class='ocrx_word' id='word_1_230' title='bbox 1379 1978 1683 2053; x_wconf 87' lang='lat' dir='ltr'>affirmat,</span> <span class='ocrx_word' id='word_1_231' title='bbox 1737 1978 1799 2036; x_wconf 90' lang='lat' dir='ltr'>id</span> <span class='ocrx_word' id='word_1_232' title='bbox 1827 1979 2062 2056; x_wconf 85' lang='lat' dir='ltr'>requiri</span> <span class='ocrx_word' id='word_1_233' title='bbox 2093 1979 2376 2057; x_wconf 88' lang='lat' dir='ltr'>pluribus</span> <span class='ocrx_word' id='word_1_234' title='bbox 2471 1978 2600 2039; x_wconf 89' lang='lat' dir='ltr'>bat.</span> <span class='ocrx_word' id='word_1_235' title='bbox 2635 1980 2713 2039; x_wconf 84' lang='lat' dir='ltr'>Et</span> <span class='ocrx_word' id='word_1_236' title='bbox 2739 1977 2801 2036; x_wconf 92' lang='lat' dir='ltr'>in</span> <span class='ocrx_word' id='word_1_237' title='bbox 2831 1976 2951 2037; x_wconf 89' lang='lat' dir='ltr'>hoc</span> <span class='ocrx_word' id='word_1_238' title='bbox 2998 1977 3260 2036; x_wconf 87' lang='lat' dir='ltr'>obscure</span> <span class='ocrx_word' id='word_1_239' title='bbox 3288 1976 3568 2054; x_wconf 88' lang='lat' dir='ltr'>loquitur</span> <span class='ocrx_word' id='word_1_240' title='bbox 3597 1974 3780 2035; x_wconf 87' lang='lat' dir='ltr'>Salas</span> <span class='ocrx_word' id='word_1_241' title='bbox 3803 2020 3820 2049; x_wconf 91' lang='lat'>‚</span> <span class='ocrx_word' id='word_1_242' title='bbox 3861 1973 3994 2032; x_wconf 87' lang='lat' dir='ltr'>dum</span> 
     </span>
     <span class='ocr_line' id='line_1_19' title="bbox 515 2048 3993 2152; baseline -0.001 -25"><span class='ocrx_word' id='word_1_243' title='bbox 515 2048 777 2152; x_wconf 52' lang='lat' dir='ltr'>fffflffg?</span> <span class='ocrx_word' id='word_1_244' title='bbox 844 2067 907 2127; x_wconf 91' lang='lat' dir='ltr'>in</span> <span class='ocrx_word' id='word_1_245' title='bbox 953 2069 1139 2144; x_wconf 85' lang='lat' dir='ltr'>locis,</span> <span class='ocrx_word' id='word_1_246' title='bbox 1174 2088 1398 2149; x_wconf 87' lang='lat' dir='ltr'>nempe</span> <span class='ocrx_word' id='word_1_247' title='bbox 1439 2070 1587 2130; x_wconf 91' lang='lat' dir='ltr'>dub.</span> <span class='ocrx_word' id='word_1_248' title='bbox 1624 2086 1707 2130; x_wconf 83' lang='lat' dir='ltr'>lx.</span> <span class='ocrx_word' id='word_1_249' title='bbox 1743 2088 1805 2131; x_wconf 92' lang='lat' dir='ltr'>n.</span> <span class='ocrx_word' id='word_1_250' title='bbox 1837 2074 1898 2130; x_wconf 76' lang='lat'>4.</span> <span class='ocrx_word' id='word_1_251' title='bbox 1933 2070 2084 2131; x_wconf 90' lang='lat' dir='ltr'>dub.</span> <span class='ocrx_word' id='word_1_252' title='bbox 2118 2086 2179 2130; x_wconf 87' lang='lat' dir='ltr'>x.</span> <span class='ocrx_word' id='word_1_253' title='bbox 2214 2090 2276 2131; x_wconf 93' lang='lat' dir='ltr'>n.</span> <span class='ocrx_word' id='word_1_254' title='bbox 2310 2074 2369 2132; x_wconf 91' lang='lat'>3.</span> <span class='ocrx_word' id='word_1_255' title='bbox 2473 2073 2673 2131; x_wconf 86' lang='lat' dir='ltr'>totum</span> <span class='ocrx_word' id='word_1_256' title='bbox 2704 2069 2823 2130; x_wconf 89' lang='lat' dir='ltr'>hoc</span> <span class='ocrx_word' id='word_1_257' title='bbox 2850 2070 3100 2129; x_wconf 87' lang='lat' dir='ltr'>videtur</span> <span class='ocrx_word' id='word_1_258' title='bbox 3143 2067 3447 2128; x_wconf 86' lang='lat' dir='ltr'>reducere</span> <span class='ocrx_word' id='word_1_259' title='bbox 3476 2067 3560 2127; x_wconf 90' lang='lat' dir='ltr'>ad</span> <span class='ocrx_word' id='word_1_260' title='bbox 3588 2067 3892 2126; x_wconf 88' lang='lat' dir='ltr'>damnum</span> <span class='ocrx_word' id='word_1_261' title='bbox 3915 2065 3993 2124; x_wconf 85' lang='lat' dir='ltr'>rei</span> 
     </span>
     <span class='ocr_line' id='line_1_20' title="bbox 496 2155 3994 2242; baseline -0.001 -22"><span class='ocrx_word' id='word_1_262' title='bbox 496 2155 633 2197; x_wconf 68' lang='lat'>“²³⁸⁸</span> <span class='ocrx_word' id='word_1_263' title='bbox 655 2167 793 2198; x_wconf 56' lang='lat' dir='ltr'>mr·-</span> <span class='ocrx_word' id='word_1_264' title='bbox 845 2160 925 2220; x_wconf 86' lang='lat' dir='ltr'>ad</span> <span class='ocrx_word' id='word_1_265' title='bbox 952 2165 1012 2220; x_wconf 71' lang='lat'>4.</span> <span class='ocrx_word' id='word_1_266' title='bbox 1048 2160 1197 2221; x_wconf 89' lang='lat' dir='ltr'>dub.</span> <span class='ocrx_word' id='word_1_267' title='bbox 1231 2178 1316 2222; x_wconf 77' lang='lat' dir='ltr'>xi.</span> <span class='ocrx_word' id='word_1_268' title='bbox 1353 2181 1413 2222; x_wconf 91' lang='lat' dir='ltr'>n.</span> <span class='ocrx_word' id='word_1_269' title='bbox 1448 2165 1507 2223; x_wconf 77' lang='lat'>2.</span> <span class='ocrx_word' id='word_1_270' title='bbox 1542 2163 1695 2223; x_wconf 89' lang='lat' dir='ltr'>dub.</span> <span class='ocrx_word' id='word_1_271' title='bbox 1730 2179 1868 2223; x_wconf 84' lang='lat' dir='ltr'>xm.</span> <span class='ocrx_word' id='word_1_272' title='bbox 1927 2182 1987 2223; x_wconf 89' lang='lat' dir='ltr'>n.</span> <span class='ocrx_word' id='word_1_273' title='bbox 2019 2166 2078 2223; x_wconf 87' lang='lat'>3.</span> <span class='ocrx_word' id='word_1_274' title='bbox 2127 2167 2189 2223; x_wconf 88' lang='lat' dir='ltr'>et</span> <span class='ocrx_word' id='word_1_275' title='bbox 2218 2163 2368 2224; x_wconf 91' lang='lat' dir='ltr'>dub.</span> <span class='ocrx_word' id='word_1_276' title='bbox 2473 2165 2818 2242; x_wconf 81' lang='lat' dir='ltr'>promissae,</span> <span class='ocrx_word' id='word_1_277' title='bbox 2867 2181 2992 2223; x_wconf 92' lang='lat' dir='ltr'>non</span> <span class='ocrx_word' id='word_1_278' title='bbox 3042 2161 3420 2223; x_wconf 87' lang='lat' dir='ltr'>attendendo</span> <span class='ocrx_word' id='word_1_279' title='bbox 3470 2161 3554 2219; x_wconf 84' lang='lat' dir='ltr'>ad</span> <span class='ocrx_word' id='word_1_280' title='bbox 3582 2160 3888 2218; x_wconf 88' lang='lat' dir='ltr'>damnum</span> <span class='ocrx_word' id='word_1_281' title='bbox 3912 2159 3994 2216; x_wconf 87' lang='lat' dir='ltr'>in·</span> 
     </span>
     <span class='ocr_line' id='line_1_21' title="bbox 840 2251 3992 2335; baseline -0.002 -21"><span class='ocrx_word' id='word_1_282' title='bbox 840 2269 971 2314; x_wconf 78' lang='lat' dir='ltr'>xvx.</span> <span class='ocrx_word' id='word_1_283' title='bbox 1007 2273 1068 2314; x_wconf 92' lang='lat' dir='ltr'>n.</span> <span class='ocrx_word' id='word_1_284' title='bbox 1101 2258 1163 2315; x_wconf 77' lang='lat'>4.</span> <span class='ocrx_word' id='word_1_285' title='bbox 1197 2273 1384 2333; x_wconf 86' lang='lat' dir='ltr'>quam</span> <span class='ocrx_word' id='word_1_286' title='bbox 1416 2255 1763 2315; x_wconf 83' lang='lat' dir='ltr'>doctrinam</span> <span class='ocrx_word' id='word_1_287' title='bbox 1794 2257 1861 2315; x_wconf 90' lang='lat' dir='ltr'>P.</span> <span class='ocrx_word' id='word_1_288' title='bbox 1898 2254 2075 2317; x_wconf 88' lang='lat' dir='ltr'>Salas</span> <span class='ocrx_word' id='word_1_289' title='bbox 2103 2255 2375 2335; x_wconf 86' lang='lat' dir='ltr'>singula·</span> <span class='ocrx_word' id='word_1_290' title='bbox 2472 2257 2812 2318; x_wconf 88' lang='lat' dir='ltr'>trinsecum</span> <span class='ocrx_word' id='word_1_291' title='bbox 2862 2254 3288 2333; x_wconf 85' lang='lat' dir='ltr'>promissionis</span> <span class='ocrx_word' id='word_1_292' title='bbox 3332 2252 3528 2331; x_wconf 89' lang='lat' dir='ltr'>ipsius</span> <span class='ocrx_word' id='word_1_293' title='bbox 3549 2299 3566 2328; x_wconf 91' lang='lat'>,</span> <span class='ocrx_word' id='word_1_294' title='bbox 3601 2251 3771 2331; x_wconf 90' lang='lat' dir='ltr'>quod</span> <span class='ocrx_word' id='word_1_295' title='bbox 3821 2268 3992 2329; x_wconf 84' lang='lat' dir='ltr'>grave</span> 
     </span>
     <span class='ocr_line' id='line_1_22' title="bbox 841 2342 3996 2428; baseline -0.001 -22"><span class='ocrx_word' id='word_1_296' title='bbox 841 2365 977 2406; x_wconf 91' lang='lat' dir='ltr'>rem</span> <span class='ocrx_word' id='word_1_297' title='bbox 1003 2365 1159 2421; x_wconf 87' lang='lat' dir='ltr'>esse,</span> <span class='ocrx_word' id='word_1_298' title='bbox 1194 2347 1350 2407; x_wconf 84' lang='lat' dir='ltr'>dixit</span> <span class='ocrx_word' id='word_1_299' title='bbox 1376 2348 1574 2407; x_wconf 87' lang='lat' dir='ltr'>Diana</span> <span class='ocrx_word' id='word_1_300' title='bbox 1600 2353 1771 2410; x_wconf 91' lang='lat' dir='ltr'>tomo</span> <span class='ocrx_word' id='word_1_301' title='bbox 1802 2366 1845 2409; x_wconf 84' lang='lat'>1.</span> <span class='ocrx_word' id='word_1_302' title='bbox 1880 2353 1958 2409; x_wconf 89' lang='lat' dir='ltr'>tr.</span> <span class='ocrx_word' id='word_1_303' title='bbox 1990 2347 2061 2409; x_wconf 82' lang='lat' dir='ltr'>de</span> <span class='ocrx_word' id='word_1_304' title='bbox 2085 2358 2368 2410; x_wconf 81' lang='lat' dir='ltr'>contract.</span> <span class='ocrx_word' id='word_1_305' title='bbox 2471 2353 2679 2428; x_wconf 88' lang='lat' dir='ltr'>potest</span> <span class='ocrx_word' id='word_1_306' title='bbox 2703 2366 2838 2408; x_wconf 89' lang='lat' dir='ltr'>esse</span> <span class='ocrx_word' id='word_1_307' title='bbox 2867 2346 3135 2407; x_wconf 87' lang='lat' dir='ltr'>debitori</span> <span class='ocrx_word' id='word_1_308' title='bbox 3161 2393 3177 2421; x_wconf 98' lang='lat'>,</span> <span class='ocrx_word' id='word_1_309' title='bbox 3223 2347 3377 2406; x_wconf 92' lang='lat' dir='ltr'>dum</span> <span class='ocrx_word' id='word_1_310' title='bbox 3422 2362 3555 2405; x_wconf 80' lang='lat' dir='ltr'>suae</span> <span class='ocrx_word' id='word_1_311' title='bbox 3585 2344 3892 2404; x_wconf 75' lang='lat' dir='ltr'>libertatis</span> <span class='ocrx_word' id='word_1_312' title='bbox 3910 2342 3996 2422; x_wconf 84' lang='lat' dir='ltr'>ja-</span> 
     </span>
     <span class='ocr_line' id='line_1_23' title="bbox 841 2439 3162 2518; baseline 0 -19"><span class='ocrx_word' id='word_1_313' title='bbox 841 2457 963 2499; x_wconf 76' lang='lat' dir='ltr'>reS.</span> <span class='ocrx_word' id='word_1_314' title='bbox 994 2442 1092 2500; x_wconf 88' lang='grc'>59.</span> <span class='ocrx_word' id='word_1_315' title='bbox 1126 2439 1191 2498; x_wconf 88' lang='lat' dir='ltr'>in</span> <span class='ocrx_word' id='word_1_316' title='bbox 1217 2440 1322 2499; x_wconf 80' lang='lat' dir='ltr'>fin.</span> <span class='ocrx_word' id='word_1_317' title='bbox 1361 2441 1486 2500; x_wconf 90' lang='lat' dir='ltr'>Sed</span> <span class='ocrx_word' id='word_1_318' title='bbox 1512 2459 1736 2500; x_wconf 88' lang='lat' dir='ltr'>revera</span> <span class='ocrx_word' id='word_1_319' title='bbox 1760 2487 1777 2517; x_wconf 87' lang='lat'>,</span> <span class='ocrx_word' id='word_1_320' title='bbox 1829 2441 1881 2500; x_wconf 94' lang='lat' dir='ltr'>si</span> <span class='ocrx_word' id='word_1_321' title='bbox 1924 2440 2137 2502; x_wconf 90' lang='lat' dir='ltr'>debito</span> <span class='ocrx_word' id='word_1_322' title='bbox 2183 2441 2371 2502; x_wconf 91' lang='lat' dir='ltr'>modo</span> <span class='ocrx_word' id='word_1_323' title='bbox 2473 2445 2715 2502; x_wconf 86' lang='lat' dir='ltr'>cturam</span> <span class='ocrx_word' id='word_1_324' title='bbox 2744 2441 2872 2518; x_wconf 89' lang='lat' dir='ltr'>pati</span> <span class='ocrx_word' id='word_1_325' title='bbox 2899 2440 3162 2518; x_wconf 88' lang='lat' dir='ltr'>cogitur.</span> 
     </span>
     <span class='ocr_line' id='line_1_24' title="bbox 840 2527 3996 2615; baseline -0.002 -24"><span class='ocrx_word' id='word_1_326' title='bbox 840 2531 1241 2610; x_wconf 88' lang='lat' dir='ltr'>intelligatur,</span> <span class='ocrx_word' id='word_1_327' title='bbox 1276 2532 1608 2611; x_wconf 87' lang='lat' dir='ltr'>singularis</span> <span class='ocrx_word' id='word_1_328' title='bbox 1637 2552 1760 2594; x_wconf 90' lang='lat' dir='ltr'>non</span> <span class='ocrx_word' id='word_1_329' title='bbox 1791 2538 1905 2609; x_wconf 87' lang='lat' dir='ltr'>est,</span> <span class='ocrx_word' id='word_1_330' title='bbox 1930 2534 2036 2594; x_wconf 91' lang='lat' dir='ltr'>sed</span> <span class='ocrx_word' id='word_1_331' title='bbox 2060 2535 2139 2593; x_wconf 87' lang='lat' dir='ltr'>de</span> <span class='ocrx_word' id='word_1_332' title='bbox 2164 2538 2371 2595; x_wconf 88' lang='lat' dir='ltr'>mente</span> <span class='ocrx_word' id='word_1_333' title='bbox 2553 2533 2732 2595; x_wconf 88' lang='lat' dir='ltr'>Unde</span> <span class='ocrx_word' id='word_1_334' title='bbox 2759 2532 2980 2593; x_wconf 90' lang='lat' dir='ltr'>merito</span> <span class='ocrx_word' id='word_1_335' title='bbox 3001 2532 3235 2593; x_wconf 83' lang='lat' dir='ltr'>Melina</span> <span class='ocrx_word' id='word_1_336' title='bbox 3262 2530 3422 2608; x_wconf 87' lang='lat' dir='ltr'>disp.</span> <span class='ocrx_word' id='word_1_337' title='bbox 3455 2532 3598 2593; x_wconf 88' lang='lat'><strong>309.</strong></span> <span class='ocrx_word' id='word_1_338' title='bbox 3629 2530 3712 2615; x_wconf 46' lang='grc' dir='ltr'>ἓ..</span> <span class='ocrx_word' id='word_1_339' title='bbox 3738 2527 3915 2589; x_wconf 81' lang='lat' dir='ltr'>Circa</span> <span class='ocrx_word' id='word_1_340' title='bbox 3937 2527 3996 2586; x_wconf 75' lang='lat'>21-</span> 
     </span>
     <span class='ocr_line' id='line_1_25' title="bbox 842 2620 3996 2704; baseline -0.001 -20"><span class='ocrx_word' id='word_1_341' title='bbox 842 2624 1120 2684; x_wconf 89' lang='lat' dir='ltr'>omnium</span> <span class='ocrx_word' id='word_1_342' title='bbox 1145 2671 1161 2700; x_wconf 94' lang='lat'>,</span> <span class='ocrx_word' id='word_1_343' title='bbox 1208 2643 1473 2704; x_wconf 89' lang='lat' dir='ltr'>eamque</span> <span class='ocrx_word' id='word_1_344' title='bbox 1521 2625 1781 2686; x_wconf 87' lang='lat' dir='ltr'>tradunt</span> <span class='ocrx_word' id='word_1_345' title='bbox 1808 2628 2057 2686; x_wconf 89' lang='lat' dir='ltr'>Bannes</span> <span class='ocrx_word' id='word_1_346' title='bbox 2076 2672 2090 2700; x_wconf 92' lang='lat'>,</span> <span class='ocrx_word' id='word_1_347' title='bbox 2125 2630 2192 2686; x_wconf 80' lang='lat' dir='ltr'>et</span> <span class='ocrx_word' id='word_1_348' title='bbox 2217 2629 2374 2687; x_wconf 83' lang='lat' dir='ltr'>Ara·</span> <span class='ocrx_word' id='word_1_349' title='bbox 2473 2625 2577 2686; x_wconf 82' lang='lat' dir='ltr'>lud</span> <span class='ocrx_word' id='word_1_350' title='bbox 2599 2625 2669 2686; x_wconf 83' lang='lat' dir='ltr'>de</span> <span class='ocrx_word' id='word_1_351' title='bbox 2693 2625 2909 2686; x_wconf 83' lang='lat' dir='ltr'>medico</span> <span class='ocrx_word' id='word_1_352' title='bbox 2931 2671 2947 2697; x_wconf 87' lang='lat'>,</span> <span class='ocrx_word' id='word_1_353' title='bbox 2994 2624 3151 2684; x_wconf 85' lang='lat' dir='ltr'>dixit</span> <span class='ocrx_word' id='word_1_354' title='bbox 3178 2623 3428 2703; x_wconf 88' lang='lat' dir='ltr'>quando</span> <span class='ocrx_word' id='word_1_355' title='bbox 3457 2622 3518 2682; x_wconf 92' lang='lat' dir='ltr'>id</span> <span class='ocrx_word' id='word_1_356' title='bbox 3552 2622 3724 2701; x_wconf 89' lang='lat' dir='ltr'>quod</span> <span class='ocrx_word' id='word_1_357' title='bbox 3753 2620 3996 2682; x_wconf 87' lang='lat' dir='ltr'>adduci-</span> 
     </span>
     <span class='ocr_line' id='line_1_26' title="bbox 840 2713 3993 2797; baseline -0.001 -21"><span class='ocrx_word' id='word_1_358' title='bbox 840 2734 988 2795; x_wconf 85' lang='lat' dir='ltr'>gou.</span> <span class='ocrx_word' id='word_1_359' title='bbox 1022 2735 1083 2795; x_wconf 90' lang='lat' dir='ltr'>q.</span> <span class='ocrx_word' id='word_1_360' title='bbox 1118 2733 1374 2777; x_wconf 74' lang='lat' dir='ltr'>nxxvln.</span> <span class='ocrx_word' id='word_1_361' title='bbox 1411 2736 1502 2777; x_wconf 91' lang='lat' dir='ltr'>ar.</span> <span class='ocrx_word' id='word_1_362' title='bbox 1540 2720 1598 2778; x_wconf 80' lang='lat'>¹.</span> <span class='ocrx_word' id='word_1_363' title='bbox 1635 2720 1809 2796; x_wconf 86' lang='lat' dir='ltr'>Vega</span> <span class='ocrx_word' id='word_1_364' title='bbox 1846 2719 1908 2777; x_wconf 92' lang='lat' dir='ltr'>in</span> <span class='ocrx_word' id='word_1_365' title='bbox 1940 2717 2188 2778; x_wconf 85' lang='lat' dir='ltr'>Summa</span> <span class='ocrx_word' id='word_1_366' title='bbox 2213 2724 2366 2779; x_wconf 91' lang='lat' dir='ltr'>tom.</span> <span class='ocrx_word' id='word_1_367' title='bbox 2469 2723 2574 2780; x_wconf 91' lang='lat' dir='ltr'>tur</span> <span class='ocrx_word' id='word_1_368' title='bbox 2600 2719 2663 2778; x_wconf 92' lang='lat' dir='ltr'>in</span> <span class='ocrx_word' id='word_1_369' title='bbox 2692 2722 2946 2797; x_wconf 88' lang='lat' dir='ltr'>pactum</span> <span class='ocrx_word' id='word_1_370' title='bbox 2975 2717 3215 2776; x_wconf 88' lang='lat' dir='ltr'>nullum</span> <span class='ocrx_word' id='word_1_371' title='bbox 3246 2720 3410 2776; x_wconf 89' lang='lat' dir='ltr'>esset</span> <span class='ocrx_word' id='word_1_372' title='bbox 3437 2733 3789 2793; x_wconf 85' lang='lat' dir='ltr'>gravamen</span> <span class='ocrx_word' id='word_1_373' title='bbox 3814 2761 3831 2788; x_wconf 91' lang='lat'>,</span> <span class='ocrx_word' id='word_1_374' title='bbox 3863 2713 3993 2792; x_wconf 86' lang='lat' dir='ltr'>qnia</span> 
     </span>
     <span class='ocr_line' id='line_1_27' title="bbox 841 2810 3993 2888; baseline -0.001 -19"><span class='ocrx_word' id='word_1_375' title='bbox 841 2825 910 2869; x_wconf 91' lang='lat'>11.</span> <span class='ocrx_word' id='word_1_376' title='bbox 945 2828 1083 2888; x_wconf 88' lang='lat' dir='ltr'>cap.</span> <span class='ocrx_word' id='word_1_377' title='bbox 1122 2812 1259 2870; x_wconf 72' lang='lat'><strong>13¹.</strong></span> <span class='ocrx_word' id='word_1_378' title='bbox 1294 2828 1439 2870; x_wconf 89' lang='lat' dir='ltr'>casu</span> <span class='ocrx_word' id='word_1_379' title='bbox 1470 2813 1569 2871; x_wconf 78' lang='lat'>79.</span> <span class='ocrx_word' id='word_1_380' title='bbox 1605 2812 1688 2871; x_wconf 90' lang='lat' dir='ltr'>Sa</span> <span class='ocrx_word' id='word_1_381' title='bbox 1718 2811 1891 2870; x_wconf 86' lang='lat' dir='ltr'>verb.</span> <span class='ocrx_word' id='word_1_382' title='bbox 1928 2821 2190 2871; x_wconf 79' lang='lat' dir='ltr'>mutuum</span> <span class='ocrx_word' id='word_1_383' title='bbox 2221 2830 2282 2872; x_wconf 92' lang='lat' dir='ltr'>n.</span> <span class='ocrx_word' id='word_1_384' title='bbox 2307 2815 2365 2872; x_wconf 91' lang='lat'>3.</span> <span class='ocrx_word' id='word_1_385' title='bbox 2470 2811 2887 2872; x_wconf 87' lang='lat' dir='ltr'>mutuatarius</span> <span class='ocrx_word' id='word_1_386' title='bbox 2933 2810 3199 2870; x_wconf 88' lang='lat' dir='ltr'>libenter</span> <span class='ocrx_word' id='word_1_387' title='bbox 3244 2826 3422 2868; x_wconf 88' lang='lat' dir='ltr'>suam</span> <span class='ocrx_word' id='word_1_388' title='bbox 3468 2825 3734 2885; x_wconf 87' lang='lat' dir='ltr'>operam</span> <span class='ocrx_word' id='word_1_389' title='bbox 3778 2825 3888 2884; x_wconf 88' lang='lat' dir='ltr'>pro</span> <span class='ocrx_word' id='word_1_390' title='bbox 3931 2823 3993 2865; x_wconf 87' lang='lat' dir='ltr'>eo</span> 
     </span>
     <span class='ocr_line' id='line_1_28' title="bbox 841 2901 3995 2984; baseline -0.001 -22"><span class='ocrx_word' id='word_1_391' title='bbox 841 2903 1128 2963; x_wconf 85' lang='lat' dir='ltr'>Emman.</span> <span class='ocrx_word' id='word_1_392' title='bbox 1183 2902 1372 2962; x_wconf 90' lang='lat' dir='ltr'>Rodr.</span> <span class='ocrx_word' id='word_1_393' title='bbox 1415 2902 1476 2960; x_wconf 92' lang='lat' dir='ltr'>in</span> <span class='ocrx_word' id='word_1_394' title='bbox 1518 2901 1763 2961; x_wconf 82' lang='lat' dir='ltr'>Summa</span> <span class='ocrx_word' id='word_1_395' title='bbox 1793 2902 1967 2963; x_wconf 86' lang='lat' dir='ltr'>verb.</span> <span class='ocrx_word' id='word_1_396' title='bbox 2016 2904 2368 2984; x_wconf 75' lang='lat' dir='ltr'>emprestim,</span> <span class='ocrx_word' id='word_1_397' title='bbox 2471 2904 2670 2983; x_wconf 90' lang='lat' dir='ltr'>pretio</span> <span class='ocrx_word' id='word_1_398' title='bbox 2697 2903 3141 2982; x_wconf 88' lang='lat' dir='ltr'>impendisset,</span> <span class='ocrx_word' id='word_1_399' title='bbox 3194 2901 3385 2962; x_wconf 89' lang='lat' dir='ltr'>etiam</span> <span class='ocrx_word' id='word_1_400' title='bbox 3430 2918 3557 2960; x_wconf 92' lang='lat' dir='ltr'>non</span> <span class='ocrx_word' id='word_1_401' title='bbox 3588 2904 3851 2978; x_wconf 89' lang='lat' dir='ltr'>accepto</span> <span class='ocrx_word' id='word_1_402' title='bbox 3877 2917 3995 2958; x_wconf 87' lang='lat' dir='ltr'>mn-</span> 
     </span>
     <span class='ocr_line' id='line_1_29' title="bbox 841 2990 3995 3068; baseline -0.001 -13"><span class='ocrx_word' id='word_1_403' title='bbox 841 3013 897 3055; x_wconf 92' lang='lat' dir='ltr'>c.</span> <span class='ocrx_word' id='word_1_404' title='bbox 933 3011 1053 3055; x_wconf 76' lang='lat' dir='ltr'>cxl.</span> <span class='ocrx_word' id='word_1_405' title='bbox 1101 3014 1162 3054; x_wconf 92' lang='lat' dir='ltr'>n.</span> <span class='ocrx_word' id='word_1_406' title='bbox 1195 2998 1253 3055; x_wconf 75' lang='lat'>2.</span> <span class='ocrx_word' id='word_1_407' title='bbox 1290 2997 1568 3054; x_wconf 86' lang='lat' dir='ltr'>Navarra</span> <span class='ocrx_word' id='word_1_408' title='bbox 1613 2996 1715 3055; x_wconf 92' lang='lat'>111.</span> <span class='ocrx_word' id='word_1_409' title='bbox 1749 2994 1819 3054; x_wconf 85' lang='lat' dir='ltr'>de</span> <span class='ocrx_word' id='word_1_410' title='bbox 1845 3005 1982 3057; x_wconf 80' lang='lat' dir='ltr'>rest.</span> <span class='ocrx_word' id='word_1_411' title='bbox 2015 3014 2068 3056; x_wconf 86' lang='lat' dir='ltr'>c.</span> <span class='ocrx_word' id='word_1_412' title='bbox 2107 3013 2176 3057; x_wconf 84' lang='lat'>11.</span> <span class='ocrx_word' id='word_1_413' title='bbox 2215 2998 2365 3059; x_wconf 90' lang='lat' dir='ltr'>dub.</span> <span class='ocrx_word' id='word_1_414' title='bbox 2469 3000 2601 3068; x_wconf 85' lang='lat' dir='ltr'>tuo,</span> <span class='ocrx_word' id='word_1_415' title='bbox 2632 3001 2781 3056; x_wconf 89' lang='lat' dir='ltr'>tunc</span> <span class='ocrx_word' id='word_1_416' title='bbox 2809 3000 3201 3056; x_wconf 89' lang='lat' dir='ltr'>mutuantem</span> <span class='ocrx_word' id='word_1_417' title='bbox 3232 2993 3312 3053; x_wconf 89' lang='lat' dir='ltr'>ad</span> <span class='ocrx_word' id='word_1_418' title='bbox 3343 2993 3577 3052; x_wconf 89' lang='lat' dir='ltr'>nullam</span> <span class='ocrx_word' id='word_1_419' title='bbox 3607 2993 3814 3054; x_wconf 88' lang='lat' dir='ltr'>teneri</span> <span class='ocrx_word' id='word_1_420' title='bbox 3840 2990 3995 3053; x_wconf 68' lang='lat' dir='ltr'>resti·</span> 
     </span>
     <span class='ocr_line' id='line_1_30' title="bbox 841 3083 3996 3166; baseline -0.002 -18"><span class='ocrx_word' id='word_1_421' title='bbox 841 3090 901 3148; x_wconf 87' lang='grc'>6.</span> <span class='ocrx_word' id='word_1_422' title='bbox 937 3087 1213 3164; x_wconf 86' lang='lat' dir='ltr'>Angelus</span> <span class='ocrx_word' id='word_1_423' title='bbox 1241 3086 1417 3146; x_wconf 86' lang='lat' dir='ltr'>verb.</span> <span class='ocrx_word' id='word_1_424' title='bbox 1451 3105 1628 3145; x_wconf 81' lang='lat' dir='ltr'>usura</span> <span class='ocrx_word' id='word_1_425' title='bbox 1650 3132 1665 3162; x_wconf 96' lang='lat'>,</span> <span class='ocrx_word' id='word_1_426' title='bbox 1710 3106 1770 3166; x_wconf 91' lang='lat' dir='ltr'>q.</span> <span class='ocrx_word' id='word_1_427' title='bbox 1809 3105 1867 3148; x_wconf 89' lang='lat' dir='ltr'>v.</span> <span class='ocrx_word' id='word_1_428' title='bbox 1903 3093 1965 3149; x_wconf 88' lang='lat' dir='ltr'>et</span> <span class='ocrx_word' id='word_1_429' title='bbox 2011 3087 2112 3147; x_wconf 91' lang='lat' dir='ltr'>alii</span> <span class='ocrx_word' id='word_1_430' title='bbox 2163 3089 2366 3166; x_wconf 91' lang='lat' dir='ltr'>multi,</span> <span class='ocrx_word' id='word_1_431' title='bbox 2469 3088 2796 3164; x_wconf 89' lang='lat' dir='ltr'>tutionem,</span> <span class='ocrx_word' id='word_1_432' title='bbox 2829 3088 2995 3147; x_wconf 90' lang='lat' dir='ltr'>unde</span> <span class='ocrx_word' id='word_1_433' title='bbox 3025 3087 3234 3147; x_wconf 89' lang='lat' dir='ltr'>dicere</span> <span class='ocrx_word' id='word_1_434' title='bbox 3263 3089 3475 3163; x_wconf 90' lang='lat' dir='ltr'>posset</span> <span class='ocrx_word' id='word_1_435' title='bbox 3502 3085 3864 3146; x_wconf 86' lang='lat' dir='ltr'>etiamtunc</span> <span class='ocrx_word' id='word_1_436' title='bbox 3882 3083 3996 3143; x_wconf 91' lang='lat' dir='ltr'>nul·</span> 
     </span>
     <span class='ocr_line' id='line_1_31' title="bbox 843 3177 3996 3261; baseline -0.001 -21"><span class='ocrx_word' id='word_1_437' title='bbox 843 3198 1000 3261; x_wconf 90' lang='lat' dir='ltr'>quos</span> <span class='ocrx_word' id='word_1_438' title='bbox 1029 3180 1209 3239; x_wconf 76' lang='lat' dir='ltr'>affert</span> <span class='ocrx_word' id='word_1_439' title='bbox 1235 3177 1400 3238; x_wconf 92' lang='lat' dir='ltr'>idem</span> <span class='ocrx_word' id='word_1_440' title='bbox 1432 3178 1608 3241; x_wconf 88' lang='lat' dir='ltr'>Salas</span> <span class='ocrx_word' id='word_1_441' title='bbox 1634 3179 1784 3240; x_wconf 89' lang='lat' dir='ltr'>locis</span> <span class='ocrx_word' id='word_1_442' title='bbox 1814 3179 1918 3242; x_wconf 90' lang='lat' dir='ltr'>cit.</span> <span class='ocrx_word' id='word_1_443' title='bbox 1955 3181 2131 3242; x_wconf 85' lang='lat' dir='ltr'>Ratio</span> <span class='ocrx_word' id='word_1_444' title='bbox 2162 3186 2372 3242; x_wconf 88' lang='lat' dir='ltr'>autem</span> <span class='ocrx_word' id='word_1_445' title='bbox 2470 3180 2597 3242; x_wconf 90' lang='lat' dir='ltr'>lam</span> <span class='ocrx_word' id='word_1_446' title='bbox 2627 3179 2932 3242; x_wconf 88' lang='lat' dir='ltr'>committi</span> <span class='ocrx_word' id='word_1_447' title='bbox 2976 3197 3253 3240; x_wconf 90' lang='lat' dir='ltr'>usuram.</span> <span class='ocrx_word' id='word_1_448' title='bbox 3300 3177 3456 3252; x_wconf 87' lang='lat' dir='ltr'>Quia</span> <span class='ocrx_word' id='word_1_449' title='bbox 3499 3177 3802 3239; x_wconf 90' lang='lat' dir='ltr'>nimirum</span> <span class='ocrx_word' id='word_1_450' title='bbox 3848 3178 3996 3238; x_wconf 80' lang='lat' dir='ltr'>circa</span> 
     </span>
     <span class='ocr_line' id='line_1_32' title="bbox 843 3270 3995 3353; baseline -0.001 -21"><span class='ocrx_word' id='word_1_451' title='bbox 843 3275 939 3332; x_wconf 85' lang='lat' dir='ltr'>est</span> <span class='ocrx_word' id='word_1_452' title='bbox 963 3272 1156 3348; x_wconf 85' lang='lat' dir='ltr'>clara,</span> <span class='ocrx_word' id='word_1_453' title='bbox 1190 3271 1338 3351; x_wconf 87' lang='lat' dir='ltr'>quia</span> <span class='ocrx_word' id='word_1_454' title='bbox 1367 3290 1589 3348; x_wconf 87' lang='lat' dir='ltr'>usura,</span> <span class='ocrx_word' id='word_1_455' title='bbox 1640 3278 1708 3333; x_wconf 89' lang='lat' dir='ltr'>ut</span> <span class='ocrx_word' id='word_1_456' title='bbox 1735 3291 1902 3351; x_wconf 84' lang='lat' dir='ltr'>saepe</span> <span class='ocrx_word' id='word_1_457' title='bbox 1933 3273 2204 3334; x_wconf 84' lang='lat' dir='ltr'>diximus</span> <span class='ocrx_word' id='word_1_458' title='bbox 2228 3320 2243 3349; x_wconf 95' lang='lat'>,</span> <span class='ocrx_word' id='word_1_459' title='bbox 2280 3279 2375 3336; x_wconf 88' lang='lat' dir='ltr'>est</span> <span class='ocrx_word' id='word_1_460' title='bbox 2471 3274 2624 3335; x_wconf 91' lang='lat' dir='ltr'>illud</span> <span class='ocrx_word' id='word_1_461' title='bbox 2681 3291 3059 3353; x_wconf 82' lang='lat' dir='ltr'>gravamen,</span> <span class='ocrx_word' id='word_1_462' title='bbox 3121 3290 3230 3333; x_wconf 87' lang='lat' dir='ltr'>seu</span> <span class='ocrx_word' id='word_1_463' title='bbox 3271 3270 3719 3347; x_wconf 88' lang='lat' dir='ltr'>obligationem</span> <span class='ocrx_word' id='word_1_464' title='bbox 3775 3271 3995 3330; x_wconf 88' lang='lat' dir='ltr'>nullum</span> 
     </span>
     <span class='ocr_line' id='line_1_33' title="bbox 840 3362 3995 3443; baseline 0 -21"><span class='ocrx_word' id='word_1_465' title='bbox 840 3366 1174 3441; x_wconf 88' lang='lat' dir='ltr'>peccatum</span> <span class='ocrx_word' id='word_1_466' title='bbox 1220 3362 1543 3442; x_wconf 85' lang='lat' dir='ltr'>injustitiae</span> <span class='ocrx_word' id='word_1_467' title='bbox 1586 3364 1666 3423; x_wconf 91' lang='lat' dir='ltr'>ad</span> <span class='ocrx_word' id='word_1_468' title='bbox 1714 3382 1904 3443; x_wconf 86' lang='lat' dir='ltr'>quam</span> <span class='ocrx_word' id='word_1_469' title='bbox 1958 3366 2375 3427; x_wconf 75' lang='lat' dir='ltr'>essentialiter</span> <span class='ocrx_word' id='word_1_470' title='bbox 2474 3371 2670 3428; x_wconf 88' lang='lat' dir='ltr'>restat</span> <span class='ocrx_word' id='word_1_471' title='bbox 2707 3365 3198 3428; x_wconf 89' lang='lat' dir='ltr'>involuntarium</span> <span class='ocrx_word' id='word_1_472' title='bbox 3245 3363 3596 3424; x_wconf 90' lang='lat' dir='ltr'>necessario</span> <span class='ocrx_word' id='word_1_473' title='bbox 3644 3363 3995 3442; x_wconf 87' lang='lat' dir='ltr'>requisitum</span> 
     </span>
     <span class='ocr_line' id='line_1_34' title="bbox 840 3455 3998 3539; baseline -0 -23"><span class='ocrx_word' id='word_1_474' title='bbox 840 3455 1181 3535; x_wconf 88' lang='lat' dir='ltr'>requiritur</span> <span class='ocrx_word' id='word_1_475' title='bbox 1210 3456 1380 3535; x_wconf 92' lang='lat' dir='ltr'>quod</span> <span class='ocrx_word' id='word_1_476' title='bbox 1427 3457 1747 3535; x_wconf 90' lang='lat' dir='ltr'>proximus</span> <span class='ocrx_word' id='word_1_477' title='bbox 1777 3458 2008 3519; x_wconf 88' lang='lat' dir='ltr'>invitus</span> <span class='ocrx_word' id='word_1_478' title='bbox 2050 3462 2370 3536; x_wconf 82' lang='lat' dir='ltr'>gravetur,</span> <span class='ocrx_word' id='word_1_479' title='bbox 2473 3459 2555 3521; x_wconf 86' lang='lat' dir='ltr'>ad</span> <span class='ocrx_word' id='word_1_480' title='bbox 2584 3459 2877 3539; x_wconf 88' lang='lat' dir='ltr'>injuriam</span> <span class='ocrx_word' id='word_1_481' title='bbox 2922 3476 2938 3523; x_wconf 75' lang='lat' dir='ltr'>t</span> <span class='ocrx_word' id='word_1_482' title='bbox 2981 3457 3148 3518; x_wconf 91' lang='lat' dir='ltr'>unde</span> <span class='ocrx_word' id='word_1_483' title='bbox 3176 3460 3634 3535; x_wconf 89' lang='lat' dir='ltr'>consequenter</span> <span class='ocrx_word' id='word_1_484' title='bbox 3675 3456 3868 3516; x_wconf 86' lang='lat' dir='ltr'>etiam</span> <span class='ocrx_word' id='word_1_485' title='bbox 3918 3455 3998 3515; x_wconf 91' lang='lat' dir='ltr'>di—</span> 
     </span>
     <span class='ocr_line' id='line_1_35' title="bbox 838 3547 3998 3630; baseline -0.002 -20"><span class='ocrx_word' id='word_1_486' title='bbox 838 3552 950 3610; x_wconf 81' lang='lat' dir='ltr'>aut</span> <span class='ocrx_word' id='word_1_487' title='bbox 1004 3548 1447 3609; x_wconf 89' lang='lat' dir='ltr'>detrimentum</span> <span class='ocrx_word' id='word_1_488' title='bbox 1518 3550 1830 3628; x_wconf 85' lang='lat' dir='ltr'>patiatur:</span> <span class='ocrx_word' id='word_1_489' title='bbox 1902 3552 2146 3630; x_wconf 88' lang='lat' dir='ltr'>quoties</span> <span class='ocrx_word' id='word_1_490' title='bbox 2225 3570 2374 3630; x_wconf 89' lang='lat' dir='ltr'>ergo</span> <span class='ocrx_word' id='word_1_491' title='bbox 2476 3552 2744 3613; x_wconf 92' lang='lat' dir='ltr'>cendum</span> <span class='ocrx_word' id='word_1_492' title='bbox 2771 3551 3039 3626; x_wconf 86' lang='lat' dir='ltr'>videtur,</span> <span class='ocrx_word' id='word_1_493' title='bbox 3077 3550 3245 3629; x_wconf 88' lang='lat' dir='ltr'>quod</span> <span class='ocrx_word' id='word_1_494' title='bbox 3275 3568 3415 3609; x_wconf 93' lang='lat' dir='ltr'>cum</span> <span class='ocrx_word' id='word_1_495' title='bbox 3446 3548 3793 3628; x_wconf 87' lang='lat' dir='ltr'>aliquando</span> <span class='ocrx_word' id='word_1_496' title='bbox 3825 3547 3998 3626; x_wconf 84' lang='lat' dir='ltr'>possit</span> 
     </span>
     <span class='ocr_line' id='line_1_36' title="bbox 837 3641 3993 3724; baseline -0.001 -23"><span class='ocrx_word' id='word_1_497' title='bbox 837 3645 1022 3720; x_wconf 88' lang='lat' dir='ltr'>pacto</span> <span class='ocrx_word' id='word_1_498' title='bbox 1060 3641 1274 3702; x_wconf 90' lang='lat' dir='ltr'>addito</span> <span class='ocrx_word' id='word_1_499' title='bbox 1304 3642 1625 3720; x_wconf 86' lang='lat' dir='ltr'>proximus</span> <span class='ocrx_word' id='word_1_500' title='bbox 1653 3660 1778 3703; x_wconf 91' lang='lat' dir='ltr'>non</span> <span class='ocrx_word' id='word_1_501' title='bbox 1818 3643 2067 3703; x_wconf 84' lang='lat' dir='ltr'>laeditur</span> <span class='ocrx_word' id='word_1_502' title='bbox 2094 3648 2204 3704; x_wconf 90' lang='lat' dir='ltr'>aut</span> <span class='ocrx_word' id='word_1_503' title='bbox 2231 3663 2377 3723; x_wconf 86' lang='lat' dir='ltr'>gra·</span> <span class='ocrx_word' id='word_1_504' title='bbox 2476 3645 2699 3724; x_wconf 90' lang='lat' dir='ltr'>aliquis</span> <span class='ocrx_word' id='word_1_505' title='bbox 2726 3644 2959 3704; x_wconf 86' lang='lat' dir='ltr'>invitus</span> <span class='ocrx_word' id='word_1_506' title='bbox 2987 3661 3123 3703; x_wconf 90' lang='lat' dir='ltr'>esse</span> <span class='ocrx_word' id='word_1_507' title='bbox 3154 3643 3320 3702; x_wconf 88' lang='lat' dir='ltr'>circa</span> <span class='ocrx_word' id='word_1_508' title='bbox 3347 3641 3607 3721; x_wconf 87' lang='lat' dir='ltr'>aliquid,</span> <span class='ocrx_word' id='word_1_509' title='bbox 3645 3660 3774 3701; x_wconf 88' lang='lat' dir='ltr'>non</span> <span class='ocrx_word' id='word_1_510' title='bbox 3804 3646 3993 3701; x_wconf 83' lang='lat' dir='ltr'>tamen</span> 
     </span>
     <span class='ocr_line' id='line_1_37' title="bbox 837 3733 3998 3817; baseline -0.001 -24"><span class='ocrx_word' id='word_1_511' title='bbox 837 3738 1042 3810; x_wconf 78' lang='lat' dir='ltr'>vatur,</span> <span class='ocrx_word' id='word_1_512' title='bbox 1076 3751 1203 3794; x_wconf 92' lang='lat' dir='ltr'>non</span> <span class='ocrx_word' id='word_1_513' title='bbox 1223 3738 1431 3813; x_wconf 89' lang='lat' dir='ltr'>potest</span> <span class='ocrx_word' id='word_1_514' title='bbox 1458 3739 1709 3812; x_wconf 86' lang='lat' dir='ltr'>pactum</span> <span class='ocrx_word' id='word_1_515' title='bbox 1727 3734 1880 3795; x_wconf 90' lang='lat' dir='ltr'>illud</span> <span class='ocrx_word' id='word_1_516' title='bbox 1907 3735 1985 3795; x_wconf 93' lang='lat' dir='ltr'>ad</span> <span class='ocrx_word' id='word_1_517' title='bbox 2007 3735 2376 3815; x_wconf 85' lang='lat' dir='ltr'>injustitiam</span> <span class='ocrx_word' id='word_1_518' title='bbox 2475 3738 2751 3817; x_wconf 87' lang='lat' dir='ltr'>graviter</span> <span class='ocrx_word' id='word_1_519' title='bbox 2776 3736 3007 3797; x_wconf 88' lang='lat' dir='ltr'>invitus</span> <span class='ocrx_word' id='word_1_520' title='bbox 3034 3736 3144 3795; x_wconf 89' lang='lat' dir='ltr'>sed</span> <span class='ocrx_word' id='word_1_521' title='bbox 3174 3734 3396 3795; x_wconf 88' lang='lat' dir='ltr'>leviter</span> <span class='ocrx_word' id='word_1_522' title='bbox 3418 3780 3433 3805; x_wconf 87' lang='lat'>,</span> <span class='ocrx_word' id='word_1_523' title='bbox 3470 3752 3610 3812; x_wconf 84' lang='lat' dir='ltr'>quae</span> <span class='ocrx_word' id='word_1_524' title='bbox 3638 3733 3801 3793; x_wconf 84' lang='lat' dir='ltr'>levis</span> <span class='ocrx_word' id='word_1_525' title='bbox 3831 3751 3998 3810; x_wconf 90' lang='lat' dir='ltr'>repn-</span> 
     </span>
     <span class='ocr_line' id='line_1_38' title="bbox 836 3824 3997 3909; baseline -0.001 -22"><span class='ocrx_word' id='word_1_526' title='bbox 836 3826 1172 3907; x_wconf 87' lang='lat' dir='ltr'>pertinere‚</span> <span class='ocrx_word' id='word_1_527' title='bbox 1206 3832 1394 3907; x_wconf 84' lang='lat' dir='ltr'>atque</span> <span class='ocrx_word' id='word_1_528' title='bbox 1423 3827 1581 3887; x_wconf 92' lang='lat' dir='ltr'>adeo</span> <span class='ocrx_word' id='word_1_529' title='bbox 1613 3845 1815 3906; x_wconf 91' lang='lat' dir='ltr'>neque</span> <span class='ocrx_word' id='word_1_530' title='bbox 1845 3828 1927 3887; x_wconf 91' lang='lat' dir='ltr'>ad</span> <span class='ocrx_word' id='word_1_531' title='bbox 1956 3847 2233 3890; x_wconf 90' lang='lat' dir='ltr'>usuram.</span> <span class='ocrx_word' id='word_1_532' title='bbox 2475 3829 2734 3909; x_wconf 88' lang='lat' dir='ltr'>gnantia</span> <span class='ocrx_word' id='word_1_533' title='bbox 2762 3847 2887 3889; x_wconf 90' lang='lat' dir='ltr'>non</span> <span class='ocrx_word' id='word_1_534' title='bbox 2917 3828 3146 3888; x_wconf 86' lang='lat' dir='ltr'>sufficit</span> <span class='ocrx_word' id='word_1_535' title='bbox 3183 3826 3264 3887; x_wconf 82' lang='lat' dir='ltr'>ad</span> <span class='ocrx_word' id='word_1_536' title='bbox 3293 3826 3596 3886; x_wconf 85' lang='lat' dir='ltr'>malitiam</span> <span class='ocrx_word' id='word_1_537' title='bbox 3628 3843 3891 3903; x_wconf 79' lang='lat' dir='ltr'>gravem</span> <span class='ocrx_word' id='word_1_538' title='bbox 3917 3824 3997 3883; x_wconf 88' lang='lat' dir='ltr'>in·</span> 
     </span>
     <span class='ocr_line' id='line_1_39' title="bbox 917 3917 3998 4002; baseline -0.002 -23"><span class='ocrx_word' id='word_1_539' title='bbox 917 3919 1056 3980; x_wconf 87' lang='lat' dir='ltr'>Dixi</span> <span class='ocrx_word' id='word_1_540' title='bbox 1107 3924 1354 3996; x_wconf 89' lang='lat' dir='ltr'>tamen,</span> <span class='ocrx_word' id='word_1_541' title='bbox 1414 3920 1470 3979; x_wconf 85' lang='lat' dir='ltr'>si</span> <span class='ocrx_word' id='word_1_542' title='bbox 1519 3919 1707 3980; x_wconf 84' lang='lat' dir='ltr'>debito</span> <span class='ocrx_word' id='word_1_543' title='bbox 1760 3919 1928 3979; x_wconf 87' lang='lat' dir='ltr'>modo</span> <span class='ocrx_word' id='word_1_544' title='bbox 1985 3920 2371 4000; x_wconf 74' lang='lat' dir='ltr'>intellz&#39;qatur‚</span> <span class='ocrx_word' id='word_1_545' title='bbox 2467 3922 2655 4002; x_wconf 84' lang='lat' dir='ltr'>juriae</span> <span class='ocrx_word' id='word_1_546' title='bbox 2685 3942 2698 3982; x_wconf 91' lang='lat'>:</span> <span class='ocrx_word' id='word_1_547' title='bbox 2733 3921 2822 3980; x_wconf 90' lang='lat' dir='ltr'>sic</span> <span class='ocrx_word' id='word_1_548' title='bbox 2850 3920 3040 3980; x_wconf 86' lang='lat' dir='ltr'>etiam</span> <span class='ocrx_word' id='word_1_549' title='bbox 3084 3920 3144 3978; x_wconf 91' lang='lat' dir='ltr'>in</span> <span class='ocrx_word' id='word_1_550' title='bbox 3193 3918 3313 3979; x_wconf 87' lang='lat' dir='ltr'>hac</span> <span class='ocrx_word' id='word_1_551' title='bbox 3353 3918 3618 3978; x_wconf 86' lang='lat' dir='ltr'>materia</span> <span class='ocrx_word' id='word_1_552' title='bbox 3647 3917 3998 3994; x_wconf 86' lang='lat' dir='ltr'>contingere</span> 
     </span>
     <span class='ocr_line' id='line_1_40' title="bbox 839 4007 3999 4093; baseline -0.003 -20"><span class='ocrx_word' id='word_1_553' title='bbox 839 4013 986 4092; x_wconf 87' lang='lat' dir='ltr'>quia</span> <span class='ocrx_word' id='word_1_554' title='bbox 1017 4013 1096 4074; x_wconf 89' lang='lat' dir='ltr'>ad</span> <span class='ocrx_word' id='word_1_555' title='bbox 1120 4013 1534 4092; x_wconf 87' lang='lat' dir='ltr'>judicandum</span> <span class='ocrx_word' id='word_1_556' title='bbox 1576 4014 1653 4074; x_wconf 90' lang='lat' dir='ltr'>de</span> <span class='ocrx_word' id='word_1_557' title='bbox 1684 4032 1874 4074; x_wconf 88' lang='lat' dir='ltr'>usura</span> <span class='ocrx_word' id='word_1_558' title='bbox 1903 4013 2092 4093; x_wconf 89' lang='lat' dir='ltr'>pacti,</span> <span class='ocrx_word' id='word_1_559' title='bbox 2128 4033 2253 4074; x_wconf 91' lang='lat' dir='ltr'>non</span> <span class='ocrx_word' id='word_1_560' title='bbox 2283 4018 2379 4075; x_wconf 89' lang='lat' dir='ltr'>est</span> <span class='ocrx_word' id='word_1_561' title='bbox 2476 4018 2687 4093; x_wconf 90' lang='lat' dir='ltr'>posset</span> <span class='ocrx_word' id='word_1_562' title='bbox 2714 4012 2883 4091; x_wconf 90' lang='lat' dir='ltr'>quod</span> <span class='ocrx_word' id='word_1_563' title='bbox 2913 4012 3161 4072; x_wconf 87' lang='lat' dir='ltr'>debitor</span> <span class='ocrx_word' id='word_1_564' title='bbox 3190 4011 3422 4071; x_wconf 90' lang='lat' dir='ltr'>invitus</span> <span class='ocrx_word' id='word_1_565' title='bbox 3452 4010 3657 4070; x_wconf 88' lang='lat' dir='ltr'>solum</span> <span class='ocrx_word' id='word_1_566' title='bbox 3683 4010 3907 4070; x_wconf 85' lang='lat' dir='ltr'>leviter</span> <span class='ocrx_word' id='word_1_567' title='bbox 3930 4007 3999 4067; x_wconf 87' lang='lat' dir='ltr'>sit</span> 
     </span>
     <span class='ocr_line' id='line_1_41' title="bbox 838 4102 3998 4186; baseline -0.002 -20"><span class='ocrx_word' id='word_1_568' title='bbox 838 4105 1290 4167; x_wconf 84' lang='lat' dir='ltr'>attendendum</span> <span class='ocrx_word' id='word_1_569' title='bbox 1335 4106 1537 4167; x_wconf 89' lang='lat' dir='ltr'>solum</span> <span class='ocrx_word' id='word_1_570' title='bbox 1567 4106 1648 4166; x_wconf 90' lang='lat' dir='ltr'>ad</span> <span class='ocrx_word' id='word_1_571' title='bbox 1696 4107 1998 4167; x_wconf 88' lang='lat' dir='ltr'>damnum</span> <span class='ocrx_word' id='word_1_572' title='bbox 2029 4106 2200 4186; x_wconf 91' lang='lat' dir='ltr'>quod</span> <span class='ocrx_word' id='word_1_573' title='bbox 2242 4125 2375 4168; x_wconf 88' lang='lat' dir='ltr'>mu·</span> <span class='ocrx_word' id='word_1_574' title='bbox 2477 4108 2645 4169; x_wconf 88' lang='lat' dir='ltr'>circa</span> <span class='ocrx_word' id='word_1_575' title='bbox 2663 4105 3130 4183; x_wconf 88' lang='lat' dir='ltr'>obligationem,</span> <span class='ocrx_word' id='word_1_576' title='bbox 3164 4109 3274 4164; x_wconf 88' lang='lat' dir='ltr'>aut</span> <span class='ocrx_word' id='word_1_577' title='bbox 3301 4120 3644 4181; x_wconf 86' lang='lat' dir='ltr'>gravamen</span> <span class='ocrx_word' id='word_1_578' title='bbox 3675 4102 3998 4181; x_wconf 85' lang='lat' dir='ltr'>suscipien-</span> 
     </span>
     <span class='ocr_line' id='line_1_42' title="bbox 839 4194 3998 4278; baseline -0.002 -20"><span class='ocrx_word' id='word_1_579' title='bbox 839 4198 1144 4259; x_wconf 85' lang='lat' dir='ltr'>tuatarius</span> <span class='ocrx_word' id='word_1_580' title='bbox 1188 4200 1252 4259; x_wconf 92' lang='lat' dir='ltr'>in</span> <span class='ocrx_word' id='word_1_581' title='bbox 1282 4199 1415 4278; x_wconf 91' lang='lat' dir='ltr'>ejus</span> <span class='ocrx_word' id='word_1_582' title='bbox 1446 4200 1809 4260; x_wconf 83' lang='lat' dir='ltr'>executione</span> <span class='ocrx_word' id='word_1_583' title='bbox 1840 4218 2059 4278; x_wconf 88' lang='lat' dir='ltr'>passus</span> <span class='ocrx_word' id='word_1_584' title='bbox 2099 4204 2214 4274; x_wconf 88' lang='lat' dir='ltr'>est,</span> <span class='ocrx_word' id='word_1_585' title='bbox 2265 4199 2375 4260; x_wconf 89' lang='lat' dir='ltr'>sed</span> <span class='ocrx_word' id='word_1_586' title='bbox 2473 4199 2648 4275; x_wconf 90' lang='lat' dir='ltr'>dum,</span> <span class='ocrx_word' id='word_1_587' title='bbox 2682 4202 2745 4259; x_wconf 89' lang='lat' dir='ltr'>et</span> <span class='ocrx_word' id='word_1_588' title='bbox 2770 4202 2920 4259; x_wconf 93' lang='lat' dir='ltr'>tunc</span> <span class='ocrx_word' id='word_1_589' title='bbox 2948 4198 3191 4257; x_wconf 85' lang='lat' dir='ltr'>ratione</span> <span class='ocrx_word' id='word_1_590' title='bbox 3213 4196 3377 4256; x_wconf 86' lang='lat' dir='ltr'>illius</span> <span class='ocrx_word' id='word_1_591' title='bbox 3393 4194 3655 4274; x_wconf 84' lang='lat' dir='ltr'>praecise</span> <span class='ocrx_word' id='word_1_592' title='bbox 3670 4213 3798 4254; x_wconf 91' lang='lat' dir='ltr'>non</span> <span class='ocrx_word' id='word_1_593' title='bbox 3819 4194 3998 4254; x_wconf 85' lang='lat' dir='ltr'>oritur</span> 
     </span>
     <span class='ocr_line' id='line_1_43' title="bbox 841 4287 4002 4371; baseline -0.002 -20"><span class='ocrx_word' id='word_1_594' title='bbox 841 4291 1032 4351; x_wconf 89' lang='lat' dir='ltr'>etiam</span> <span class='ocrx_word' id='word_1_595' title='bbox 1054 4291 1132 4351; x_wconf 87' lang='lat' dir='ltr'>ad</span> <span class='ocrx_word' id='word_1_596' title='bbox 1152 4309 1497 4368; x_wconf 84' lang='lat' dir='ltr'>gravamen</span> <span class='ocrx_word' id='word_1_597' title='bbox 1522 4297 1585 4353; x_wconf 91' lang='lat' dir='ltr'>et</span> <span class='ocrx_word' id='word_1_598' title='bbox 1610 4293 1914 4352; x_wconf 88' lang='lat' dir='ltr'>damnum</span> <span class='ocrx_word' id='word_1_599' title='bbox 1937 4292 2103 4371; x_wconf 89' lang='lat' dir='ltr'>quod</span> <span class='ocrx_word' id='word_1_600' title='bbox 2122 4298 2376 4353; x_wconf 88' lang='lat' dir='ltr'>coactus</span> <span class='ocrx_word' id='word_1_601' title='bbox 2476 4292 2686 4371; x_wconf 89' lang='lat' dir='ltr'>gravis</span> <span class='ocrx_word' id='word_1_602' title='bbox 2707 4290 3004 4369; x_wconf 89' lang='lat' dir='ltr'>obligatio</span> <span class='ocrx_word' id='word_1_603' title='bbox 3024 4288 3413 4364; x_wconf 88' lang='lat' dir='ltr'>restituendi,</span> <span class='ocrx_word' id='word_1_604' title='bbox 3436 4287 3551 4347; x_wconf 88' lang='lat' dir='ltr'>nisi</span> <span class='ocrx_word' id='word_1_605' title='bbox 3575 4288 3868 4365; x_wconf 86' lang='lat' dir='ltr'>posteain</span> <span class='ocrx_word' id='word_1_606' title='bbox 3883 4287 4002 4362; x_wconf 76' lang='lat' dir='ltr'>ipsa</span> 
     </span>
     <span class='ocr_line' id='line_1_44' title="bbox 842 4380 3998 4463; baseline -0.003 -19"><span class='ocrx_word' id='word_1_607' title='bbox 842 4387 937 4444; x_wconf 88' lang='lat' dir='ltr'>est</span> <span class='ocrx_word' id='word_1_608' title='bbox 964 4383 1117 4461; x_wconf 85' lang='lat' dir='ltr'>pati,</span> <span class='ocrx_word' id='word_1_609' title='bbox 1150 4383 1214 4442; x_wconf 91' lang='lat' dir='ltr'>in</span> <span class='ocrx_word' id='word_1_610' title='bbox 1246 4384 1381 4462; x_wconf 90' lang='lat' dir='ltr'>ipsa</span> <span class='ocrx_word' id='word_1_611' title='bbox 1428 4384 1804 4463; x_wconf 89' lang='lat' dir='ltr'>obligatione</span> <span class='ocrx_word' id='word_1_612' title='bbox 1843 4384 2190 4460; x_wconf 88' lang='lat' dir='ltr'>subeunda,</span> <span class='ocrx_word' id='word_1_613' title='bbox 2231 4385 2378 4463; x_wconf 89' lang='lat' dir='ltr'>quia</span> <span class='ocrx_word' id='word_1_614' title='bbox 2477 4385 2664 4446; x_wconf 87' lang='lat' dir='ltr'>etiam</span> <span class='ocrx_word' id='word_1_615' title='bbox 2688 4383 3056 4445; x_wconf 88' lang='lat' dir='ltr'>executione</span> <span class='ocrx_word' id='word_1_616' title='bbox 3072 4388 3372 4443; x_wconf 87' lang='lat' dir='ltr'>damnum</span> <span class='ocrx_word' id='word_1_617' title='bbox 3390 4380 3642 4458; x_wconf 89' lang='lat' dir='ltr'>aliquod</span> <span class='ocrx_word' id='word_1_618' title='bbox 3668 4398 3866 4457; x_wconf 87' lang='lat' dir='ltr'>grave</span> <span class='ocrx_word' id='word_1_619' title='bbox 3882 4396 3998 4456; x_wconf 86' lang='lat' dir='ltr'>pas—</span> 
     </span>
     <span class='ocr_line' id='line_1_45' title="bbox 837 4468 3999 4556; baseline -0.002 -21"><span class='ocrx_word' id='word_1_620' title='bbox 837 4476 986 4536; x_wconf 88' lang='lat' dir='ltr'>licet</span> <span class='ocrx_word' id='word_1_621' title='bbox 1038 4476 1320 4537; x_wconf 89' lang='lat' dir='ltr'>executio</span> <span class='ocrx_word' id='word_1_622' title='bbox 1359 4476 1660 4536; x_wconf 91' lang='lat' dir='ltr'>damnum</span> <span class='ocrx_word' id='word_1_623' title='bbox 1703 4495 1826 4536; x_wconf 91' lang='lat' dir='ltr'>non</span> <span class='ocrx_word' id='word_1_624' title='bbox 1867 4476 2180 4551; x_wconf 85' lang='lat' dir='ltr'>attulerit;</span> <span class='ocrx_word' id='word_1_625' title='bbox 2241 4477 2376 4556; x_wconf 86' lang='lat' dir='ltr'>ipsa</span> <span class='ocrx_word' id='word_1_626' title='bbox 2477 4496 2582 4538; x_wconf 90' lang='lat' dir='ltr'>sus</span> <span class='ocrx_word' id='word_1_627' title='bbox 2610 4477 2816 4553; x_wconf 89' lang='lat' dir='ltr'>fuerit,</span> <span class='ocrx_word' id='word_1_628' title='bbox 2850 4475 3017 4536; x_wconf 90' lang='lat' dir='ltr'>circa</span> <span class='ocrx_word' id='word_1_629' title='bbox 3047 4474 3212 4554; x_wconf 90' lang='lat' dir='ltr'>quod</span> <span class='ocrx_word' id='word_1_630' title='bbox 3259 4492 3383 4533; x_wconf 93' lang='lat' dir='ltr'>non</span> <span class='ocrx_word' id='word_1_631' title='bbox 3424 4472 3559 4552; x_wconf 84' lang='lat' dir='ltr'>jam</span> <span class='ocrx_word' id='word_1_632' title='bbox 3610 4472 3854 4547; x_wconf 85' lang='lat' dir='ltr'>leviter,</span> <span class='ocrx_word' id='word_1_633' title='bbox 3905 4468 3999 4530; x_wconf 89' lang='lat' dir='ltr'>sed</span> 
     </span>
     <span class='ocr_line' id='line_1_46' title="bbox 838 4568 3246 4648; baseline -0.002 -17"><span class='ocrx_word' id='word_1_634' title='bbox 838 4572 1050 4631; x_wconf 80' lang='lat' dir='ltr'>tamen</span> <span class='ocrx_word' id='word_1_635' title='bbox 1081 4568 1377 4647; x_wconf 87' lang='lat' dir='ltr'>obligatio</span> <span class='ocrx_word' id='word_1_636' title='bbox 1406 4574 1717 4648; x_wconf 88' lang='lat' dir='ltr'>suscepta,</span> <span class='ocrx_word' id='word_1_637' title='bbox 1749 4574 1936 4648; x_wconf 87' lang='lat' dir='ltr'>prout</span> <span class='ocrx_word' id='word_1_638' title='bbox 1961 4569 2377 4630; x_wconf 83' lang='lat' dir='ltr'>condistincta</span> <span class='ocrx_word' id='word_1_639' title='bbox 2476 4569 2753 4647; x_wconf 87' lang='lat' dir='ltr'>graviter</span> <span class='ocrx_word' id='word_1_640' title='bbox 2780 4569 3009 4628; x_wconf 88' lang='lat' dir='ltr'>invitus</span> <span class='ocrx_word' id='word_1_641' title='bbox 3040 4568 3246 4627; x_wconf 87' lang='lat' dir='ltr'>fuerit.</span> 
     </span>
     <span class='ocr_line' id='line_1_47' title="bbox 840 4654 4140 4742; baseline -0.003 -19"><span class='ocrx_word' id='word_1_642' title='bbox 840 4662 922 4723; x_wconf 84' lang='lat' dir='ltr'>ab</span> <span class='ocrx_word' id='word_1_643' title='bbox 951 4661 1314 4722; x_wconf 88' lang='lat' dir='ltr'>executione</span> <span class='ocrx_word' id='word_1_644' title='bbox 1356 4662 1559 4740; x_wconf 90' lang='lat' dir='ltr'>potuit</span> <span class='ocrx_word' id='word_1_645' title='bbox 1597 4662 1807 4740; x_wconf 86' lang='lat' dir='ltr'>gravis</span> <span class='ocrx_word' id='word_1_646' title='bbox 1837 4681 1973 4722; x_wconf 88' lang='lat' dir='ltr'>esse</span> <span class='ocrx_word' id='word_1_647' title='bbox 2009 4680 2023 4727; x_wconf 93' lang='lat'>:</span> <span class='ocrx_word' id='word_1_648' title='bbox 2058 4681 2253 4742; x_wconf 85' lang='lat' dir='ltr'>quare</span> <span class='ocrx_word' id='word_1_649' title='bbox 2283 4662 2377 4721; x_wconf 86' lang='lat' dir='ltr'>vi·</span> <span class='ocrx_word' id='word_1_650' title='bbox 2556 4661 2763 4723; x_wconf 86' lang='lat' dir='ltr'>Tertio</span> <span class='ocrx_word' id='word_1_651' title='bbox 2820 4659 3092 4720; x_wconf 88' lang='lat' dir='ltr'>dubitari</span> <span class='ocrx_word' id='word_1_652' title='bbox 3148 4662 3375 4738; x_wconf 88' lang='lat' dir='ltr'>potest,</span> <span class='ocrx_word' id='word_1_653' title='bbox 3432 4677 3512 4718; x_wconf 87' lang='lat' dir='ltr'>an</span> <span class='ocrx_word' id='word_1_654' title='bbox 3566 4659 3647 4719; x_wconf 89' lang='lat' dir='ltr'>sit</span> <span class='ocrx_word' id='word_1_655' title='bbox 3700 4675 3910 4731; x_wconf 85' lang='lat' dir='ltr'>usura,</span> <span class='ocrx_word' id='word_1_656' title='bbox 3953 4654 3996 4714; x_wconf 87' lang='lat' dir='ltr'>si</span> <span class='ocrx_word' id='word_1_657' title='bbox 4117 4658 4140 4707; x_wconf 57' lang='grc' dir='ltr'><em>ὃ</em></span> 
     </span>
     <span class='ocr_line' id='line_1_48' title="bbox 842 4749 4135 4833; baseline -0.002 -19"><span class='ocrx_word' id='word_1_658' title='bbox 842 4753 1117 4814; x_wconf 90' lang='lat' dir='ltr'>dendum</span> <span class='ocrx_word' id='word_1_659' title='bbox 1147 4758 1259 4828; x_wconf 89' lang='lat' dir='ltr'>est,</span> <span class='ocrx_word' id='word_1_660' title='bbox 1295 4772 1374 4813; x_wconf 88' lang='lat' dir='ltr'>an</span> <span class='ocrx_word' id='word_1_661' title='bbox 1403 4755 1670 4833; x_wconf 87' lang='lat' dir='ltr'>ipsamet</span> <span class='ocrx_word' id='word_1_662' title='bbox 1699 4754 1996 4833; x_wconf 87' lang='lat' dir='ltr'>obligatio</span> <span class='ocrx_word' id='word_1_663' title='bbox 2026 4755 2168 4815; x_wconf 88' lang='lat' dir='ltr'>talis</span> <span class='ocrx_word' id='word_1_664' title='bbox 2189 4754 2288 4831; x_wconf 90' lang='lat' dir='ltr'>sit,</span> <span class='ocrx_word' id='word_1_665' title='bbox 2308 4760 2378 4817; x_wconf 91' lang='lat' dir='ltr'>ut</span> <span class='ocrx_word' id='word_1_666' title='bbox 2475 4757 2787 4814; x_wconf 87' lang='lat' dir='ltr'>mercator</span> <span class='ocrx_word' id='word_1_667' title='bbox 2836 4753 3060 4832; x_wconf 87' lang='lat' dir='ltr'>aliquis</span> <span class='ocrx_word' id='word_1_668' title='bbox 3101 4752 3337 4813; x_wconf 89' lang='lat' dir='ltr'>credito</span> <span class='ocrx_word' id='word_1_669' title='bbox 3385 4751 3657 4825; x_wconf 85' lang='lat' dir='ltr'>vendat,</span> <span class='ocrx_word' id='word_1_670' title='bbox 3691 4755 3762 4810; x_wconf 91' lang='lat' dir='ltr'>ut</span> <span class='ocrx_word' id='word_1_671' title='bbox 3806 4749 3997 4828; x_wconf 85' lang='lat' dir='ltr'>plures</span> <span class='ocrx_word' id='word_1_672' title='bbox 4072 4780 4135 4831; x_wconf 48' lang='lat' dir='ltr'>(d</span> 
     </span>
     <span class='ocr_line' id='line_1_49' title="bbox 841 4839 4140 4930; baseline -0.002 -23"><span class='ocrx_word' id='word_1_673' title='bbox 841 4864 968 4907; x_wconf 91' lang='lat' dir='ltr'>non</span> <span class='ocrx_word' id='word_1_674' title='bbox 997 4851 1219 4925; x_wconf 88' lang='lat' dir='ltr'>sponte</span> <span class='ocrx_word' id='word_1_675' title='bbox 1245 4847 1357 4906; x_wconf 90' lang='lat' dir='ltr'>sed</span> <span class='ocrx_word' id='word_1_676' title='bbox 1385 4852 1638 4908; x_wconf 89' lang='lat' dir='ltr'>coactus</span> <span class='ocrx_word' id='word_1_677' title='bbox 1659 4847 1739 4907; x_wconf 93' lang='lat' dir='ltr'>ob</span> <span class='ocrx_word' id='word_1_678' title='bbox 1761 4847 2147 4908; x_wconf 86' lang='lat' dir='ltr'>desiderium</span> <span class='ocrx_word' id='word_1_679' title='bbox 2175 4847 2378 4909; x_wconf 92' lang='lat' dir='ltr'>mutui</span> <span class='ocrx_word' id='word_1_680' title='bbox 2476 4850 2788 4925; x_wconf 88' lang='lat' dir='ltr'>emptores</span> <span class='ocrx_word' id='word_1_681' title='bbox 2820 4846 2901 4905; x_wconf 89' lang='lat' dir='ltr'>ad</span> <span class='ocrx_word' id='word_1_682' title='bbox 2929 4864 2996 4906; x_wconf 89' lang='lat' dir='ltr'>se</span> <span class='ocrx_word' id='word_1_683' title='bbox 3024 4844 3271 4921; x_wconf 79' lang='lat' dir='ltr'>trahat,</span> <span class='ocrx_word' id='word_1_684' title='bbox 3326 4849 3389 4905; x_wconf 88' lang='lat' dir='ltr'>et</span> <span class='ocrx_word' id='word_1_685' title='bbox 3418 4844 3557 4922; x_wconf 88' lang='lat' dir='ltr'>plus</span> <span class='ocrx_word' id='word_1_686' title='bbox 3586 4845 3881 4904; x_wconf 86' lang='lat' dir='ltr'>lucretur.</span> <span class='ocrx_word' id='word_1_687' title='bbox 3907 4839 3996 4901; x_wconf 72' lang='lat' dir='ltr'>Af·</span> <span class='ocrx_word' id='word_1_688' title='bbox 4033 4846 4140 4930; x_wconf 52' lang='grc' dir='ltr'>αξξ</span> 
     </span>
     <span class='ocr_line' id='line_1_50' title="bbox 838 4935 4140 5019; baseline -0.003 -19"><span class='ocrx_word' id='word_1_689' title='bbox 838 4940 1256 5001; x_wconf 87' lang='lat' dir='ltr'>mutuatarius</span> <span class='ocrx_word' id='word_1_690' title='bbox 1284 4938 1580 5019; x_wconf 87' lang='lat' dir='ltr'>subjecit;</span> <span class='ocrx_word' id='word_1_691' title='bbox 1614 4958 1757 5000; x_wconf 90' lang='lat' dir='ltr'>cum</span> <span class='ocrx_word' id='word_1_692' title='bbox 1788 4940 1955 4999; x_wconf 90' lang='lat' dir='ltr'>enim</span> <span class='ocrx_word' id='word_1_693' title='bbox 1978 4945 2109 5002; x_wconf 87' lang='lat' dir='ltr'>tota</span> <span class='ocrx_word' id='word_1_694' title='bbox 2138 4941 2376 5019; x_wconf 87' lang='lat' dir='ltr'>injusti·</span> <span class='ocrx_word' id='word_1_695' title='bbox 2476 4942 2731 5001; x_wconf 86' lang='lat' dir='ltr'>firmant</span> <span class='ocrx_word' id='word_1_696' title='bbox 2759 4939 2986 5000; x_wconf 89' lang='lat' dir='ltr'>Silvest</span> <span class='ocrx_word' id='word_1_697' title='bbox 3013 4944 3075 5000; x_wconf 88' lang='lat' dir='ltr'>et</span> <span class='ocrx_word' id='word_1_698' title='bbox 3101 4937 3207 4998; x_wconf 84' lang='lat' dir='ltr'>alii</span> <span class='ocrx_word' id='word_1_699' title='bbox 3235 4937 3403 5015; x_wconf 89' lang='lat' dir='ltr'>apud</span> <span class='ocrx_word' id='word_1_700' title='bbox 3432 4937 3611 4998; x_wconf 88' lang='lat' dir='ltr'>Salas</span> <span class='ocrx_word' id='word_1_701' title='bbox 3640 4935 3792 4995; x_wconf 92' lang='lat' dir='ltr'>dub.</span> <span class='ocrx_word' id='word_1_702' title='bbox 3826 4951 3909 4996; x_wconf 88' lang='lat' dir='ltr'>1x.</span> <span class='ocrx_word' id='word_1_703' title='bbox 3940 4951 3991 4991; x_wconf 91' lang='lat' dir='ltr'>n.</span> <span class='ocrx_word' id='word_1_704' title='bbox 4033 4944 4140 4986; x_wconf 47' lang='lat' dir='ltr'>aas:</span> 
     </span>
     <span class='ocr_line' id='line_1_51' title="bbox 840 5000 4140 5112; baseline -0.002 -19"><span class='ocrx_word' id='word_1_705' title='bbox 840 5032 927 5093; x_wconf 87' lang='lat' dir='ltr'>tia</span> <span class='ocrx_word' id='word_1_706' title='bbox 956 5051 1163 5093; x_wconf 82' lang='lat' dir='ltr'>usurae</span> <span class='ocrx_word' id='word_1_707' title='bbox 1185 5032 1422 5094; x_wconf 87' lang='lat' dir='ltr'>oriatur</span> <span class='ocrx_word' id='word_1_708' title='bbox 1452 5052 1527 5093; x_wconf 86' lang='lat' dir='ltr'>ex</span> <span class='ocrx_word' id='word_1_709' title='bbox 1556 5032 1998 5106; x_wconf 87' lang='lat' dir='ltr'>involuntario,</span> <span class='ocrx_word' id='word_1_710' title='bbox 2038 5033 2204 5112; x_wconf 88' lang='lat' dir='ltr'>quod</span> <span class='ocrx_word' id='word_1_711' title='bbox 2244 5033 2379 5112; x_wconf 88' lang='lat' dir='ltr'>ejus</span> <span class='ocrx_word' id='word_1_712' title='bbox 2474 5037 2535 5095; x_wconf 82' lang='lat'>9.</span> <span class='ocrx_word' id='word_1_713' title='bbox 2570 5033 2687 5092; x_wconf 88' lang='lat' dir='ltr'>Alii</span> <span class='ocrx_word' id='word_1_714' title='bbox 2718 5037 2926 5092; x_wconf 86' lang='lat' dir='ltr'>tamen</span> <span class='ocrx_word' id='word_1_715' title='bbox 2957 5031 3179 5091; x_wconf 90' lang='lat' dir='ltr'>merito</span> <span class='ocrx_word' id='word_1_716' title='bbox 3208 5030 3269 5090; x_wconf 88' lang='lat' dir='ltr'>id</span> <span class='ocrx_word' id='word_1_717' title='bbox 3303 5033 3556 5107; x_wconf 82' lang='lat' dir='ltr'>negant,</span> <span class='ocrx_word' id='word_1_718' title='bbox 3590 5029 3823 5089; x_wconf 84' lang='lat' dir='ltr'>Molina</span> <span class='ocrx_word' id='word_1_719' title='bbox 3847 5027 3992 5103; x_wconf 88' lang='lat' dir='ltr'>disp.</span> <span class='ocrx_word' id='word_1_720' title='bbox 4067 5000 4140 5086; x_wconf 64' lang='grc' dir='ltr'>’.Ξ</span> 
     </span>
     <span class='ocr_line' id='line_1_52' title="bbox 840 5120 4000 5206; baseline -0.003 -20"><span class='ocrx_word' id='word_1_721' title='bbox 840 5124 1170 5206; x_wconf 90' lang='lat' dir='ltr'>promissio</span> <span class='ocrx_word' id='word_1_722' title='bbox 1203 5125 1429 5197; x_wconf 86' lang='lat' dir='ltr'>habet;</span> <span class='ocrx_word' id='word_1_723' title='bbox 1465 5125 1718 5204; x_wconf 87' lang='lat' dir='ltr'>quando</span> <span class='ocrx_word' id='word_1_724' title='bbox 1751 5125 2376 5186; x_wconf 87' lang='lat' dir='ltr'>hocinvoluntarium</span> <span class='ocrx_word' id='word_1_725' title='bbox 2477 5129 2615 5187; x_wconf 88' lang='grc'><strong>309.</strong></span> <span class='ocrx_word' id='word_1_726' title='bbox 2648 5126 2702 5203; x_wconf 68' lang='grc' dir='ltr'>ἓ.</span> <span class='ocrx_word' id='word_1_727' title='bbox 2738 5124 2894 5185; x_wconf 82' lang='lat' dir='ltr'>Hinc</span> <span class='ocrx_word' id='word_1_728' title='bbox 2921 5123 3118 5204; x_wconf 78' lang='lat' dir='ltr'>facile,</span> <span class='ocrx_word' id='word_1_729' title='bbox 3154 5128 3216 5183; x_wconf 91' lang='lat' dir='ltr'>et</span> <span class='ocrx_word' id='word_1_730' title='bbox 3244 5123 3425 5183; x_wconf 88' lang='lat' dir='ltr'>Salas</span> <span class='ocrx_word' id='word_1_731' title='bbox 3453 5122 3591 5181; x_wconf 89' lang='lat' dir='ltr'>loco</span> <span class='ocrx_word' id='word_1_732' title='bbox 3621 5120 3724 5181; x_wconf 92' lang='lat' dir='ltr'>cit.</span> <span class='ocrx_word' id='word_1_733' title='bbox 3748 5121 3899 5180; x_wconf 90' lang='lat' dir='ltr'>dum</span> <span class='ocrx_word' id='word_1_734' title='bbox 3916 5123 4000 5179; x_wconf 85' lang='lat' dir='ltr'>ta-</span> 
     </span>
     <span class='ocr_line' id='line_1_53' title="bbox 839 5211 3996 5297; baseline -0.003 -19"><span class='ocrx_word' id='word_1_735' title='bbox 839 5219 1048 5293; x_wconf 80' lang='lat' dir='ltr'>iuerit,</span> <span class='ocrx_word' id='word_1_736' title='bbox 1082 5223 1335 5296; x_wconf 89' lang='lat' dir='ltr'>pactum</span> <span class='ocrx_word' id='word_1_737' title='bbox 1365 5218 1481 5279; x_wconf 84' lang='lat' dir='ltr'>erit</span> <span class='ocrx_word' id='word_1_738' title='bbox 1507 5220 1861 5279; x_wconf 87' lang='lat' dir='ltr'>usurarium</span> <span class='ocrx_word' id='word_1_739' title='bbox 1895 5238 1908 5279; x_wconf 90' lang='lat'>:</span> <span class='ocrx_word' id='word_1_740' title='bbox 1944 5218 2196 5297; x_wconf 88' lang='lat' dir='ltr'>quando</span> <span class='ocrx_word' id='word_1_741' title='bbox 2228 5236 2373 5278; x_wconf 88' lang='lat' dir='ltr'>vero</span> <span class='ocrx_word' id='word_1_742' title='bbox 2474 5237 2620 5278; x_wconf 91' lang='lat' dir='ltr'>men</span> <span class='ocrx_word' id='word_1_743' title='bbox 2652 5218 2716 5277; x_wconf 91' lang='lat' dir='ltr'>in</span> <span class='ocrx_word' id='word_1_744' title='bbox 2746 5217 3106 5277; x_wconf 86' lang='lat' dir='ltr'>venditione</span> <span class='ocrx_word' id='word_1_745' title='bbox 3154 5234 3277 5276; x_wconf 90' lang='lat' dir='ltr'>non</span> <span class='ocrx_word' id='word_1_746' title='bbox 3309 5214 3572 5275; x_wconf 83' lang='lat' dir='ltr'>excedat</span> <span class='ocrx_word' id='word_1_747' title='bbox 3612 5214 3882 5292; x_wconf 89' lang='lat' dir='ltr'>pretium</span> <span class='ocrx_word' id='word_1_748' title='bbox 3903 5211 3996 5288; x_wconf 84' lang='lat' dir='ltr'>ju·</span> 
     </span>
     <span class='ocr_line' id='line_1_54' title="bbox 842 5303 3998 5390; baseline -0.004 -18"><span class='ocrx_word' id='word_1_749' title='bbox 842 5310 1143 5389; x_wconf 87' lang='lat' dir='ltr'>obligatio</span> <span class='ocrx_word' id='word_1_750' title='bbox 1191 5310 1296 5369; x_wconf 90' lang='lat' dir='ltr'>illa</span> <span class='ocrx_word' id='word_1_751' title='bbox 1325 5329 1438 5389; x_wconf 91' lang='lat' dir='ltr'>pro</span> <span class='ocrx_word' id='word_1_752' title='bbox 1477 5310 1671 5371; x_wconf 90' lang='lat' dir='ltr'>nihilo</span> <span class='ocrx_word' id='word_1_753' title='bbox 1702 5330 1737 5370; x_wconf 87' lang='lat' dir='ltr'>a</span> <span class='ocrx_word' id='word_1_754' title='bbox 1766 5311 2171 5390; x_wconf 79' lang='lat' dir='ltr'>promittente</span> <span class='ocrx_word' id='word_1_755' title='bbox 2215 5311 2376 5371; x_wconf 82' lang='lat' dir='ltr'>aesti-</span> <span class='ocrx_word' id='word_1_756' title='bbox 2476 5316 2643 5372; x_wconf 88' lang='lat' dir='ltr'>stum</span> <span class='ocrx_word' id='word_1_757' title='bbox 2674 5330 2687 5370; x_wconf 91' lang='lat'><strong>:</strong></span> <span class='ocrx_word' id='word_1_758' title='bbox 2726 5315 2787 5370; x_wconf 91' lang='lat' dir='ltr'>et</span> <span class='ocrx_word' id='word_1_759' title='bbox 2814 5329 2914 5369; x_wconf 83' lang='lat' dir='ltr'>res</span> <span class='ocrx_word' id='word_1_760' title='bbox 2942 5313 3036 5369; x_wconf 90' lang='lat' dir='ltr'>est</span> <span class='ocrx_word' id='word_1_761' title='bbox 3064 5309 3253 5384; x_wconf 88' lang='lat' dir='ltr'>clara,</span> <span class='ocrx_word' id='word_1_762' title='bbox 3287 5308 3437 5386; x_wconf 87' lang='lat' dir='ltr'>quia</span> <span class='ocrx_word' id='word_1_763' title='bbox 3467 5306 3730 5367; x_wconf 88' lang='lat' dir='ltr'>intentio</span> <span class='ocrx_word' id='word_1_764' title='bbox 3765 5303 3998 5365; x_wconf 83' lang='lat' dir='ltr'>lucriex</span> 
     </span>
     <span class='ocr_line' id='line_1_55' title="bbox 839 5394 3993 5482; baseline -0.003 -19"><span class='ocrx_word' id='word_1_765' title='bbox 839 5408 1072 5479; x_wconf 88' lang='lat' dir='ltr'>matur,</span> <span class='ocrx_word' id='word_1_766' title='bbox 1104 5407 1169 5462; x_wconf 82' lang='lat' dir='ltr'>et</span> <span class='ocrx_word' id='word_1_767' title='bbox 1198 5403 1336 5463; x_wconf 86' lang='lat' dir='ltr'>ideo</span> <span class='ocrx_word' id='word_1_768' title='bbox 1370 5422 1492 5463; x_wconf 92' lang='lat' dir='ltr'>non</span> <span class='ocrx_word' id='word_1_769' title='bbox 1526 5409 1619 5464; x_wconf 91' lang='lat' dir='ltr'>est</span> <span class='ocrx_word' id='word_1_770' title='bbox 1656 5404 1778 5464; x_wconf 91' lang='lat' dir='ltr'>ullo</span> <span class='ocrx_word' id='word_1_771' title='bbox 1820 5404 2009 5463; x_wconf 91' lang='lat' dir='ltr'>modo</span> <span class='ocrx_word' id='word_1_772' title='bbox 2050 5404 2281 5464; x_wconf 81' lang='lat' dir='ltr'>invitus</span> <span class='ocrx_word' id='word_1_773' title='bbox 2309 5404 2374 5463; x_wconf 91' lang='lat' dir='ltr'>in</span> <span class='ocrx_word' id='word_1_774' title='bbox 2477 5404 2800 5479; x_wconf 90' lang='lat' dir='ltr'>dilatione,</span> <span class='ocrx_word' id='word_1_775' title='bbox 2862 5403 3114 5482; x_wconf 85' lang='lat' dir='ltr'>quando</span> <span class='ocrx_word' id='word_1_776' title='bbox 3168 5419 3293 5461; x_wconf 92' lang='lat' dir='ltr'>non</span> <span class='ocrx_word' id='word_1_777' title='bbox 3348 5404 3445 5460; x_wconf 89' lang='lat' dir='ltr'>est</span> <span class='ocrx_word' id='word_1_778' title='bbox 3490 5399 3760 5477; x_wconf 88' lang='lat' dir='ltr'>pretium</span> <span class='ocrx_word' id='word_1_779' title='bbox 3792 5394 3993 5467; x_wconf 81' lang='lat' dir='ltr'>mutui,</span> 
     </span>
    </p>
   </div>
   <div class='ocr_carea' id='block_1_3' title="bbox 843 5492 3607 5578">
    <p class='ocr_par' dir='ltr' id='par_1_3' title="bbox 843 5492 3607 5578">
     <span class='ocr_line' id='line_1_56' title="bbox 843 5492 3607 5578; baseline -0.001 -22"><span class='ocrx_word' id='word_1_780' title='bbox 843 5515 939 5573; x_wconf 88' lang='lat' dir='ltr'>ea,</span> <span class='ocrx_word' id='word_1_781' title='bbox 973 5494 1081 5554; x_wconf 90' lang='lat' dir='ltr'>sed</span> <span class='ocrx_word' id='word_1_782' title='bbox 1113 5497 1303 5557; x_wconf 87' lang='lat' dir='ltr'>etiam</span> <span class='ocrx_word' id='word_1_783' title='bbox 1332 5497 1569 5578; x_wconf 90' lang='lat' dir='ltr'>absque</span> <span class='ocrx_word' id='word_1_784' title='bbox 1597 5515 1707 5577; x_wconf 89' lang='lat' dir='ltr'>spe</span> <span class='ocrx_word' id='word_1_785' title='bbox 1758 5497 1956 5559; x_wconf 91' lang='lat' dir='ltr'>mutui</span> <span class='ocrx_word' id='word_1_786' title='bbox 2003 5496 2174 5556; x_wconf 87' lang='lat' dir='ltr'>illam</span> <span class='ocrx_word' id='word_1_787' title='bbox 2218 5496 2372 5557; x_wconf 86' lang='lat' dir='ltr'>obli·</span> <span class='ocrx_word' id='word_1_788' title='bbox 2478 5516 2736 5557; x_wconf 88' lang='lat' dir='ltr'>usuram</span> <span class='ocrx_word' id='word_1_789' title='bbox 2767 5514 2891 5557; x_wconf 91' lang='lat' dir='ltr'>non</span> <span class='ocrx_word' id='word_1_790' title='bbox 2923 5494 3092 5572; x_wconf 83' lang='lat' dir='ltr'>facit,</span> <span class='ocrx_word' id='word_1_791' title='bbox 3128 5498 3196 5556; x_wconf 79' lang='lat' dir='ltr'>ut</span> <span class='ocrx_word' id='word_1_792' title='bbox 3223 5492 3457 5556; x_wconf 91' lang='lat' dir='ltr'>dictum</span> <span class='ocrx_word' id='word_1_793' title='bbox 3490 5495 3607 5552; x_wconf 78' lang='lat' dir='ltr'>est.</span> 
     </span>
    </p>
   </div>
  </div>
 </body>
</html>
