4263 6376
904 286 1025 344 478

913 459 1082 540 quod
1114 460 1302 521 etiam
1333 463 1585 538 pactum
1607 458 1846 538 justum
1867 462 2049 535 esset,
2085 459 2134 520 si
2158 458 2277 519 hoc
2307 477 2441 519 ma-

908 555 1013 632 jus
1043 570 1200 614 onus
1231 555 1743 631 compensaretur
1770 551 1994 630 majori
2038 555 2216 630 parte
2249 551 2434 627 lucri,

911 646 1010 707 vel
1042 646 1163 706 alia
1192 645 1314 705 via.
1346 645 1521 721 Quod
1552 649 1763 706 autem
1795 646 1983 705 etiam
2015 663 2090 703 ex
2121 644 2266 705 dolo
2314 662 2440 704 non

909 742 1256 815 teneretur,
1290 755 1414 797 non
1446 742 1656 816 posset
1698 737 2027 817 justificari
2074 737 2224 815 quia
2279 739 2441 796 esset

913 835 1165 912 pactum
1183 834 1402 891 contra
1430 829 1627 892 bonos
1657 848 1887 892 moreS.
1922 832 2011 890 Ex
2051 833 2278 891 natura
2334 829 2442 888 de·

919 926 1108 1005 nique
1140 926 1496 985 contractus
1527 927 1778 985 tenetur
1808 922 2015 983 socius
2044 940 2119 981 ex
2141 922 2323 1000 culpa
2353 921 2439 982 la-

912 1023 998 1096 ta,
1035 1021 1223 1096 atque
1254 1016 1441 1077 etiam
1471 1015 1615 1092 levi,
1652 1034 1776 1076 non
1808 1034 1879 1075 ex
1929 1013 2247 1074 levissima
2276 1032 2350 1073 ex
2377 1013 2433 1091 ἓ.

909 1112 1021 1173 ult.
1058 1113 1207 1172 Inst.
1230 1107 1301 1169 de
1338 1108 1625 1181 societate,
1659 1127 1732 1168 ex
1791 1109 1832 1168 l.
1899 1107 2046 1168 Cum
2100 1104 2341 1180 duobus,
2391 1105 2434 1166 l.

910 1205 1047 1267 Iton
1101 1203 1173 1264 ob
1219 1220 1366 1278 eam,
1427 1201 1469 1262 l.
1528 1200 1688 1278 Ideo,
1750 1204 1814 1262 et
1864 1199 1906 1260 l.
1967 1198 2196 1275 Soc-ius,
2231 1199 2296 1260 ff.
2326 1217 2440 1280 pro

908 1317 1084 1359 soc-20.

662 1385 739 1443 33
992 1391 1224 1462 Quarto
1256 1386 1572 1466 quaeritur,
1610 1404 1689 1444 an
1737 1384 1962 1460 sociuS,
1998 1384 2251 1464 quando
2280 1402 2319 1444 a
2345 1401 2440 1444 so·

603 1510 816 1553 Sociman
913 1483 1025 1545 ciis
1054 1479 1444 1554 convenitur,
1477 1481 1765 1539 teneatur
1796 1476 1875 1536 ad
1905 1476 1969 1537 id
2009 1476 2211 1537 solum
2270 1474 2438 1554 quod

595 1569 834 1659 υξῇῗριξζ
911 1578 1115 1655 potest
1142 1570 1424 1633 solvere?
1456 1573 1641 1648 Resp.
1677 1569 1796 1630 hoc
1843 1587 1976 1629 esse
2038 1568 2439 1646 privilegium

586 1670 839 1717 ⁸¹¹⁸⁸0⁰i³⁵·
911 1665 1249 1741 societatiS,
1284 1668 1354 1725 ut
1402 1681 1525 1723 non
1557 1662 1753 1741 possit
1800 1661 2064 1740 obligari
2108 1661 2317 1721 socius
2357 1659 2439 1719 ad

907 1758 1277 1822 solvendum
1307 1773 1419 1835 pro
1450 1756 1526 1816 iis
1558 1774 1698 1834 quae
1730 1755 1807 1814 ad
1840 1754 2203 1815 societatem
2247 1751 2440 1832 perti-

908 1856 1079 1928 nent,
1117 1849 1236 1910 nisi
1257 1848 1437 1928 juxta
1467 1866 1611 1908 suas
1640 1846 1829 1923 vireS‚
1872 1847 1928 1925 ἓ.
1965 1845 2042 1906 Si
2091 1845 2244 1927 quis,
2280 1848 2432 1907 Inst.

907 1941 1342 2018 deae-tionibus,
1374 1941 1418 2005 l.
1466 1940 1697 2016 Verum,
1759 1940 1824 2000 ff.
1880 1959 1993 2020 pro
2039 1940 2215 2015 socio,
2271 1944 2334 2000 et
2387 1939 2431 1999 l.

907 2038 1064 2099 Sunt
1088 2035 1194 2117 qui
1218 2034 1279 2094 ὄπ
1307 2032 1388 2110 id,
1424 2034 1488 2094 ff.
1551 2031 1621 2093 de
1674 2050 1739 2093 re
1750 2030 1929 2112 judic
1952 2040 2049 2091 -ία,
2085 2031 2431 2109 Excipitur,

907 2131 1026 2193 nisi
1055 2129 1260 2190 socius
1291 2129 1633 2188 conventus
1663 2126 1832 2185 circa
1856 2117 1982 2186 tale
2014 2124 2438 2200 debitum,ne-

906 2222 1083 2303 gavit
1121 2239 1256 2282 esse
1313 2220 1581 2291 socium;
1617 2217 1718 2278 hic
1747 2218 1914 2278 enim
1946 2217 1994 2278 si
2028 2217 2437 2278 convincatur

908 2314 1077 2397 quod
1097 2317 1192 2374 est
1212 2311 1439 2387 sociuS,
1475 2329 1599 2372 non
1629 2310 1864 2390 gaudet
1891 2306 1995 2371 illo
2028 2308 2429 2388 privilegiO‚l.

908 2408 985 2470 Si
1008 2426 1175 2482 unus,
1209 2404 1388 2484 §.ult
1424 2406 1485 2464 ss'.
1515 2422 1629 2484 p²o
1657 2402 1832 2478 socio,
1872 2406 1932 2464 et
1960 2402 2003 2463 l.
2042 2400 2166 2462 Sed
2190 2401 2296 2460 hoc
2325 2401 2430 2477 ita,

904 2502 959 2580 §-
1001 2500 1113 2561 ult.
1146 2500 1210 2559 ff.
1248 2496 1318 2558 de
1343 2516 1408 2557 re
1420 2496 1716 2576 judicata.
1766 2495 1924 2567 Quia
1979 2513 2127 2556 vero
2188 2494 2436 2572 privile·

905 2593 1077 2672 gium
1108 2592 1229 2651 hoc
1276 2589 1601 2668 personale
1633 2591 1747 2664 est,
1782 2606 1907 2647 non
1951 2586 2251 2665 competit
2306 2587 2436 2646 hae-

903 2684 1061 2761 redi,
1096 2683 1243 2763 quia
1275 2700 1399 2742 non
1448 2685 1742 2742 censetur
1797 2680 1937 2757 plus
1998 2679 2235 2739 haeredi
2288 2679 2436 2738 reli-

905 2781 1074 2839 ctum
1107 2793 1296 2855 quam
1328 2773 1497 2853 quod
1530 2775 1815 2833 remanet
1844 2772 2060 2832 solutis
2102 2770 2351 2847 debitis,
2386 2771 2428 2832 l.

922 2869 1156 2945 Verum,
1193 2869 1256 2928 in
1289 2867 1555 2946 princip.
1581 2868 1647 2927 ff.
1669 2884 1788 2947 pro
1814 2864 1990 2941 socio,
2023 2865 2067 2926 l.
2099 2864 2191 2923 Et
2214 2864 2269 2923 si
2290 2862 2433 2944 fide-

888 2962 1118 3043 jussor,
1179 2966 1242 3021 et
1289 2959 1333 3020 l.
1392 2959 1733 3034 Νεεεηηὴιε,
1767 2957 1830 3017 ἰιι
1876 2957 2142 3036 princip.
2177 2959 2241 3017 ff.
2273 2955 2344 3016 de
2370 2975 2436 3017 re

903 3054 1193 3134 judicata.
1227 3051 1406 3115 Unde
1452 3069 1654 3131 neque
1714 3051 1904 3111 etiam
1958 3049 2259 3128 competit
2313 3049 2434 3111 hoc

905 3145 1301 3228 privilegium
1332 3143 1680 3223 fidejussori
1714 3143 1887 3220 socii,
1913 3143 2028 3204 nisi
2058 3147 2270 3205 tamen
2299 3142 2433 3222 ipse

898 3240 1209 3322 judicium
1238 3237 1557 3316 suscipiat,
1592 3255 1714 3298 non
1745 3255 1856 3298 suo
1889 3236 2280 3313 nomine‚sed
2301 3240 2433 3297 tan-

906 3351 1096 3414 quam
1125 3331 1423 3393 defensor
1476 3329 1866 3391 necessarius
1925 3328 2287 3409 principalis
2331 3328 2435 3389 de·

903 3426 1123 3488 hitoris
1154 3429 1223 3486 ut
1250 3427 1505 3485 notatur
1559 3424 1620 3483 in
1676 3422 1842 3484 dicta
1898 3423 1940 3483 l.
2019 3423 2247 3483 Verum.
2307 3424 2434 3483 Nec

904 3519 1093 3581 etiam
1122 3516 1358 3596 gaudet
1384 3516 1587 3577 socius
1616 3516 1736 3577 hoc
1792 3516 2143 3594 privilegio,
2180 3514 2431 3595 quando

904 3613 1047 3674 dolo
1074 3612 1241 3672 malo
1272 3611 1334 3671 in
1356 3627 1547 3671 causa
1574 3609 1709 3685 fuit,
1746 3613 1817 3670 ut
1860 3628 1980 3670 non
2044 3611 2256 3687 posset
2312 3607 2435 3668 sol-

900 3724 1048 3768 vere
1078 3704 1388 3777 debitum,
1423 3706 1494 3764 ut
1520 3705 1766 3764 constat
1796 3720 1871 3762 ex
1901 3701 2068 3762 dicta
2101 3701 2146 3761 1.
2203 3700 2427 3777 Verum,

902 3799 965 3859 in
993 3797 1257 3876 princip.
1294 3800 1358 3857 et
1387 3796 1446 3856 in
1476 3796 1531 3874 §-
1548 3795 1794 3876 Tempus
1809 3802 2019 3854 autem.
2057 3795 2185 3853 Nec
2216 3793 2428 3869 etiam,

903 3891 1155 3971 quando
1187 3890 1290 3950 alii
1338 3888 1491 3950 socii
1550 3888 1657 3967 qui
1705 3892 1947 3967 petunt,
1981 3887 2436 3948 reducerentur

903 3984 981 4043 ad
1015 3983 1305 4044 eamdem
1349 3981 1808 4056 necessitatem,
1843 3980 1958 4039 nisi
2008 3978 2098 4039 eis
2128 3978 2429 4039 solvatur.

904 4078 1031 4136 Nec
1088 4075 1361 4154 denique
1419 4073 1672 4152 quando
1731 4073 1796 4133 in
1844 4075 2171 4133 contractu
2228 4072 2435 4130 socius

903 4167 1276 4246 promiserat
1304 4167 1618 4244 integram
1675 4164 2076 4240 solutionem,
2110 4163 2282 4224 nulla
2318 4181 2438 4241 ap-

903 4259 1106 4337 posita
1132 4258 1496 4337 exceptione
1520 4258 1683 4337 juris
1711 4259 1812 4319 vel
1841 4258 2010 4333 facti,
2046 4257 2236 4336 idque
2257 4256 2438 4334 jura-

901 4356 1114 4414 mento
1145 4351 1608 4423 confirmasset;
1644 4354 1712 4411 ut
1732 4368 1875 4412 cum
1904 4349 2044 4409 aliis
2073 4347 2436 4409 doctoribus

904 4444 1089 4506 docet
1122 4448 1457 4523 utrumque
1487 4443 1719 4504 Molina
1745 4443 1906 4522 disp.
1939 4444 2079 4502 413.
2116 4460 2178 4501 n.
2211 4444 2271 4502 9.

656 4557 734 4616 34
983 4537 1244 4612 Quando
1273 4553 1422 4598 vero
1445 4535 1730 4612 dicimm,
1759 4535 1997 4597 socium
2017 4553 2145 4595 non
2168 4532 2437 4611 obligari

611 4681 716 4735 Quid
745 4682 799 4724 m
902 4630 982 4692 ad
1014 4628 1382 4733 solvendum
1413 4628 1579 4688 ultra
1607 4628 1692 4704 id,
1738 4627 1906 4707 quod
1935 4631 2180 4707 potest,
2215 4644 2438 4686 sensus

584 4736 693 4798 um
708 4736 833 4778 vire·-
901 4727 1016 4799 est,
1051 4722 1216 4783 ultra
1244 4721 1308 4781 id
1333 4767 1348 4798 ,
1382 4721 1550 4801 quod
1581 4719 1910 4781 commode
1939 4721 2149 4780 facere
2177 4722 2383 4797 potest
2417 4737 2430 4779 :

901 4816 1089 4877 debet
1117 4815 1348 4895 quippe
1395 4813 1450 4874 ei
1497 4812 1766 4892 relinqui
1804 4812 1971 4891 quod
2015 4812 2437 4872 necessarium

900 4915 995 4972 est
1021 4909 1103 4970 ad
1132 4906 1644 4970 sustentationem
1670 4952 1686 4982 ,
1737 4909 1799 4965 et
1839 4908 1910 4966 ut
1949 4923 2074 4965 non
2112 4907 2334 4982 egeat,
2368 4907 2438 4965 ut

899 5005 1146 5064 constat
1174 5020 1250 5062 ex
1276 5000 1318 5061 l.
1351 4999 1426 5060 In
1471 4997 1940 5060 condemnatione
1961 5044 1976 5073 ‚
2022 4998 2085 5057 ff.
2119 4995 2190 5056 de
2218 4995 2438 5077 requlis

886 5095 1072 5177 juris,
1106 5097 1473 5155 nontamen
1526 5092 1649 5168 ita,
1700 5093 1772 5151 ut
1798 5091 1971 5151 vivat
2016 5090 2179 5150 sicut
2225 5093 2430 5165 antea,

900 5186 1153 5268 quando
1182 5187 1245 5247 in
1274 5184 1606 5265 pinguiore
1637 5184 1889 5245 fortuna
1919 5186 2074 5259 erat,
2108 5182 2219 5243 sed
2251 5185 2437 5261 prout

895 5281 1077 5342 decet
1105 5297 1250 5341 eum
1273 5325 1289 5356 ,
1325 5278 1604 5357 quicum
1652 5276 1918 5337 aliorum
1947 5275 2325 5337 detrimento
2353 5274 2437 5337 ad

889 5372 1337 5452 pauperiorum
1372 5375 1606 5432 statum
1634 5369 1825 5431 venit.
1858 5370 1937 5430 Et
1959 5368 2215 5447 quidem
2246 5366 2435 5429 debet

881 5464 1253 5545 promittere
1301 5463 1676 5525 solutionem
1722 5463 2075 5541 integram,
2127 5460 2179 5521 si
2208 5464 2430 5539 postea

2051 284 2154 344 DE
2195 282 2548 345 JUSTITIA
2592 283 2692 343 ΕΤ
2734 284 2934 345 JURE

2540 460 2620 519 ad
2650 460 2967 521 fortunam
2995 460 3319 520 meliorem
3344 460 3632 536 redierit,
3675 466 3731 523 et
3762 462 3964 528 haboen‘l

2539 552 2706 612 unde
2739 552 2870 612 sine
2901 570 2975 612 eo
3020 551 3421 613 incommodo
3452 553 3685 612 solvere
3718 557 3897 632 possit,
3919 577 3964 619 ex

2539 643 2706 704 dicta
2733 644 2774 704 l.
2813 643 3041 720 Verum,
3066 644 3121 722 ἓ.
3147 642 3225 704 Id
3239 643 3401 725 quod
3414 644 3620 704 som'us.
3639 647 3721 706 Ex
3739 666 3838 725 quo
3853 653 3966 711 textu

2538 740 2715 797 notat
2741 736 2975 797 Molina
3023 736 3127 797 ubi
3177 755 3364 816 supra
3397 756 3569 797 num.
3607 741 3695 798 11.
3726 740 3968 818 utjudiee-

2537 832 2659 903 tur,
2694 832 2998 906 quantum
3028 829 3233 890 socius
3261 829 3466 890 facere
3497 830 3708 907 possit,
3738 831 3810 890 ita
3823 838 3968 895 utnon

2539 926 2741 998 egeat,
2762 938 2884 981 non
2899 939 3034 981 esse
3053 921 3492 982 deducendum
3507 941 3592 982 aes
3605 923 3844 984 alienum
3858 928 3969 1005 quod

2538 1013 2676 1073 aliis
2704 1013 2930 1090 debet,
2980 1013 3095 1074 nisi
3126 1033 3202 1074 ex
3230 1014 3528 1076 societate
3562 1015 3660 1075 vel
3699 1017 3894 1077 ratione
3913 1040 3971 1080 so-

2538 1106 2780 1167 cietatis
2804 1106 3053 1182 debeat,
3075 1108 3186 1168 sed
3215 1108 3417 1169 solum
3438 1126 3576 1168 esse
3592 1110 3969 1189 attendendum,

2538 1203 2607 1260 ut
2633 1199 2948 1276 persoluto
2979 1199 3190 1261 debito
3239 1218 3312 1260 ex
3357 1202 3653 1263 societate
3691 1205 3971 1266 caeterisso-

2539 1292 2670 1366 ciiS,
2705 1309 2824 1352 non
2857 1297 3078 1370 egeat,
3140 1298 3270 1354 esto
3316 1299 3617 1372 gravatus
3652 1299 3974 1360 maneataliis

2538 1383 2766 1444 debitis
2800 1404 2812 1444 :
2849 1384 3017 1462 quod
3048 1385 3236 1445 ctiam
3283 1386 3524 1463 colligit
3569 1405 3642 1446 ex
3677 1388 3876 1467 muter
3898 1410 3971 1465 eor,

2538 1477 2604 1537 ff.
2637 1476 2707 1536 de
2732 1495 2797 1537 re
2807 1476 3103 1556 judicata.
3139 1478 3353 1539 Videri
3387 1483 3599 1540 autem
3626 1483 3873 1559 possetid
3894 1503 3974 1543 nun

2538 1587 2674 1629 esse
2702 1568 3142 1631 universaliter
3167 1589 3388 1630 verum
3413 1616 3428 1647 ,
3478 1571 3590 1631 sed
3628 1573 3805 1633 solum
3825 1622 3838 1649 ,
3863 1578 3974 1655 quod

2536 1679 2663 1721 non
2719 1662 3069 1723 deducatur
3124 1680 3210 1723 aes
3267 1664 3545 1724 alienum
3597 1666 3754 1743 quod
3789 1666 3977 1728 debetur

2538 1754 2673 1814 aliis
2696 1800 2711 1830 ,
2747 1772 2782 1813 a
2812 1754 3040 1834 quibus
3083 1755 3271 1815 etiam
3320 1775 3445 1817 non
3482 1759 3680 1836 possit
3719 1762 3973 1837 conveniri,

2535 1847 2656 1908 nisi
2700 1847 2760 1905 in
2811 1850 3116 1926 quantum
3161 1849 3377 1925 possit.
3427 1850 3607 1922 Quod
3636 1851 3852 1912 videtur
3883 1872 3977 1932 sup

2534 1941 2684 2021 poni
2712 1940 2773 1999 in
2803 1940 2844 2001 l.
2877 1940 3042 2000 Inter
3067 1958 3161 2000 eos
3179 1988 3194 2016 ‚
3228 1940 3294 2002 ff.
3320 1940 3390 2001 de
3418 1942 3712 2004 donation.
3741 1946 3795 2004 in
3819 1947 3977 2024 quihus

2535 2034 2598 2093 in
2626 2032 2814 2093 simili
2842 2050 2993 2094 casu
3019 2034 3255 2094 mentio
3284 2034 3359 2095 fit
3386 2034 3464 2095 de
3495 2036 3635 2096 aliis
3659 2038 3980 2097 creditoribus

2535 2125 2817 2204 ejusdem
2861 2125 3144 2186 rationis,
3192 2128 3386 2188 Secus
3429 2147 3582 2189 vero
3621 2129 3904 2189 dicendum
3923 2131 3980 2189 vi·

2535 2218 2739 2291 detur,
2772 2216 2819 2276 si
2854 2216 3118 2277 haberet
3146 2218 3270 2278 alia
3291 2219 3526 2295 debita,
3563 2221 3641 2281 ad
3672 2239 3894 2300 quorum
3915 2240 3981 2281 so·

2533 2310 2837 2372 lutionem
2867 2314 3186 2371 teneretur
3214 2312 3406 2372 etiam
3435 2314 3602 2374 ultra
3641 2314 3703 2373 id
3729 2314 3866 2393 quod
3886 2334 3980 2393 pos-

2534 2407 2659 2475 set;
2694 2407 2843 2463 tunc
2880 2403 3047 2462 enim
3086 2404 3137 2463 si
3195 2411 3450 2467 maneat
3494 2407 3792 2487 ejusmodi
3825 2408 3981 2468 debitis

2531 2499 2851 2573 gravatuS,
2886 2500 2950 2555 et
2976 2500 3244 2573 cogatur
3269 2498 3515 2559 solvere
3547 2518 3712 2560 nunc
3734 2500 3899 2575 sociis,
3922 2519 3983 2559 re·

2532 2588 2779 2648 ducitur
2805 2590 2974 2648 certe
3005 2591 3359 2651 necessario
3382 2590 3466 2650 ad
3505 2597 3734 2653 statum
3763 2596 3979 2671 utegoet,

2534 2679 2679 2759 quia
2705 2683 2922 2759 postea
2952 2685 3213 2758 cogetur
3230 2683 3474 2743 solvere
3499 2685 3642 2745 aliis
3660 2685 3983 2747 creditor-ihm

2530 2773 2792 2850 integre.
2826 2774 2961 2831 Non
2992 2790 3145 2850 ergo
3177 2774 3366 2835 debet
3395 2775 3625 2837 deduci
3656 2797 3736 2837 aes
3762 2779 3980 2850 alienum,

2532 2864 2784 2944 quando
2813 2868 2960 2925 sunt
3009 2865 3223 2927 debita
3261 2866 3550 2946 ejusdem
3593 2870 3856 2942 rationiS,
3886 2869 3985 2948 quia

2530 2976 2643 3036 per
2671 2956 2789 3017 hoc
2819 2956 2987 3035 quod
3027 2958 3230 3019 solvat
3264 2960 3450 3020 sociis
3492 2962 3697 3039 primo
3731 2963 3787 3021 in
3815 2961 3984 3040 judicio

2531 3050 2908 3129 petentibus,
2942 3068 3069 3110 non
3087 3050 3411 3112 reducitur
3431 3054 3514 3113 ad
3533 3059 3758 3116 statum
3772 3059 3984 3132 utegeat,

2532 3162 2673 3205 cum
2723 3147 2940 3222 postea
2982 3144 3119 3205 aliis
3167 3144 3590 3208 creditoribus
3638 3149 3813 3227 possit
3853 3165 3986 3225 oppo-

2531 3254 2711 3312 nere,
2748 3255 2813 3297 se
2847 3255 2971 3296 non
3014 3255 3195 3315 posse
3233 3239 3370 3317 jam
3418 3240 3684 3301 ulterius
3726 3240 3985 3312 conveniri,

2533 3331 2680 3409 quia
2728 3329 2863 3408 jam
2912 3330 3183 3390 solveret
3219 3330 3382 3391 ultra
3426 3334 3630 3411 vires,
3679 3353 3807 3414 quae
3839 3333 3987 3393 addita

2532 3423 2636 3482 illa
2664 3423 2787 3482 alia
2815 3422 3144 3496 solutione,
3168 3422 3252 3483 ita
3269 3423 3760 3487 debilitabantur
3776 3427 3986 3504 utegeat.

2534 3514 2656 3576 Sed
2685 3519 2899 3575 tamen
2929 3514 2990 3574 in
3023 3514 3085 3576 d.
3120 3515 3161 3574 l.
3197 3515 3359 3575 Inter
3386 3536 3500 3594 eos,
3538 3520 3653 3580 soli
3684 3520 3757 3594 ei,
3778 3519 3865 3597 qui
3890 3535 3988 3577 coa·
4109 3497 4110 3530 ³

2530 3607 2781 3667 venitur
2808 3626 2882 3666 ex
2923 3606 3261 3668 donatione
3305 3611 3711 3688 conceditur,
3753 3611 3888 3691 quod
3921 3608 3987 3668 de-
4109 3625 4110 3676 3

2532 3699 2761 3760 ducere
2793 3700 2988 3778 possit
3017 3718 3102 3760 aes
3133 3700 3408 3761 alienum
3434 3723 3447 3763 :
3478 3722 3678 3782 quare
3707 3722 3832 3765 cum
3853 3709 3988 3763 totum
4109 3687 4110 3738 ⁷

2533 3792 2654 3853 hoc
2684 3789 3012 3870 prov‘eniat
3045 3811 3120 3851 ex
3145 3794 3550 3856 concessione
3581 3797 3733 3874 legis
3754 3843 3769 3873 ,
3809 3814 3905 3856 non
3931 3799 3992 3851 est

2533 3885 2712 3946 facile
2770 3885 2902 3944 sine
2932 3886 3070 3962 lege
3117 3886 3585 3948 extendendum
3625 3890 3704 3950 ad
3731 3891 3892 3963 alioS,
3922 3885 3991 3964 qui

2534 3979 2735 4039 solum
2779 3996 2844 4037 se
2892 3977 3174 4056 obligant
3217 3984 3524 4059 quantum
3570 3981 3871 4043 commode
3900 3997 3992 4058 poc*

2533 4075 2700 4132 sunt.

2615 4164 2840 4238 Quinto
2872 4164 3175 4242 quaeritur
3195 4211 3210 4240 ‚
3245 4182 3323 4224 an
3357 4165 3574 4228 socius
3605 4167 3710 4247 qui
3737 4168 3854 4229 loco
3874 4163 3992 4242 capi·
4067 4171 4102 4228 ὖ

2531 4256 2675 4318 talis
2706 4274 2927 4334 operas
2955 4257 3261 4334 promisit,
3295 4259 3527 4336 possit,
3570 4260 3822 4322 durante
3847 4279 3903 4319 ea
3927 4275 3991 4317 so-
4030 4303 4066 4352 ᾗ

2535 4348 2796 4424 cietate,
2846 4347 3117 4407 similem
3145 4349 3333 4410 aliam
3364 4368 3511 4410 cum
3559 4353 3698 4413 aliis
3724 4352 3993 4412 inireffle·

2534 4441 2906 4520 spondetur,
2953 4441 3003 4501 si
3053 4460 3176 4502 non
3206 4460 3274 4504 se
3304 4443 3612 4522 obligavit
3651 4447 3725 4506 ad
3753 4444 3994 4506 abstinen-

2535 4534 2687 4594 dum
2731 4533 2809 4594 ab
2853 4534 2978 4594 alia
3030 4535 3351 4612 societate,
3413 4540 3477 4597 et
3518 4555 3636 4616 per
3677 4539 3828 4599 illam
3862 4536 3992 4594 aliam
4031 4569 4088 4607 ra

2537 4631 2753 4705 postea
2788 4627 3008 4687 Initam
3035 4626 3190 4687 nihil
3218 4629 3595 4708 praejudicat
3609 4628 3995 4710 diligentiaede·

2536 4719 2680 4780 bitae
2712 4719 2879 4779 circa
2908 4719 3177 4797 primam
3197 4768 3213 4797 ‚
3251 4721 3419 4783 licite
3449 4728 3664 4801 potest
3691 4725 3842 4785 illam
3867 4722 3992 4791 inire,

2536 4816 2598 4873 et
2626 4813 2715 4874 ita
2744 4830 2860 4872 usu
2892 4812 3191 4886 habetur3
3226 4814 3277 4873 si
3309 4818 3521 4875 autem
3556 4817 3910 4896 praejudicat,
3935 4819 3996 4872 te·

2537 4909 2721 4965 netur
2751 4905 2832 4965 ad
2872 4905 3329 4966 restituendum
3383 4909 3700 4986 prioribus
3735 4910 3891 4970 sociis
3920 4920 3994 4983 pro

2535 5002 2666 5058 toto
2698 4997 2929 5057 damno
2961 5001 3024 5058 et
3062 4996 3237 5059 lucro
3285 5006 3595 5063 cessante.
3629 5004 3695 5064 Si
3723 5009 3899 5062 autem
3919 4997 3996 5058 full

2536 5094 2790 5170 pactum
2819 5094 2888 5150 ut
2918 5109 3043 5151 non
3074 5092 3260 5152 iniret
3286 5093 3477 5153 aliam
3501 5096 3863 5169 societatem‚
3877 5090 3993 5152 atita
4105 5127 4108 5154 ι

2539 5182 2739 5260 magis
2784 5183 3111 5262 expeditus
3166 5190 3329 5246 esset
3365 5186 3446 5246 ad
3502 5189 3787 5266 primam,
3840 5181 3994 5265 pewti
4107 5231 4108 5244 ,

2538 5280 2761 5336 contra
2824 5281 3102 5353 pactum,
3165 5280 3227 5338 et
3283 5282 3535 5338 tenetur
3593 5282 3891 5342 restituere
3920 5290 3994 5352 pro
4107 5285 4108 5290 ’

2536 5368 2785 5429 damnis
2810 5369 3041 5431 secutis
3057 5416 3072 5445 ‚
3115 5375 3301 5450 atque
3335 5372 3531 5432 etiam
3559 5374 3608 5433 si
3637 5374 3782 5454 quid
3806 5372 3915 5452 plus
3933 5367 3995 5427 lu·

2531 5460 2618 5522 cri
2650 5461 2707 5521 ei
2738 5479 3108 5523 concessum
3161 5462 3368 5525 fuerat
3425 5464 3491 5525 in
3535 5468 3740 5544 prima
3768 5463 3993 5526 societate
