4263 6376
1223 334 1694 396 DISPUTATIO
1738 336 1861 410 XL,
1910 335 2184 397 SECTIO
2228 336 2276 396 Ι.

162 509 339 569 diciis
391 510 732 588 expressiS,
782 512 900 571 etc.
962 509 1110 572 facit
1155 513 1364 572 autem
1409 511 1689 590 semiple-

159 621 305 662 nam
332 603 766 682 probationem
797 622 957 664 unus
983 602 1159 664 testis
1187 605 1355 664 omni
1387 605 1693 683 exceptio-

159 713 237 754 ne
286 695 489 774 major
513 743 527 772 ,
590 697 697 777 qui
726 697 805 760 sit
834 697 1117 758 oculatus
1147 699 1209 758 et
1236 697 1473 777 juratus
1499 743 1514 773 ,
1569 715 1694 757 non

158 789 469 866 particeps
498 789 563 849 in
591 790 851 850 crimine
894 808 1007 850 nec
1036 794 1211 851 actor
1231 836 1247 865 ,
1299 790 1409 850 sed
1442 791 1693 850 omnino

160 879 486 942 distinctus
516 882 596 942 ab
626 887 1024 959 accusatore,
1058 886 1167 943 aut
1196 882 1463 942 habente
1492 883 1694 943 vicem

159 974 558 1035 accusatoris.
619 974 924 1037 Videatur
952 977 1271 1036 Navarrus
1315 975 1379 1035 in
1408 975 1690 1052 manuali,

156 1082 294 1142 cap.
329 1081 473 1127 xxv.
506 1085 678 1128 num.
713 1069 812 1128 35.
849 1071 911 1128 et
935 1085 1072 1145 cap.
1105 1067 1270 1127 Inter
1287 1066 1482 1144 verba,
1517 1086 1688 1128 uum.

155 1160 294 1218 725.
347 1161 410 1219 et
450 1160 580 1220 Sot.
616 1162 690 1221 V.
723 1158 795 1219 de
812 1160 1077 1239 justitia,
1111 1179 1216 1239 qu.
1252 1178 1337 1222 vl.
1372 1164 1488 1222 art.
1523 1164 1582 1221 2.
1634 1164 1697 1221 et

156 1250 430 1311 Thomas
477 1252 758 1314 Sanchez
812 1252 919 1313 lib.
955 1255 1057 1314 Vl.
1123 1251 1173 1315 C
1175 1253 1343 1314 onsil.
1403 1271 1541 1332 cap.
1593 1270 1688 1314 111.

157 1342 308 1404 dub.
343 1361 512 1405 xxlx.
570 1345 771 1405 'Pestis
800 1363 950 1406 vero
997 1346 1102 1424 qui
1160 1350 1255 1406 est
1289 1345 1601 1424 particeps
1629 1346 1692 1406 in

156 1436 444 1510 crimine,
472 1438 845 1517 regulariter
873 1456 1000 1499 non
1029 1442 1123 1499 est
1147 1437 1321 1498 testis
1351 1437 1688 1515 legitimuS,

155 1532 225 1590 ut
253 1533 429 1591 notat
457 1530 758 1592 Silvester
784 1549 929 1591 cum
958 1530 1093 1590 aliis
1121 1530 1312 1591 verbo
1344 1531 1499 1589 testis
1521 1577 1536 1606 ,
1583 1549 1687 1610 qu.

155 1638 199 1683 1.
234 1624 510 1702 exceptis
539 1623 919 1703 quibusdam
966 1623 1208 1685 delictis
1230 1669 1244 1698 ,
1297 1641 1435 1702 quae
1465 1623 1527 1682 in
1550 1624 1692 1701 jure

154 1716 571 1794 excipiuntur.
632 1718 729 1776 An
786 1735 935 1777 vero
979 1715 1104 1776 duo
1143 1718 1331 1776 testes
1361 1715 1693 1793 complices

154 1808 367 1870 delicti
395 1809 628 1870 faciant
643 1808 1054 1888 semiplenam
1073 1807 1531 1887 probationem,
1553 1826 1691 1887 quae

152 1900 394 1979 ‘obliget
421 1901 500 1962 ad
529 1901 1037 1981 respondendum
1061 1946 1076 1976 ‚
1110 1919 1233 1961 non
1262 1901 1448 1980 pauci
1478 1901 1694 1961 docto-

151 2012 254 2054 res
271 1994 794 2055 Salmanticenses
807 1993 1142 2073 aliquando
1160 1993 1426 2054 consulti
1441 2011 1692 2071 respon-

152 2086 385 2148 derunt
413 2087 734 2166 negative,
769 2086 938 2165 quod
967 2086 1266 2147 fundatur
1294 2086 1443 2146 satis
1471 2085 1534 2145 in
1567 2086 1688 2164 leg.

150 2180 325 2241 final.
380 2183 445 2242 C.
496 2179 567 2240 de
592 2187 843 2240 accusat.
904 2178 1010 2239 ubi
1059 2178 1214 2240 socii
1264 2177 1694 2240 testimonium

147 2273 473 2333 infirmum
502 2273 730 2335 dicitur
763 2292 776 2333 :
812 2275 908 2333 est
933 2275 1144 2334 autem
1175 2271 1293 2333 hoc
1323 2289 1695 2350 responsum

149 2369 376 2427 contra
403 2365 684 2427 Lessium
713 2383 851 2444 cap.
886 2367 1104 2426 XXIX.
1141 2364 1293 2425 dub.
1332 2381 1481 2426 xvn.
1516 2384 1689 2427 num.

151 2463 295 2521 161.
328 2459 558 2519 indicia
589 2458 778 2519 etiam
807 2458 1039 2519 debent
1067 2475 1201 2518 esse
1230 2458 1400 2534 talia,
1440 2477 1579 2538 quae
1608 2458 1694 2519 fa·

147 2553 327 2614 ciant
353 2551 762 2630 semiplenam
792 2551 1249 2632 probationem,
1281 2555 1352 2613 ut
1380 2555 1556 2612 notat
1582 2553 1697 2611 Na·

145 2665 324 2710 varr.
357 2664 496 2725 cap.
526 2645 691 2706 Inter
719 2644 894 2705 verba
919 2691 935 2722 ,
984 2644 1094 2704 ubi
1119 2663 1310 2723 supra
1340 2663 1414 2704 ex
1443 2644 1692 2705 Bartolo

144 2740 188 2800 l.
224 2740 422 2817 finali,
458 2741 519 2800 ff.
553 2738 624 2798 de
650 2736 1078 2820 quoestionibuS.

230 2836 333 2894 An
359 2851 506 2893 reus
553 2832 873 2893 convictus
914 2831 991 2891 de
1022 2850 1145 2892 uno
1191 2831 1450 2892 crimine
1498 2829 1698 2910 possit

142 2925 529 3004 interrogari
558 2925 637 2985 de
668 2925 811 3000 alio,
852 2925 929 2984 de
957 2942 1080 3003 quo
1112 2942 1236 2984 non
1263 2924 1508 2985 laborat
1534 2922 1697 2984 infa-

142 3019 303 3095 mia,
327 3019 424 3079 vel
453 3019 532 3078 de
559 3018 742 3079 sociis
767 3036 892 3078 non
921 3017 1261 3095 infamatiS,
1295 3016 1565 3080 diximus
1595 3036 1693 3078 su·

141 3131 272 3193 pra
297 3115 557 3193 agentes
583 3111 660 3171 de
679 3110 916 3191 judice.

226 3206 412 3269 Unde
441 3206 724 3279 infertur,
759 3222 1021 3284 peccare
1044 3203 1292 3285 judices
1322 3206 1429 3285 qui
1458 3205 1521 3266 in
1551 3223 1694 3266 cau-

143 3302 236 3361 sis
271 3299 493 3361 saltem
522 3299 950 3359 criminalibus
979 3344 995 3375 ,
1054 3304 1164 3360 aut
1212 3298 1501 3359 notabilis
1536 3298 1696 3360 infa-

141 3394 321 3470 miae,
366 3410 545 3451 reum
591 3391 1156 3469 comprehensum,
1217 3396 1555 3470 antequam
1583 3390 1696 3451 ha-

137 3489 350 3549 beant
376 3486 806 3566 probationem
837 3490 1054 3546 contra
1082 3485 1310 3563 ipsum,
1335 3483 1693 3564 juramento

139 3580 555 3658 adstringunt
600 3578 680 3639 ad
723 3577 1055 3639 dicendam
1082 3578 1413 3638 veritatem
1461 3578 1540 3637 de
1570 3596 1698 3638 om-

139 3675 342 3736 nibus
371 3677 435 3734 et
461 3672 720 3751 singulis
738 3672 1193 3752 pertinentibus
1220 3671 1299 3731 ad
1316 3689 1530 3732 casum
1559 3690 1695 3750 pro-

136 3774 296 3849 pter
324 3785 514 3847 quem
543 3765 1031 3844 comprehensus
1063 3769 1197 3841 est,
1259 3768 1321 3824 et
1350 3765 1699 3844 procedunt

138 3863 231 3923 ad
270 3858 785 3939 interrogandum
815 3858 891 3918 de
923 3858 1180 3933 delicto,
1215 3861 1324 3918 aut
1352 3857 1428 3917 de
1462 3857 1596 3918 aliis
1631 3858 1694 3917 in

135 3953 540 4035 particulari.
601 3952 689 4013 ita
718 3954 1032 4012 Navarrus
1076 3969 1214 4029 cap.
1248 3967 1420 4012 xvul.
1456 3969 1562 4015 nu.
1591 3954 1690 4012 41.

137 4067 294 4127 cap.
329 4063 475 4108 xxv.
507 4064 613 4106 nu.
648 4048 746 4106 36.
782 4048 845 4106 et
872 4062 1010 4123 cap.
1043 4043 1205 4103 Inter
1233 4042 1427 4120 verba,
1462 4062 1523 4104 n.
1552 4047 1690 4104 747.

136 4142 339 4217 dicit,
391 4139 554 4199 hanc
584 4137 1017 4198 crudelitatem
1046 4136 1126 4196 ab
1158 4136 1327 4196 omni
1356 4136 1697 4197 christiana

135 4234 463 4297 charitate
483 4232 752 4293 alienam
772 4250 787 4304 ;
821 4230 940 4291 hoc
962 4229 1149 4290 etiam
1173 4230 1477 4308 procedit,
1499 4249 1698 4309 quan-

134 4330 230 4389 do
266 4326 507 4405 absque
525 4324 886 4406 juramento
916 4323 1342 4401 interrogant,
1377 4322 1698 4402 exquisitis

131 4421 269 4482 viis
298 4424 364 4480 et
391 4417 649 4480 cautelis
677 4416 909 4477 utendo
937 4462 952 4492 ‚
1004 4415 1188 4475 minis
1215 4462 1230 4491 ,
1263 4416 1607 4476 terroribus
1637 4420 1697 4477 et

132 4516 617 4577 tormentorum
647 4508 1002 4570 ostensione
1047 4507 1348 4568 miserum
1378 4509 1697 4568 hommem

131 4607 483 4670 turbantes
512 4609 575 4665 et
600 4603 990 4681 implicantes
1015 4647 1030 4677 ‚
1080 4605 1149 4662 ut
1177 4601 1426 4662 sibimet
1453 4604 1700 4662 contra-

131 4704 363 4775 dicat,
397 4699 493 4758 vcl
538 4698 813 4776 aliquam
856 4694 1390 4756 circumstantiam
1437 4695 1693 4770 revelet,

130 4812 279 4875 qua
321 4791 581 4854 tandem
623 4789 1030 4850 convincatur
1074 4790 1136 4847 et
1163 4787 1475 4864 puniatur.
1507 4787 1702 4848 Addit

127 4894 370 4951 tamen
397 4884 564 4944 idem
595 4886 910 4943 Nax-artus
940 4879 1027 4940 ibi
1057 4899 1162 4939 nu.
1196 4882 1334 4941 750.
1368 4885 1430 4941 ct
1458 4900 1519 4941 n.
1554 4884 1692 4942 762.

127 4980 401 5042 licitum
453 4995 587 5038 esse
642 4994 824 5036 usum
869 4974 1178 5035 bonorum
1219 4971 1540 5051 judicum,
1592 4973 1700 5052 qui

129 5090 336 5137 reum
365 5068 887 5149 comprehensum
918 5064 1191 5125 suaviter
1220 5069 1283 5126 et
1310 5064 1441 5125 sine
1463 5070 1698 5126 terrore

127 5167 371 5231 statim
400 5164 788 5241 interrogent
816 5160 947 5220 sinc
961 5158 1343 5239 juramento,
1359 5163 1430 5220 ut
1447 5177 1697 5237 respon-

127 5263 304 5323 deat
393 5254 773 5318 accusationi
855 5253 952 5313 vel
1021 5251 1406 5330 inquisitioni
1483 5255 1699 5311 contra

123 5357 389 5435 ipsum,
423 5351 583 5412 sicut
612 5349 794 5410 decet
819 5345 1137 5407 hominem
1167 5344 1577 5404 christianum
1605 5363 1698 5405 re·

122 5445 491 5528 spondere.
554 5445 763 5504 Potest
802 5440 968 5502 enim
1009 5458 1152 5500 reus
1199 5438 1363 5499 licite
1396 5437 1458 5497 in
1486 5438 1698 5498 multis

459 5540 636 5603 frou.
670 5536 801 5600 Vll.

3211 341 3328 400 ’169

1792 511 2040 572 casibus
2067 511 2397 572 veritatem
2425 512 2603 573 fateri
2641 532 2654 572 :
2689 530 2749 574 v.
2770 529 2833 592 g.
2869 530 3012 574 cum
3041 511 3157 575 scit
3184 531 3330 593 pro-

1791 601 2066 663 bandam
2096 603 2351 665 omnino
2393 603 2528 683 ipso
2570 610 2875 684 negante,
2937 610 3123 686 atque
3168 605 3327 667 adeo

1790 695 1984 773 ipsius
2015 697 2415 774 negationem
2444 697 2577 757 fore
2617 698 2937 772 inutilem,
2997 699 3115 760 nisi
3169 700 3329 760 forte

1794 789 1873 848 ad
1922 789 2282 867 augendam
2327 808 2603 868 poenam.
2663 794 2877 854 Potest
2921 792 3109 853 etiam
3163 792 3329 853 licite

1790 881 1918 960 peti
1968 882 2047 942 ab
2088 900 2164 942 eo
2212 885 2359 943 tunc
2400 882 2832 962 juramentum
2879 885 2941 945 in
2972 904 3204 964 genere
3234 886 3330 945 di-

1792 974 1976 1036 cendi
2017 974 2347 1036 veritatem
2402 979 2619 1054 postea
2647 977 2712 1036 in
2757 996 3052 1057 processu
3095 997 3323 1045 causae.

1792 1083 1914 1127 non
1948 1065 2392 1145 interrogando
2416 1071 2562 1128 tunc
2584 1069 2817 1149 aliquid
2848 1071 2910 1129 in
2942 1070 3324 1148 particulari,

1790 1160 1861 1219 ut
1889 1162 2061 1220 notat
2103 1177 2248 1219 cum
2278 1159 2414 1219 aliis
2445 1161 2726 1222 Sanchez
2757 1162 2923 1225 dicto
2953 1163 3094 1226 libr.
3130 1166 3233 1226 Vl.
3268 1181 3323 1224 c.

1791 1268 1880 1312 111.
1914 1251 2062 1312 dub.
2095 1269 2308 1314 xxxxv.

1871 1345 2202 1406 Dubitatur
2231 1345 2433 1424 primo
2455 1395 2470 1422 ,
2530 1366 2610 1406 an
2639 1349 2708 1408 ut
2736 1366 2878 1407 reus
2909 1348 3220 1427 obligetur
3246 1348 3326 1409 ad

1790 1436 2335 1514 respondendum,
2387 1437 2616 1500 debeat
2658 1441 2830 1519 prius
2872 1442 3203 1502 certificari
3247 1443 3325 1503 de

1792 1529 2160 1607 probatione
2191 1536 2409 1593 contra
2433 1532 2661 1610 ipsum,
2702 1534 2966 1594 ostensis
2997 1535 3053 1594 ei
3081 1534 3327 1595 indiciis

1789 1621 1854 1680 in
1884 1640 2201 1700 processu,
2236 1624 2333 1683 vel
2362 1624 2483 1685 alio
2515 1625 2725 1686 modo.
2782 1627 3217 1705 Respondetur
3242 1628 3328 1687 al'-

1790 1713 2138 1790 firmative,
2173 1715 2261 1777 ita
2288 1717 2621 1794 CaJ'etanus
2649 1717 2712 1777 in
2742 1718 3034 1797 praesenti
3067 1739 3127 1800 q.
3163 1737 3323 1784 LXIX.

1791 1813 1909 1868 art.
1950 1811 2000 1868 1.
2036 1811 2099 1868 et
2125 1812 2183 1869 2.
2220 1809 2369 1871 Soto
2400 1808 2469 1869 de
2495 1808 2724 1889 siyillo,
2758 1828 2819 1871 n.
2853 1814 2911 1872 6.
2948 1831 3009 1892 q.
3045 1829 3151 1873 vn.
3188 1832 3332 1874 con·

1792 1900 1944 1960 clus,
1979 1902 2036 1960 3.
2072 1903 2136 1960 et
2164 1903 2237 1962 V.
2271 1899 2342 1961 de
2356 1902 2612 1982 justitia,
2648 1923 2708 1982 q.
2732 1920 2817 1966 vl.
2855 1909 2971 1965 art.
3005 1909 3064 1967 2.
3099 1911 3240 1985 post
3265 1911 3326 1968 5.

1792 1993 2274 2055 conclusionem.
2310 1996 2572 2056 Navarr.
2601 1996 2664 2056 in
2693 1997 2976 2074 manuali,
3012 2017 3149 2078 cap.
3182 2017 3326 2062 xxv.

1793 2105 1899 2145 nu.
1931 2088 2031 2146 43.
2083 2089 2147 2147 et
2175 2086 2278 2146 alii
2309 2088 2759 2165 communiter,
2808 2090 2956 2169 quia
2985 2090 3136 2150 dum
3164 2092 3332 2154 bona

1790 2178 1914 2239 fide
1943 2178 2222 2257 possidet
2248 2180 2551 2241 honorem
2584 2185 2645 2242 et
2672 2182 2839 2243 bona
2863 2229 2878 2260 ,
2930 2203 3056 2245 non
3085 2189 3333 2246 tenetur

1792 2271 1911 2332 illis
1939 2291 2005 2332 se
2034 2272 2342 2351 spoliare,
2402 2273 2604 2335 donec
2650 2275 2738 2335 illi
2784 2280 3031 2338 constet
3073 2278 3151 2338 de
3188 2277 3332 2357 jure

1793 2384 1915 2445 quo
1947 2366 2343 2444 compellitur
2386 2366 2700 2429 dimittere
2746 2368 2851 2429 illa
2893 2369 3059 2430 bona
3085 2417 3101 2448 ,
3162 2370 3331 2450 quod

1793 2458 1961 2519 idem
1990 2458 2328 2520 dicendum
2357 2465 2452 2521 est
2491 2460 2568 2520 de
2612 2465 2803 2538 teste,
2864 2462 3015 2523 dum
3063 2464 3231 2523 enim
3274 2463 3330 2523 ei

1793 2569 1917 2611 non
1973 2556 2216 2613 constat
2258 2551 2538 2633 judicem
2582 2553 2852 2634 juridice
2914 2556 3326 2636 interrogare,

1794 2662 1918 2704 non
1946 2648 2195 2706 tenetur
2236 2644 2318 2704 ad
2364 2645 2749 2725 interrogata
2776 2648 3155 2726 respondere
3185 2666 3331 2727 pro-

1791 2742 1932 2817 pter
1961 2738 2250 2798 eamdem
2280 2739 2587 2800 rationem
2616 2757 2759 2801 cum
2788 2742 3192 2819 proportione
3221 2760 3329 2821 ap·

1790 2831 2107 2911 plicatam.

1873 2924 2074 3001 Dices,
2099 2924 2163 2984 in
2186 2923 2375 2987 dubio
2397 2942 2647 3006 semper
2659 2925 3014 3008 parendum
3037 2931 3130 2990 est
3146 2945 3326 3007 supe-

1792 3017 1964 3095 riori,
1995 3017 2101 3077 ubi
2131 3017 2462 3080 manifeste
2491 3025 2820 3098 peccatum
2868 3039 2993 3082 non
3024 3025 3322 3102 apparet;

1794 3129 1943 3191 ergo
1985 3111 2158 3172 testis
2205 3112 2355 3173 dum
2387 3112 2633 3175 dubitat
2681 3131 2759 3174 an
2805 3114 2995 3195 judex
3023 3115 3323 3195 legitime,

1791 3206 1893 3268 vel
1932 3204 2203 3285 juridice
2251 3207 2633 3287 interroget,
2674 3212 2924 3269 tenetur
2965 3209 3221 3270 obedire
3268 3213 3332 3271 ct

1794 3298 2175 3377 respondere
2206 3298 2385 3377 juxta
2414 3318 2488 3359 ea
2518 3299 2595 3359 de
2628 3300 2853 3380 quibus
2882 3301 3321 3381 interrogatur.

1792 3392 1940 3452 Ideo
1971 3392 2352 3452 contrariam
2381 3393 2757 3453 sententiam
2788 3399 3006 3455 tenent
3023 3395 3324 3459 Paludan.

1794 3485 2112 3560 Silvester,
2149 3490 2212 3545 et
2240 3485 2613 3561 AntoninuS,
2663 3487 2828 3565 apud
2882 3486 3165 3549 Sanchez
3212 3488 3322 3549 lib.

1794 3581 1895 3639 VI.
1935 3577 2156 3640 Consz'l.
2191 3597 2329 3657 cap.
2366 3598 2483 3640 ιιι.
2519 3579 2668 3640 dub.
2713 3600 2889 3642 xxxi.
2924 3585 2986 3643 et
3015 3581 3117 3641 alii
3147 3580 3324 3642 multi

1794 3689 1950 3750 quos
1970 3672 2150 3732 affert
2177 3671 2375 3731 Diana
2403 3673 2506 3732 111.
2542 3676 2703 3750 part.
2738 3680 2913 3734 tract.
2949 3692 3008 3735 v.
3043 3673 3329 3734 miscella-

1792 3783 1919 3824 nea.
1951 3764 2207 3824 resolut.
2257 3767 2356 3824 91.
2406 3768 2468 3825 et
2510 3766 2640 3826 106.
2677 3765 2920 3826 omissis
2948 3766 3136 3827 variis
3165 3766 3327 3827 solu-

1794 3856 2088 3931 tionibus,
2151 3873 2291 3935 quae
2335 3855 2535 3915 videri
2592 3862 2855 3934 possunt
2895 3858 3062 3936 apud
3106 3860 3325 3930 Sotum

1793 3949 1863 4010 de
1888 3956 2101 4010 secreto
2129 3949 2362 4010 memb.
2396 3950 2497 4010 111.
2533 3967 2637 4028 qu.
2674 3966 2758 4011 ιι.
2787 3952 3019 4012 Suarez
3041 3955 3191 4013 tom.
3218 3954 3321 4015 IV.

1794 4043 1864 4104 de
1890 4043 2189 4122 reliqzone,
2234 4045 2417 4104 tract.
2465 4061 2524 4104 x.
2576 4043 2683 4104 lib.
2718 4060 2803 4104 ιν.
2839 4061 2977 4125 cap.
3009 4064 3111 4106 xv.
3148 4063 3185 4104 a
3215 4064 3320 4107 nu.

1795 4140 1890 4197 17.
1929 4135 2104 4198 Salas
2135 4137 2181 4195 Ι.
2218 4138 2366 4196 tom.
2402 4136 2465 4195 in
2498 4138 2553 4197 1.
2586 4139 2645 4197 2.
2682 4139 2862 4199 tract.
2897 4156 3054 4199 v111.
3089 4138 3320 4218 disput.

1794 4229 1977 4291 unica
2001 4275 2017 4306 ,
2053 4233 2204 4290 sect.
2239 4245 2392 4290 xv11.
2430 4230 2869 4308 Respondetur
2896 4231 3190 4306 breviter,
3226 4232 3325 4292 vel

1796 4341 2149 4385 sermonem
2180 4340 2314 4383 esse
2344 4321 2421 4382 de
2450 4321 2640 4383 dubio
2690 4341 2811 4403 quo
2860 4323 3204 4398 dubitatur,
3246 4343 3327 4384 an

1795 4435 1893 4477 res
1923 4419 2236 4495 praecepta
2266 4415 2345 4475 sit
2372 4414 2562 4492 licita,
2578 4416 2678 4476 vel
2708 4415 2785 4476 de
2817 4416 3008 4477 dubio
3037 4437 3119 4478 an
3146 4436 3328 4497 supe-

1794 4508 1923 4569 rior
1948 4508 2181 4569 hahcat
2221 4510 2592 4587 potestatem
2635 4504 3039 4587 praecipiendi
3075 4530 3088 4570 :
3124 4510 3170 4569 si
3203 4528 3328 4571 ser·

1794 4619 1898 4662 mo
1929 4602 2009 4661 sit
2037 4602 2113 4660 de
2145 4601 2339 4680 priori
2381 4599 2594 4676 dubio,
2640 4606 2933 4662 manente
2979 4602 3083 4661 illo
3133 4602 3325 4662 dubio

1797 4713 1921 4755 non
1949 4697 2156 4773 potest
2185 4694 2471 4754 subditus
2502 4693 2778 4769 obedire,
2814 4697 2884 4754 ut
2912 4694 3071 4754 bene
3101 4694 3329 4773 probat

1797 4789 2083 4866 vasquez
2112 4789 2159 4847 I.
2193 4791 2347 4848 tom.
2394 4787 2455 4845 in
2488 4789 2543 4846 1.
2579 4789 2637 4846 2.
2674 4786 2835 4864 disp.
2868 4802 3030 4849 uvi.
3065 4806 3202 4868 cap.
3238 4803 3321 4849 lx,

1795 4880 2169 4958 regulariter
2211 4882 2421 4940 tamen
2464 4878 2714 4958 quando
2744 4878 3005 4939 dubium
3036 4883 3130 4941 est
3155 4899 3327 4940 mere

1797 4972 2159 5051 negativum
2181 5018 2197 5048 ,
2248 4971 2366 5031 hoc
2422 4974 2555 5046 est,
2590 4971 2737 5050 quia
2766 4971 3052 5033 subditus
3082 4972 3330 5051 ignorat

1798 5066 1997 5146 qualis
2025 5066 2104 5126 sit
2129 5084 2230 5125 res
2259 5066 2596 5144 praecepta,
2631 5064 2821 5125 debet
2847 5069 3102 5143 propter
3118 5070 3329 5127 aucto·

1795 5160 2044 5220 ritatem
2071 5157 2410 5237 superioris
2440 5156 2753 5236 deponere
2783 5156 3069 5234 dubium,
3103 5163 3166 5219 et
3192 5177 3330 5219 cre-

1798 5252 1947 5312 dere
1978 5269 2112 5311 esse
2141 5250 2410 5324 licitam;
2442 5252 2511 5310 ut
2541 5249 2725 5310 docet
2751 5252 2983 5312 Suarez
3014 5250 3120 5310 ubi
3138 5269 3328 5329 supra

1798 5363 1971 5405 num.
2021 5347 2119 5405 20.
2168 5344 2231 5403 in
2287 5342 2576 5422 praesenti
2617 5347 2827 5404 autem
2872 5362 3020 5404 casu
3066 5343 3330 5404 dubium

1799 5441 1890 5498 est
1919 5437 1997 5497 de
2026 5440 2333 5516 potestate
2358 5434 2629 5516 judicis3
2677 5438 2739 5496 et
2765 5436 2907 5498 ideo
2936 5436 3001 5497 in
3031 5437 3151 5499 hoc
3179 5454 3326 5497 casu

2931 5532 3010 5593 49
