4263 6376
587 1015 689 1072 16¹

497 1142 680 1194 Angume
712 1146 749 1181 u

483 1206 572 1249 que
593 1206 663 1248 pro

508 1261 631 1303 posse
656 1253 751 1288 tunc

553 1302 708 1342 finctus

532 1354 719 1399 retincti.

683 1154 706 1181 Β
753 1174 764 1190 0

667 1194 778 1246 bant,

832 281 948 340 228

832 455 1080 518 interim
1109 456 1345 517 fructus
1374 455 1550 516 fundi
1577 454 1655 514 ad
1704 472 1894 515 onera
1939 456 2356 528 matrimonii;

825 548 960 628 jam
990 568 1140 627 ergo
1190 548 1416 626 accipit
1442 567 1638 627 gener
1666 565 1779 626 pro
1808 549 2174 609 remissione
2205 548 2363 609 obli-

831 643 1105 719 gationis
1134 641 1488 720 praeteritae,
1539 659 1648 699 seu
1679 658 1793 717 pro
1825 641 2237 717 permissione
2268 640 2363 700 di-

831 731 1080 795 lationis
1135 733 1582 812 obligationem
1614 749 1840 791 novam
1871 734 2069 792 soceri
2106 733 2188 792 ad
2232 734 2363 792 fru-

832 832 967 887 ctus
1023 826 1200 886 fundi
1256 825 1713 899 concedend08‚
1762 841 1902 902 quae
1954 830 2118 886 esset
2170 843 2363 885 usura

831 919 1106 997 palliata.

883 1014 971 1071 Re
989 1017 1193 1072 tamen
1215 1011 1350 1089 ipsa
1362 1029 1486 1071 non
1503 1011 1749 1073 videtur
1760 1030 1972 1074 carere
1988 1010 2363 1070 fundamen-

831 1110 914 1180 to,
950 1104 1117 1183 quod
1148 1104 1338 1164 etiam
1357 1103 1419 1162 in
1451 1104 1570 1165 hoc
1585 1105 1861 1166 secundo
1892 1122 2062 1178 casu,
2085 1107 2148 1163 et
2167 1120 2361 1182 quan-

829 1198 908 1259 do
952 1198 1065 1258 dos
1099 1197 1408 1275 promissa
1464 1196 1669 1258 fuerat
1714 1198 1923 1259 statim
1953 1195 2275 1270 solvenda,
2309 1194 2360 1254 si

825 1294 1042 1369 postea
1098 1290 1282 1349 detur
1332 1290 1559 1368 pignus
1609 1291 1999 1352 fructiferum
2059 1288 2361 1367 quamdiu

822 1401 948 1443 non
994 1382 1273 1458 solvitur,
1314 1382 1552 1461 possint
1603 1381 1738 1462 ejus
1783 1383 2020 1444 fructus
2059 1400 2098 1441 a
2124 1399 2358 1459 genero

823 1477 1060 1555 absque
1083 1493 1274 1536 usura
1303 1474 1562 1553 percipi.
1601 1475 1778 1548 Quod
1810 1475 2104 1535 videntur
2131 1491 2359 1551 suppo-

821 1586 970 1627 nere
1001 1568 1128 1644 alii‚
1165 1567 1273 1647 qui
1303 1566 1471 1626 hunc
1501 1586 1716 1628 casum
1746 1568 1824 1627 de
1873 1568 2135 1646 pignore
2165 1566 2361 1626 dotali

822 1662 884 1720 in
913 1661 1275 1720 universum
1305 1665 1665 1738 proponunt
1693 1660 1929 1739 absque
1960 1658 2357 1720 distinctione

821 1771 858 1812 a
887 1754 1064 1814 nobis
1109 1752 1454 1830 praemissa,
1490 1756 1552 1813 et
1597 1755 1963 1830 supponunt
1989 1752 2052 1810 in
2107 1751 2358 1811 univer-

819 1864 993 1922 sum,
1071 1845 1204 1924 ejus
1270 1844 1550 1924 pignoris
1620 1845 1860 1905 fructus
1915 1862 2039 1903 non
2124 1843 2355 1902 debere

819 1939 883 1997 in
937 1945 1171 1999 sortem
1216 1936 1591 2014 computari.
1651 1938 1729 1997 Et
1763 1938 1824 1996 in
1868 1936 2230 2015 particulari
2289 1935 2356 1994 id

820 2030 1166 2094 concedere
1196 2030 1446 2091 videtur
1476 2029 1830 2089 Felicianus
1864 2029 2100 2089 doctus
2123 2028 2356 2107 jurista

819 2142 891 2201 11,
924 2124 992 2185 de
1019 2122 1274 2184 censibus
1301 2122 1489 2201 capit.
1530 2140 1589 2183 v.
1610 2122 1718 2182 ubi
1748 2121 1837 2182 ait
1851 2138 2353 2199 generumposse

821 2236 1068 2277 sumere
1116 2216 1256 2275 illos
1303 2215 1540 2274 fructus
1583 2232 1695 2291 pro
1751 2214 2130 2292 obligatione
2161 2231 2353 2292 quam

819 2310 1083 2388 suscipit
1135 2307 1344 2369 alendi
1382 2324 1672 2383 uxorem,
1708 2325 1898 2385 quam
1942 2325 2015 2366 eo
2068 2311 2351 2385 tempore

822 2405 988 2464 alere
1018 2421 1141 2463 non
1183 2400 1536 2475 tenebatur,
1580 2398 1726 2459 dote
1772 2418 1895 2459 non
1952 2399 2177 2475 soluta,
2212 2418 2352 2477 quae

821 2495 1122 2573 obligatio
1154 2493 1351 2554 civilis
1378 2492 1580 2570 pretio
1611 2491 1997 2551 aestimabilis
2027 2497 2140 2566 est,
2175 2491 2352 2571 cujus

821 2587 1195 2649 sententiam
1236 2585 1431 2645 refert
1480 2589 1543 2643 et
1597 2601 1720 2643 non
1773 2584 1935 2643 bene
1990 2583 2347 2661 impugnat,

820 2682 1163 2743 Turrianus
1211 2679 1378 2738 dicto
1421 2676 1550 2736 dub
1592 2693 1679 2737 lv.
1714 2694 1886 2736 num.
1921 2679 2015 2736 18.
2052 2676 2226 2735 Idem
2264 2677 2351 2735 vi-

820 2775 1049 2835 dentur
1081 2788 1422 2850 susponere
1453 2771 1742 2830 Sotusvl.
1776 2766 1845 2827 de
1856 2767 2098 2848 justitia
2126 2773 2346 2847 quaest.

820 2884 863 2928 1.
900 2870 1014 2927 art.
1053 2870 1112 2926 2.
1145 2864 1226 2925 ad
1256 2862 1566 2937 ultimum,
1603 2879 1789 2939 quem
1820 2866 2166 2938 sequuntur
2202 2864 2351 2921 Ara-

820 2978 966 3037 gon.
994 2959 1242 3035 etVega
1267 2954 1435 3033 apud
1466 2954 1641 3015 Salas
1662 2971 1835 3013 num.
1867 2954 1925 3014 6.
1950 2952 2186 3028 dicenS,
2207 2952 2348 3013 ideo

819 3068 1124 3131 generum
1168 3066 1349 3128 posse
1401 3046 1639 3107 fructus
1693 3063 1817 3105 non
1872 3050 2237 3124 computare
2285 3045 2348 3105 in

821 3146 1077 3219 sortem,
1109 3141 1256 3220 quia
1311 3158 1454 3200 cum
1511 3137 1686 3200 salva
1738 3137 1905 3214 dote,
1939 3141 2229 3199 teneatur
2267 3137 2347 3197 nd

820 3254 1014 3297 onera
1042 3233 1443 3308 matrimonii,
1478 3232 1878 3309 praesumitur
1897 3231 1973 3290 ex
2002 3231 2148 3292 dote
2180 3249 2349 3310 emp·

817 3335 996 3391 turus
1025 3326 1258 3406 aliquid
1288 3326 1452 3386 unde
1484 3326 1654 3384 salva
1671 3324 1818 3384 dote
1835 3342 2093 3385 uxorem
2113 3325 2343 3385 aleret:

821 3441 961 3503 quae
998 3422 1180 3494 ratio,
1214 3424 1282 3479 ut
1324 3423 1568 3479 constat
1612 3435 1791 3495 {eque
1829 3417 2115 3496 procedit
2159 3418 2347 3478 etiam

820 3517 1072 3600 quando
1102 3514 1329 3593 pignus
1361 3510 1546 3571 datur
1561 3509 1924 3588 postdotem
1945 3510 2342 3588 promissam,

820 3619 883 3675 et
910 3630 1034 3672 non
1064 3607 1329 3668 solutam
1359 3609 1642 3680 tempore
1670 3607 2043 3682 praestituto.

900 3702 1080 3766 Ratio
1111 3715 1258 3759 vero
1289 3716 1364 3757 ex
1395 3696 1575 3756 dictis
1602 3714 1738 3755 esse
1767 3700 1973 3773 potest
2001 3695 2148 3774 quia
2179 3695 2347 3754 idem

816 3798 1033 3862 titulus
1063 3793 1312 3854 videtur
1340 3789 1528 3849 etiam
1558 3788 1620 3847 in
1652 3787 1772 3848 hoc
1802 3806 1949 3848 casu
1982 3787 2084 3865 qui
2118 3793 2255 3848 erat
2283 3789 2345 3848 in

817 3885 1194 3971 praecedenti
1251 3881 1331 3942 ad
1377 3880 1811 3960 percipiendos
1860 3880 2034 3939 fundi
2082 3880 2341 3956 fructuS,

818 3981 1066 4063 quando
1098 3980 1159 4038 in
1190 3979 1323 4055 ipso
1366 3978 1688 4036 contractu
1734 3973 1924 4033 dotali
1956 3973 2187 4033 fundus
2233 3992 2345 4052 pro

815 4077 1077 4154 pignore
1125 4071 1307 4131 datus
1359 4069 1582 4142 fuerat,
1625 4084 1852 4143 nempe
1896 4084 2088 4125 onera
2127 4065 2348 4126 matri-

814 4166 1009 4229 monii
1039 4182 1179 4244 quae
1209 4181 1283 4222 ex
1312 4161 1473 4221 dotis
1501 4158 1805 4219 fructibus
1825 4176 2020 4235 gener
2039 4158 2346 4219 sustinere

817 4261 1020 4334 debet,
1057 4263 1119 4318 et
1144 4256 1225 4317 ad
1256 4271 1394 4333 quoe
1433 4270 1626 4314 onera
1654 4253 1893 4311 fructus
1924 4250 2086 4311 dotis
2114 4251 2172 4310 ei
2201 4270 2347 4329 pro-

813 4353 988 4414 missi
1016 4354 1179 4412 sunt.
1241 4347 1337 4408 Ad
1369 4345 1538 4424 quod
1570 4343 1872 4422 applicari
1900 4347 2108 4421 potest
2136 4360 2347 4401 exem-

813 4448 984 4526 plum
1030 4460 1219 4521 supra
1263 4439 1605 4499 adductum
1653 4435 1922 4496 haeredis
1978 4434 2235 4512 obligati
2267 4454 2343 4495 ex

810 4540 1184 4601 testamento
1255 4532 1333 4593 ad
1393 4530 1683 4590 alimenta
1746 4531 1926 4588 Petro
1983 4527 2194 4586 danda
2228 4544 2242 4590 ε
2293 4526 2343 4586 si

812 4630 978 4690 enim
1007 4629 1208 4688 haercs
1237 4622 1561 4703 promittat
1592 4624 1774 4681 Petro
1806 4638 2085 4695 censum,
2109 4620 2207 4680 vel
2241 4637 2343 4697 pe-

810 4723 1061 4785 cuniam
1088 4719 1168 4779 ad
1205 4715 1540 4778 emendum
1588 4731 1866 4788 censum,
1918 4712 2097 4792 cujus
2125 4712 2341 4773 rediti-

809 4816 927 4878 bus
955 4813 1057 4875 alii
1104 4810 1317 4891 possit,
1370 4826 1512 4868 cum
1555 4805 1933 4884 obligatione
1977 4805 2344 4865 restituendi

808 4913 950 4989 post
976 4911 1242 4967 mortem
1274 4902 1477 4963 eidem
1508 4903 1692 4960 Petro
1750 4916 2007 4958 censum
2057 4898 2157 4957 vel
2206 4896 2341 4976 ejus

805 5002 1107 5074 valorem,
1143 5003 1205 5057 et
1232 4999 1451 5074 postea
1481 4992 1604 5051 hae1
1617 5009 1682 5051 es
1711 4990 1959 5050 differat
1986 4989 2137 5050 dare
2169 4989 2340 5049 illam

805 5092 1136 5173 pecuniam
1167 5092 1448 5165 tempore
1477 5084 1753 5163 praefixo‚
1788 5087 1851 5142 et
1878 5083 1987 5144 det
2013 5085 2196 5143 Petro
2227 5100 2340 5160 pro

804 5188 1062 5266 pignore
1092 5181 1357 5244 fundum
1399 5179 1579 5256 cujus
1624 5176 1928 5236 fructibus
1969 5174 2194 5250 alatur,
2228 5176 2342 5236 do-

805 5299 919 5339 nec
948 5278 1002 5337 ei
1055 5273 1388 5354 pecuniam
1443 5271 1550 5330 det
1588 5268 1671 5329 ad
1717 5268 2053 5328 emendum
2102 5268 2340 5328 dictum

801 5389 1078 5445 censum,
1131 5386 1255 5426 non
1285 5365 1533 5424 videtur
1576 5361 1839 5422 dubium
1897 5360 2066 5441 quod
2117 5363 2340 5422 Petrus

799 5463 995 5545 possit
1021 5463 1261 5522 fructus
1290 5457 1469 5517 fundi
1495 5455 1803 5533 accipere,
1825 5472 1949 5512 non
1975 5458 2339 5530 computan-

1985 279 2087 338 DE
2128 279 2480 340 JUSTITIA
2525 279 2625 339 ET
2666 280 2863 341 JURE

2461 456 2543 516 do
2576 474 2682 517 eos
2711 456 2773 516 in
2804 460 3037 517 sortem
3084 455 3368 534 pecuniae
3412 455 3640 517 dandae
3671 456 3756 516 ad
3785 475 3992 517 emen-

2462 548 2613 609 dum
2666 567 2945 609 censum.
3015 548 3171 621 Quia
3226 548 3463 609 fructus
3518 550 3608 609 illi
3667 568 3795 609 non
3846 549 3993 608 dan·

2459 646 2561 701 tur
2612 660 2726 720 pro
2782 645 2998 702 mutuo
3024 688 3039 716 ,
3102 642 3199 701 vel
3231 660 3343 719 pro
3400 642 3704 702 dilatione
3747 641 3993 701 solutio-

2461 734 2556 793 nis
2602 734 2986 810 sustinenda‚
3038 734 3147 793 sed
3194 752 3307 813 pro
3376 734 3692 794 alimentis
3740 733 3993 811 singulis

2459 826 2638 886 annis
2665 826 2913 903 debitis,
2960 827 3043 888 ad
3072 845 3214 905 quae
3259 827 3559 887 alimenta
3609 826 3830 886 danda
3866 829 3996 884 erat

2458 919 2744 998 pecunia,
2765 924 2833 980 ut
2852 939 2925 979 ex
2945 919 3248 980 fructibus
3263 936 3483 979 census
3504 918 3764 978 emendi
3787 921 3997 977 Petrus

2458 1012 2749 1072 aleretur.
2802 1012 2973 1073 Idem
3023 1018 3233 1072 autem
3272 1011 3521 1072 videtur
3569 1030 3711 1071 esse
3757 1011 3822 1070 in
3852 1029 3995 1069 casu

2461 1110 2695 1181 nostru,
2730 1123 2872 1166 cum
2903 1105 3014 1164 dos
3060 1105 3366 1183 promissa
3413 1105 3605 1165 fuerit
3633 1104 3716 1163 ad
3766 1103 3885 1163 boc
3928 1108 3998 1163 ut

2461 1198 2660 1258 haeres
2690 1216 2897 1257 emere
2936 1203 3144 1275 posset
3188 1217 3289 1259 res
3331 1197 3712 1272 fructiferas,
3747 1215 3826 1256 ex
3853 1215 3996 1275 qua-

2457 1309 2599 1350 rum
2629 1290 2929 1351 fructibus
2958 1289 3218 1368 singulis
3246 1291 3426 1350 annis
3456 1289 3659 1350 aleret
3686 1308 3943 1349 uxorem
3976 1309 3992 1349 :

2457 1383 2695 1444 fructus
2769 1386 2979 1443 autem
3035 1383 3312 1462 pignoris
3404 1383 3839 1461 subrogentur
3885 1399 3996 1460 pro

2457 1475 2749 1536 dilatione
2780 1475 3129 1551 solutionis,
3178 1476 3289 1535 sed
3318 1475 3399 1535 ad
3429 1476 3739 1537 alimenta
3760 1476 3992 1551 uxoris,

2459 1568 2538 1627 ad
2570 1586 2708 1646 quae
2752 1567 3068 1629 debebant
3096 1567 3234 1627 dari
3262 1586 3362 1627 res
3390 1568 3739 1629 fructiferae
3770 1568 3871 1627 vel
3891 1586 3995 1646 pe-

2459 1660 2641 1720 cunia
2671 1660 2897 1739 quibus
2925 1664 3302 1736 emerentur,
3333 1665 3403 1721 ut
3444 1679 3666 1721 earum
3695 1661 3996 1721 fructibus

2456 1751 2751 1814 alimenta
2795 1754 2968 1813 uxori
2998 1771 3034 1812 a
3062 1752 3195 1813 viro
3228 1752 3366 1813 dari
3409 1757 3703 1832 possent;
3760 1771 3882 1813 non
3909 1752 3998 1812 vi·

2456 1844 2640 1905 detur
2663 1863 2812 1923 ergo
2861 1862 2995 1905 esse
3026 1864 3236 1921 usura,
3287 1846 3339 1905 si
3387 1846 3630 1907 fructus
3659 1846 3752 1906 illi
3802 1845 3992 1925 perci-

2451 1936 2703 2015 piantur
2730 1956 2769 1996 a
2795 1957 3050 2016 genero,
3089 1956 3215 1999 non
3246 1945 3504 2017 propter
3533 1938 3803 1998 dilatam
3835 1938 3995 1998 solu-

2453 2030 2688 2089 tionem
2730 2029 2915 2104 dotis,
2948 2029 3060 2089 sed
3087 2029 3175 2090 uti
3207 2030 3531 2108 subrogati
3561 2030 3700 2090 loco
3734 2030 3995 2089 alimen·

2449 2125 2658 2181 torum
2685 2138 3037 2182 annnorum
3065 2120 3146 2181 ad
3172 2140 3313 2200 quae
3333 2140 3514 2182 socer
3541 2122 3697 2183 dare
3720 2122 3998 2184 debebat

2449 2213 2614 2274 bona
2640 2213 2979 2289 fructifera,
3014 2214 3112 2274 vel
3157 2216 3489 2291 pecuniam
3521 2234 3649 2294 qua
3703 2234 3998 2276 emeren-

2452 2311 2576 2381 tur,
2611 2311 2680 2367 ut
2705 2324 2780 2364 ex
2807 2306 3115 2367 fructibus
3144 2325 3303 2366 uxor
3330 2308 3416 2368 ali
3444 2313 3678 2385 posset.

2532 2398 2709 2459 Unde
2756 2399 2835 2458 ad
2889 2403 3263 2477 argumenta
3314 2399 3562 2460 Molinae
3618 2400 3999 2479 responderi

2452 2494 2681 2568 posset.
2718 2491 2812 2551 Ad
2842 2492 3115 2570 primum
3144 2492 3433 2569 negando
3462 2492 3703 2554 fructus
3720 2493 3864 2553 illos
3892 2512 4000 2554 ac-

2452 2584 2576 2661 cipi
2603 2602 2716 2661 pro
2749 2583 3043 2644 dilatione
3073 2584 3397 2644 solutionis
3426 2584 3619 2660 dotis,
3653 2590 3724 2646 ut
3750 2585 4001 2646 dictum

2450 2681 2565 2736 est.
2616 2675 2710 2736 Ad
2743 2676 3088 2736 secundum
3119 2677 3331 2755 negari
3362 2684 3572 2755 posset
3597 2696 3995 2758 consequen-

2449 2769 2566 2841 tia;
2602 2768 2749 2846 quia
2785 2769 2986 2829 soluta
3015 2769 3208 2829 semel
3237 2769 3404 2845 dote,
3426 2770 3691 2831 extincta
3707 2778 3805 2832 est
3832 2772 4003 2832 obli·

2449 2862 2619 2939 gatio
2663 2861 2861 2921 soceri
2908 2861 2988 2920 ad
3032 2861 3306 2922 dandam
3336 2880 3570 2940 genero
3610 2882 3744 2923 rem
3773 2864 4001 2926 fructi-

2449 2954 2648 3014 feram
2676 2971 2788 3030 pro
2819 2954 3129 3014 alimentis
3156 2956 3396 3031 uxoriS,
3444 2963 3507 3017 et
3545 2957 3887 3034 pecuniam
3932 2959 4002 3018 il-

2448 3046 2575 3107 lam
2622 3046 2849 3125 accipit
2894 3052 3112 3124 postea
3158 3052 3374 3108 mutuo
3424 3048 3503 3107 ab
3548 3048 3681 3127 ipso
3721 3068 3995 3127 genero,

2445 3139 2606 3200 sicut
2634 3139 2978 3218 quamlibet
3019 3140 3205 3201 aliam
3253 3140 3386 3200 sine
3434 3140 3554 3202 alio
3584 3147 3885 3221 respectu
3919 3143 3997 3204 ad

2450 3232 2745 3293 alimenta
2789 3231 2888 3291 vel
2944 3250 3136 3292 onera
3192 3233 3575 3294 matrimonii
3607 3254 3622 3293 :
3680 3236 3997 3313 quamdin

2446 3343 2595 3385 vero
2625 3323 2738 3385 dos
2777 3343 2901 3385 non
2928 3329 3024 3385 est
3050 3326 3281 3401 soluta,
3314 3325 3563 3388 videtur
3588 3345 3848 3388 manere
3882 3329 4000 3390 ad-

2447 3416 2571 3477 huc
2597 3418 2770 3497 prior
2796 3417 3090 3496 obligatio
3122 3418 3313 3478 dandi
3338 3437 3472 3478 rem
3491 3419 3887 3480 fructiferam
3917 3421 3994 3481 ad

2448 3509 2776 3586 alimenta,
2808 3510 2907 3570 vel
2938 3510 3319 3588 subrogandi
3366 3511 3521 3571 alios
3545 3512 3783 3573 finctus
3804 3560 3822 3588 ‚
3858 3515 3994 3594 qui-

2446 3601 2564 3661 bus
2587 3620 2782 3680 gener
2809 3606 3022 3680 posset
3048 3620 3307 3663 uxorem
3330 3603 3520 3679 alere,
3553 3608 3614 3665 et
3639 3622 3838 3665 onera
3858 3626 3993 3667 ma·

2446 3693 2721 3754 trimonii
2754 3693 3080 3754 sustinere.

2526 3786 2751 3846 Adhuc
2794 3791 3005 3846 tamon
3047 3805 3087 3847 a
3125 3789 3433 3850 sententia
3477 3789 3668 3868 priori
3702 3790 3985 3868 Molinae,

2448 3885 2510 3939 et
2549 3879 2814 3939 aliorum
2856 3897 2982 3938 non
3019 3880 3269 3940 videtur
3308 3881 3490 3941 facile
3530 3882 3985 3958 recedendum,

2448 3971 2557 4031 sed
2588 3970 2923 4030 dic-endum
2972 3990 3095 4032 non
3138 3991 3320 4050 posse
3366 3973 3427 4032 in
3465 3974 3762 4053 praedicto
3809 3995 3984 4052 casn,

2446 4082 2743 4123 concessa
2772 4063 3067 4124 dilatione
3095 4065 3423 4126 solutionis
3454 4066 3707 4142 debitae,
3743 4067 3990 4129 fructus

2445 4156 2725 4236 pignoris
2755 4156 2947 4216 oblati
2978 4157 3234 4217 retineri
3274 4177 3313 4218 a
3355 4177 3588 4237 genero
3637 4160 3809 4220 ultra
3864 4180 3993 4222 sor-

2442 4255 2594 4310 tem.
2628 4249 2808 4309 Ratio
2836 4253 3047 4309 autem
3075 4255 3188 4325 est,
3215 4251 3364 4330 quia
3389 4252 3550 4312 sicut
3577 4252 3786 4313 soluta
3813 4254 3986 4330 dote,

2446 4341 2828 4419 extinguitur
2851 4345 3052 4403 totum
3082 4344 3281 4402 soceri
3311 4343 3593 4405 debitum
3638 4345 3838 4406 dandi
3888 4365 3991 4425 ge·

2443 4453 2592 4494 nero
2651 4451 2787 4492 rem
2834 4434 3219 4495 fructiferam
3265 4441 3521 4515 propter
3568 4444 3829 4516 pactum
3878 4440 3990 4500 do-

2442 4527 2599 4601 tale,
2643 4545 2766 4605 quo
2814 4526 2919 4588 tali
2970 4528 3235 4604 pecunia
3261 4534 3395 4590 tota
3422 4530 3527 4590 illa
3555 4530 3862 4609 obligatio
3891 4551 3988 4592 re-

2444 4619 2697 4696 dempta
2724 4618 2872 4690 fuit;
2905 4618 2993 4679 sic
3022 4618 3210 4680 etiam
3238 4622 3544 4699 promissa
3572 4626 3846 4700 pecunia
3873 4642 3985 4704 pro

2444 4712 2587 4773 dote
2612 4757 2627 4787 ,
2661 4711 2722 4771 in
2752 4710 2904 4770 illud
2943 4711 3222 4772 debitum
3259 4716 3688 4792 pecuniarium
3713 4733 3987 4778 conver-

2443 4822 2620 4879 sum,
2672 4808 2734 4864 et
2783 4808 3235 4864 commutatum
3294 4812 3389 4866 est
3448 4812 3649 4868 totum
3694 4808 3984 4871 debitum

2443 4896 2637 4955 dandi
2663 4913 2896 4973 genero
2938 4914 3071 4956 rem
3112 4897 3499 4960 fructiferam
3549 4900 3630 4959 ad
3682 4901 3983 4964 alimenta

2442 4988 2672 5049 uxoris.
2738 4988 2800 5048 Si
2849 5006 2998 5066 ergo
3038 5006 3217 5049 socer
3245 4992 3576 5069 pecuniam
3605 4995 3983 5072 promissam

2442 5099 2566 5142 non
2621 5080 2823 5141 solvat
2871 5079 3082 5140 debito
3131 5088 3446 5160 tempore,
3500 5085 3793 5164 peccabit
3846 5088 3983 5167 qui-

2441 5175 2623 5245 dem;
2674 5191 2797 5232 non
2826 5177 3035 5233 tamen
3068 5178 3286 5234 contra
3333 5175 3614 5237 debitum
3652 5177 3852 5239 dandi
3879 5198 3981 5258 ge·

2441 5284 2589 5326 nero
2618 5283 2754 5324 rem
2796 5266 3221 5342 fructiferam,
3256 5268 3403 5346 quia
3447 5268 3575 5347 jam
3618 5270 3775 5331 illud
3805 5272 3979 5334 debi-

2436 5364 2569 5421 tum
2599 5361 3054 5419 commutatum
3082 5358 3200 5420 fuit
3237 5361 3302 5420 in
3342 5361 3548 5438 aliud,
3600 5364 3710 5423 sed
3759 5371 3977 5427 contra

2438 5450 2785 5512 secundum
2811 5450 3093 5511 debitum
3135 5470 3211 5512 ex
3260 5455 3673 5531 promissione
3713 5476 3975 5522 onerosa

4062 3934 4110 4082 ΗΞ
4108 3835 4111 3845 μ
