4263 6376
1178 372 1648 433 DISPUTATIO
1693 370 1966 446 xxxvl,
2018 371 2292 433 SECTIO
2337 372 2494 434 wll.

263 552 523 626 sumptus
553 547 787 619 facere;
823 565 1024 625 neque
1056 547 1244 608 etiam
1274 548 1604 627 episcopus
1633 566 1772 625 pos-

264 642 339 701 sel
366 640 536 700 facile
565 639 683 699 hoc
727 640 1106 701 examinare.
1168 643 1258 701 Ita
1303 641 1490 702 sentit
1531 644 1771 702 Castro-

265 734 371 813 pal.
404 738 462 795 to
521 735 597 794 11.
633 732 800 793 dicto
856 738 1035 793 tract.
1069 750 1181 793 ΧΠ.
1219 740 1432 813 punct.
1469 738 1529 795 9.
1567 753 1670 793 nu.
1705 740 1764 795 9.

263 829 418 887 Hanc
445 831 652 885 tamen
685 826 1162 905 explicationem
1207 827 1306 887 alii
1362 828 1585 887 merito
1633 826 1770 907 reji-

262 919 434 993 ciunt,
483 923 545 978 vt
571 918 803 979 Urban.
843 920 1000 981 VIII.
1025 918 1086 977 in
1134 919 1306 979 bulla
1335 937 1631 980 concessa
1658 938 1770 999 pro

262 1012 473 1072 ducatu
500 1010 968 1087 Mediolanensi,
1004 1013 1182 1089 eujus
1199 1013 1390 1072 verba
1423 1014 1607 1073 affert
1633 1013 1771 1073 Dia-

263 1123 330 1165 na
355 1109 499 1164 tom.
533 1105 634 1164 lv.
669 1107 849 1164 tract.
884 1119 929 1164 1.
963 1102 1033 1163 de
1059 1103 1298 1164 immun.
1353 1123 1474 1165 res.
1513 1109 1606 1165 li.
1661 1124 1766 1164 ex-

260 1216 450 1276 presse
478 1198 660 1257 affert
689 1213 803 1275 pro
834 1197 1074 1257 ratione
1105 1197 1567 1273 eoncessioniS,
1602 1197 1772 1277 quod

261 1292 570 1352 facultates
599 1290 1122 1351 communitatum
1162 1297 1225 1351 et
1254 1290 1576 1351 homiuum
1610 1290 1770 1350 illius

260 1388 438 1445 status
466 1383 546 1442 ad
579 1400 718 1442 eam
749 1401 1085 1460 expensam
1117 1402 1238 1443 non
1270 1384 1631 1443 sufficerent
1662 1403 1674 1444 ε
1710 1387 1773 1444 et

259 1476 516 1555 alioquin
565 1476 695 1535 iere
723 1494 973 1554 semper
1008 1476 1271 1554 cogendi
1304 1482 1510 1537 essent
1536 1476 1766 1551 elerici,

257 1570 389 1649 quia
438 1569 569 1628 fere
626 1586 946 1647 nunquam
991 1588 1066 1627 ex
1110 1569 1414 1629 reditibus
1472 1575 1532 1628 et
1587 1568 1770 1629 bonis

258 1662 678 1724 communibus
725 1661 871 1721 solis
902 1666 1106 1739 potest
1150 1662 1246 1721 his
1300 1662 1771 1723 necessitatibus

257 1755 563 1816 subveniri
612 1773 626 1813 ε
673 1759 821 1816 tunc
852 1755 1019 1814 enim
1049 1774 1164 1814 nee
1194 1755 1333 1815 laici
1365 1756 1667 1816 deberent
1697 1775 1770 1814 ex

255 1848 367 1908 suis
394 1848 573 1907 honis
605 1847 864 1925 privatis
893 1848 1307 1908 contribuere.
1344 1849 1519 1910 Unde
1551 1849 1771 1909 melius

256 1944 469 2003 Suarez
498 1940 570 2001 de
596 1941 882 2001 ammonit.
916 1942 1021 2001 lib.
1057 1944 1158 2002 lV.
1192 1960 1329 2020 cap.
1365 1959 1533 2003 xxvl.
1585 1961 1771 2021 quem

253 2034 342 2093 alii
363 2038 712 2111 sequuntur
754 2033 920 2113 apud
954 2033 1216 2093 Dianam
1248 2034 1349 2093 ubi
1380 2054 1589 2114 supra,
1625 2035 1774 2096 dicit

255 2145 316 2186 ea
344 2126 530 2186 verba
566 2126 968 2203 intelligenda
997 2146 1131 2187 esse
1154 2128 1493 2203 moraliter,
1523 2128 1774 2187 neusin-

252 2220 415 2298 gulos
441 2237 626 2298 posse
657 2219 788 2277 sine
818 2236 1046 2295 magno
1078 2219 1441 2297 gravamine
1472 2220 1598 2280 suis
1626 2221 1772 2280 solis

253 2312 594 2389 sumptibus
619 2311 740 2371 tale
771 2329 926 2388 opus
955 2313 1255 2389 perficere
1307 2332 1320 2372 ε
1382 2314 1548 2391 quod
1580 2312 1773 2391 aliqui

253 2404 330 2464 ita
357 2403 699 2481 explicant,
761 2408 828 2464 ut
855 2403 993 2463 laici
1027 2403 1327 2465 solvendo
1357 2406 1666 2482 gabellum
1701 2406 1772 2464 il-

250 2498 360 2556 lam
406 2497 540 2555 sine
588 2496 958 2557 clericorum
1007 2498 1237 2556 auxilio
1285 2504 1661 2575 cogerentur
1705 2518 1770 2558 se

252 2590 329 2649 eis
373 2589 659 2668 privare,
717 2608 856 2668 quae
905 2591 1242 2668 quotannis
1291 2592 1641 2650 necessaria
1683 2592 1772 2652 eis

248 2689 380 2745 sunt
403 2684 484 2743 ad
515 2683 858 2742 vivendum
898 2683 1243 2743 secundum
1273 2685 1769 2746 convenientiam

247 2777 332 2836 sui
358 2780 580 2837 status,
616 2775 792 2849 Quod
824 2794 939 2853 ego
971 2777 1056 2837 ita
1086 2776 1385 2855 intellige,
1409 2783 1475 2837 ut
1505 2796 1626 2837 non
1650 2778 1773 2837 suf-

247 2868 422 2944 ficiat,
457 2869 510 2927 si
541 2868 604 2927 in
636 2867 808 2928 laicis
835 2869 1232 2947 reperiantur
1273 2870 1464 2947 aliqui
1505 2870 1592 2929 ita
1620 2869 1772 2928 divi-

247 2966 349 3038 teS‚
385 2967 453 3022 ut
481 2979 705 3021 eorum
754 2961 1040 3039 expensis
1083 2960 1146 3020 id
1190 2967 1402 3039 posset
1429 2961 1561 3021 fieri
1589 3009 1603 3038 ,
1662 2962 1770 3021 sed

247 3053 720 3115 considerandae
774 3058 918 3113 sunt
969 3053 1133 3113 vires
1208 3072 1426 3113 eorum
1483 3056 1769 3114 omnium

244 3147 537 3208 laicorum
566 3194 581 3223 ,
635 3146 860 3226 quibus
892 3147 1213 3244 momlitei·
1241 3147 1543 3209 tributum
1569 3148 1770 3225 impo-

246 3241 514 3301 nendum
545 3244 730 3315 esset,
782 3259 859 3299 an
892 3241 1017 3300 sint
1045 3241 1200 3301 tales
1238 3241 1655 3301 communiter
1683 3241 1770 3301 lo-

245 3335 482 3413 quendo
516 3380 532 3409 ,
568 3338 637 3393 ut
664 3333 796 3392 sine
828 3351 1057 3412 magno
1089 3333 1462 3394 detrimento
1493 3353 1778 3394 commu-

245 3427 445 3487 nitatis
494 3427 561 3486 in
591 3426 960 3486 necessariis
1002 3426 1083 3486 ad
1120 3431 1352 3487 statum
1384 3427 1775 3504 singulorum

245 3525 492 3597 possent
521 3519 905 3579 sufficienter
931 3520 1351 3580 contribuere.

315 3613 521 3672 Infero
554 3611 851 3686 secunde,
887 3612 1037 3691 quid
1067 3612 1541 3689 intelligendum
1564 3612 1643 3673 sit
1663 3631 1775 3675 no-

242 3703 400 3764 mine
429 3704 608 3778 cleri,
643 3704 892 3783 quando
911 3704 1145 3782 petitur
1165 3703 1474 3782 judicium
1497 3705 1771 3783 episcopi

241 3802 297 3857 et
323 3797 495 3856 cleri.
533 3796 743 3876 Aliqui
783 3797 1139 3875 intelligunt
1183 3796 1385 3857 solum
1431 3797 1773 3876 capitulum

239 3891 516 3951 ecclesiae
548 3889 949 3950 cathedralis.
1002 3892 1096 3951 Ila
1141 3892 1372 3951 Suarez
1410 3891 1472 3951 d.
1509 3909 1562 3951 c.
1598 3908 1768 3953 xxvi.

239 4000 295 4043 n.
333 3987 429 4043 16.
465 3989 533 4044 et
564 3985 778 4043 Castro
809 3984 999 4044 Palae
1048 3983 1154 4042 ubi
1206 4002 1396 4061 supra
1435 3990 1646 4061 punct.
1684 4001 1766 4045 1x.

234 4095 334 4135 nu.
366 4080 427 4136 8.
465 4075 576 4154 qui
604 4075 765 4135 bene
804 4075 1107 4151 advertit,
1151 4093 1276 4135 non
1308 4077 1594 4136 sufficere
1623 4096 1773 4138 eon-

232 4186 483 4228 sensum
517 4167 795 4245 episcopi
825 4167 957 4226 sine
988 4186 1297 4228 consensu
1329 4169 1497 4229 cleri.
1533 4170 1653 4230 Alii
1684 4175 1770 4230 ta-

233 4280 368 4320 men
400 4261 630 4320 melius
659 4259 875 4320 dicunt
898 4307 913 4335 ,
965 4262 1413 4340 requirendum
1460 4281 1593 4323 esse
1624 4281 1773 4323 con-

232 4372 484 4414 sensum
515 4353 804 4426 aliorum,
840 4353 927 4413 ita
955 4358 1024 4414 ut
1054 4359 1358 4415 vocentur
1385 4355 1574 4415 etiam
1605 4356 1771 4435 capi·

230 4448 356 4507 tula
382 4446 674 4524 ejusdem
705 4447 875 4506 urbis
906 4446 958 4506 si
987 4447 1131 4522 sint,
1167 4452 1230 4509 et
1255 4448 1474 4508 vicarii
1503 4449 1765 4510 foranei.

231 4541 315 4600 lta
343 4540 654 4616 Barbosa,
689 4540 981 4615 BelletuS,
1015 4541 1314 4618 MegalaS,
1349 4541 1688 4618 Benacina,
1710 4546 1774 4602 et

229 4632 615 4706 MarchinuS,
648 4650 805 4710 quos
835 4634 1018 4694 affert
1064 4638 1126 4694 et
1168 4633 1451 4712 sequitur
1476 4634 1675 4694 Diana
1702 4633 1764 4694 d.

229 4725 414 4785 resol.
454 4728 555 4784 11.
592 4728 654 4785 et
681 4724 767 4784 ita
796 4725 1198 4786 observatum
1228 4726 1417 4785 fuisse
1433 4725 1769 4787 Mediolani

229 4815 289 4876 in
319 4818 444 4878 hoo
473 4835 627 4877 casu
656 4863 671 4892 ,
723 4821 785 4877 et
814 4818 1092 4878 decisum
1125 4837 1160 4877 a
1188 4836 1369 4878 sacra
1400 4820 1557 4878 Rota
1585 4823 1771 4879 testa·

232 4914 330 4970 tur
373 4910 551 4970 idem
598 4909 958 4970 Marchinus
986 4909 1238 4991 depe-ste
1273 4928 1334 4988 p.
1369 4912 1470 4970 lv.
1507 4929 1644 4990 cap.
1678 4927 1762 4972 xl.

229 5003 328 5062 ubi
361 5005 554 5063 affert
577 5003 768 5062 verba
799 5003 1152 5064 decisionis,

304 5097 517 5156 Insere
547 5096 731 5156 tertio
756 5142 771 5171 ,
805 5096 953 5157 licet
980 5096 1126 5156 olim
1155 5097 1470 5157 sufficeret
1499 5115 1767 5157 eonsen-

224 5207 328 5248 sus
355 5188 645 5267 episcopi
673 5192 736 5248 et
763 5187 942 5264 cleri,
975 5208 1142 5249 nunc
1163 5188 1299 5267 jam
1329 5208 1452 5248 non
1481 5191 1767 5250 sufficere

151 5322 172 5332 -
219 5282 350 5341 sine
381 5300 700 5342 consensu
727 5282 957 5342 summi
985 5282 1303 5343 Pontificis
1324 5328 1339 5358 ,
1376 5282 1482 5360 qui
1513 5289 1769 5362 propter

219 5374 586 5454 aliquorum
618 5373 1102 5453 imprudentiam
1127 5421 1142 5451 ,
1192 5374 1311 5434 hoc
1340 5374 1454 5435 sibi
1485 5394 1764 5435 reserva-

220 5467 328 5543 vit,
363 5470 436 5527 ut
466 5470 715 5527 constat
743 5486 813 5526 ex
853 5467 1020 5528 dicto
1051 5465 1532 5546 cap.!Adoersus,
1565 5467 1634 5528 de
1665 5467 1766 5527 im·

221 5559 431 5620 munic.
469 5557 703 5620 EccleS.
738 5562 835 5621 An
887 5578 1033 5621 vero
1084 5560 1415 5640 episcopus
1462 5566 1524 5623 et
1563 5562 1765 5622 clerus

3290 374 3407 433 649

1872 546 2097 622 valide,
2130 548 2278 610 licet
2327 548 2538 609 illicite
2581 548 3010 624 consentiant,
3056 548 3405 608 inconsulto

1871 659 2116 701 summo
2149 641 2444 703 Pontifice
2465 686 2480 717 ,
2535 643 2765 701 Suarez
2798 641 2905 701 ubi
2949 659 3139 719 supra
3169 658 3225 701 c.
3257 656 3400 700 xxv.

1873 753 1976 794 nu.
2014 738 2107 795 17.
2143 733 2455 794 Benacina
2495 734 2553 793 in
2585 733 2805 795 bullam
2826 733 3041 809 Coenoe,
3075 733 3236 812 disp.
3270 734 3315 792 l.
3339 752 3399 812 q.

1869 844 1996 887 xix.
2033 831 2245 905 punct.
2281 843 2375 887 111.
2421 828 2477 905 ἓ.
2512 831 2572 888 3.
2619 847 2724 888 nu.
2758 831 2820 889 6.
2853 832 2916 888 et
2943 829 3127 887 Azor.
3162 830 3314 887 tom.
3350 830 3400 888 I.

1871 919 1977 980 lib.
2012 938 2073 981 v.
2108 938 2247 999 cap.
2295 936 2431 980 xm.
2494 925 2716 999 quaest.
2777 924 2836 982 8.
2898 919 3148 994 dieunt,
3199 919 3405 979 valide

1871 1014 2220 1073 consentire
2254 1030 2267 1075 :
2305 1012 2454 1091 quia
2482 1013 2543 1072 in
2575 1012 2739 1074 dicto
2769 1010 3246 1092 cap.Adversus,
3267 1010 3407 1071 nul-

1867 1107 2000 1166 lum
2030 1105 2367 1184 apponitur
2395 1106 2659 1166 verbum
2702 1106 2954 1167 irritans
2977 1151 2992 1182 ‚
3045 1104 3154 1164 sed
3203 1104 3404 1164 solum

1870 1205 2277 1277 praeceptum.
2313 1198 2432 1258 Alii
2460 1202 2672 1259 tamen
2723 1197 2971 1258 irritum
3000 1216 3135 1257 esse
3163 1197 3399 1269 volunt,

1870 1291 2123 1370 quando
2157 1291 2439 1350 Pontifex
2483 1290 2721 1350 consuli
2769 1294 2994 1368 potest.
3041 1292 3134 1349 Ita
3162 1291 3405 1351 Castro-

1871 1384 2050 1463 palao
2083 1403 2145 1444 n.
2180 1389 2238 1443 7.
2275 1389 2336 1444 et
2364 1384 2722 1444 Marchinus
2758 1384 2869 1443 ubi
2904 1402 3091 1461 supra
3133 1401 3270 1461 cap.
3304 1398 3400 1444 111.

1870 1496 1974 1537 nu.
2013 1480 2109 1537 14.
2145 1495 2301 1555 quos
2331 1476 2611 1555 sequitur
2651 1477 2847 1536 Diana
2889 1475 3057 1536 dicta
3082 1474 3265 1536 resol.
3302 1478 3397 1535 ss.

1871 1572 2017 1650 quia
2048 1569 2256 1629 clerici
2296 1569 2561 1647 obligari
2617 1587 2741 1628 non
2797 1573 3061 1647 possunt
3108 1566 3405 1629 Pontifice

1868 1667 2193 1723 renuente.
2226 1665 2505 1741 Utraque
2548 1662 2856 1722 sententia
2904 1660 3244 1740 probabilis
3287 1664 3400 1721 est.

1871 1756 2006 1815 Dixi
2036 1759 2246 1816 autem
2272 1800 2287 1829 ,
2334 1753 2565 1834 quando
2594 1754 2876 1834 Pontifex
2903 1753 3127 1814 consuli
3166 1762 3353 1834 potest
3385 1773 3399 1814 :

1872 1848 2123 1927 quando
2152 1847 2316 1906 enim
2348 1846 2481 1926 ejus
2511 1865 2868 1923 consensuS,
2904 1846 3271 1908 necessitate
3301 1864 3407 1905 ur-

1870 1944 2077 2019 gente,
2109 1958 2233 2000 non
2264 1941 2470 2018 potest
2497 1939 2834 2017 expectari,
2869 1938 3267 2000 consentiunt
3293 1938 3407 1997 do-

1872 2039 2074 2094 ctores
2093 2079 2108 2108 ,
2161 2050 2342 2111 posse
2388 2032 2576 2092 etiam
2605 2030 2771 2091 licite
2800 2032 3162 2111 episcopum
3193 2035 3256 2093 et
3281 2031 3406 2091 cle-

1872 2145 2008 2187 rum
2029 2125 2402 2185 consentire.
2424 2124 2715 2185 Advertit
2734 2130 2945 2185 tamen
2962 2124 3123 2185 bene
3145 2126 3399 2199 Suarez,

1872 2223 1934 2280 et
1962 2218 2061 2278 alii
2094 2237 2237 2278 cum
2268 2218 2423 2296 ipse,
2457 2235 2641 2296 posse
2672 2217 2734 2276 id
2763 2217 3102 2296 aliquando
3120 2215 3274 2287 fieri,
3299 2234 3406 2276 ur-

1870 2320 2055 2391 gente
2081 2311 2451 2372 necessitate
2482 2310 2563 2368 ad
2592 2310 3021 2370 inchoandum
3050 2309 3353 2370 tributum
3387 2327 3400 2369 :

1872 2397 2102 2465 debere
2129 2409 2341 2464 tamen
2389 2403 2514 2481 peti
2562 2421 2936 2464 consensum
2979 2402 3295 2464 Pontificis
3325 2401 3405 2461 ad

1869 2498 2022 2558 illud
2052 2496 2567 2572 continuandum,
2601 2514 2745 2556 cum
2771 2496 2854 2557 ad
2875 2495 3406 2557 continuationem

1871 2590 2086 2652 haberi
2119 2589 2335 2669 possit.

1885 2706 1892 2711 ·
1951 2687 2097 2744 Haeo
2126 2683 2292 2743 dicta
2340 2687 2486 2743 sunt
2525 2682 2602 2742 de
2650 2681 2898 2743 tributis
2943 2681 3025 2742 ad
3072 2681 3402 2742 utilitatem

1869 2793 2267 2839 communem
2303 2795 2317 2834 ι
2351 2793 2515 2835 nunc
2546 2775 2882 2835 dicendum
2912 2779 3006 2836 est
3038 2773 3116 2833 de
3145 2773 3248 2834 illo
3278 2772 3403 2834 alio

1867 2888 2098 2949 genere
2128 2868 2603 2929 contributionis
2632 2868 2713 2927 ad
2742 2887 2837 2943 ea,
2861 2887 3001 2947 quae
3018 2869 3405 2927 concernunt

1870 3074 2110 3130 corum,
2147 3060 2209 3115 ct
2239 3073 2360 3114 non
2390 3054 2590 3114 solum
2621 3057 3100 3132 consequenter,
3118 3056 3188 3113 ut
3212 3071 3405 3131 quan-

1876 3148 1955 3209 do
1987 3147 2513 3209 contribuendum
2560 3150 2655 3208 est
2700 3146 2777 3206 ad
2827 3145 3238 3208 avertendum
3281 3146 3403 3206 ssu-

1876 3241 2044 3301 vium
2076 3240 2172 3319 cuj
2185 3260 2253 3299 us
2282 3241 2550 3318 impetus
2578 3239 2784 3318 perdit
2818 3258 3002 3317 agros
3049 3258 3173 3300 non
3202 3238 3407 3298 solum

1872 3334 2197 3408 laicorum,
2236 3334 2347 3394 sed
2376 3333 2771 3409 elericorum,
2790 3333 2898 3412 qui
2925 3333 2989 3392 iu
3009 3332 3214 3394 littore
3237 3335 3402 3406 sunt,

1873 3426 1935 3486 in
1968 3445 2091 3504 quo
2122 3445 2269 3486 casu
2301 3426 2573 3487 dubitari
2604 3430 2832 3505 potest,
2867 3445 2948 3485 an
2981 3424 3222 3486 eaedem
3251 3443 3406 3486 con-

1875 3518 2141 3579 ditiones
2168 3518 2589 3597 requirantur,
2616 3535 2840 3596 nempe
2857 3535 3195 3579 consensus
3224 3521 3287 3578 et
3313 3517 3407 3577 fa-

1874 3611 2073 3672 cultas
2100 3611 2329 3671 summi
2385 3611 2724 3687 pontificis,
2786 3614 2848 3672 et
2896 3610 3066 3690 quod
3101 3611 3406 3672 laicorum

1873 3705 2200 3766 facultates
2255 3722 2380 3764 non
2435 3704 2770 3765 sufficiant.
2833 3703 3011 3764 Ratio
3077 3703 3407 3763 dubitandi

1873 3799 2070 3860 oritur
2098 3816 2171 3858 ex
2203 3795 2374 3874 praxi
2412 3817 2424 3857 :
2460 3815 2606 3856 nam
2634 3797 2694 3855 in
2726 3796 2801 3856 iis
2824 3797 3014 3857 etiam
3034 3796 3282 3857 casibus
3312 3816 3404 3856 re-

1872 3891 2144 3952 curritur
2170 3890 2250 3950 ad
2280 3907 2594 3950 summum
2628 3890 3027 3965 Pontificem,
3084 3895 3152 3950 ut
3187 3889 3405 3951 civitas

1873 3983 2231 4046 Florentina
2263 3983 2444 4061 petiit
2471 4001 2510 4042 a
2537 3982 2855 4044 Clemente
2876 3985 3033 4044 VIII.
3070 4000 3182 4061 pro
3213 3983 3405 4061 repri-

1872 4076 2102 4137 mendo
2134 4074 2390 4135 flumine
2420 4078 2590 4135 Arno
2616 4121 2630 4148 ,
2683 4076 2782 4135 cui
2814 4075 3005 4134 vieini
3046 4079 3224 4135 erant
3271 4075 3405 4152 agri

1873 4169 2242 4230 clericorum
2273 4174 2336 4230 et
2363 4167 2666 4228 laicorum
2690 4213 2705 4242 ,
2748 4172 2810 4229 et
2838 4167 3059 4229 civitas
3082 4167 3407 4228 Panormi-

1873 4265 2016 4323 tana
2046 4262 2125 4321 ab
2158 4261 2407 4322 Urbano
2438 4262 2593 4320 Vlll.
2630 4278 2743 4338 pro
2792 4259 3076 4339 expensis
3123 4265 3405 4338 tempore

1872 4355 2084 4434 pestiS,
2120 4372 2155 4413 a
2185 4373 2308 4433 quo
2339 4353 2527 4414 etiam
2579 4352 2757 4432 petiit
2794 4353 3057 4413 ducatus
3103 4353 3403 4414 Mediola-

1873 4448 2105 4522 nensis,
2141 4451 2397 4526 propter
2416 4465 2571 4525 quas
2600 4450 2664 4508 et
2691 4446 2845 4506 alias
2883 4446 3284 4507 necessitates
3313 4446 3401 4506 si—

1870 4540 2069 4616 mile3‚
2104 4558 2261 4618 quas
2290 4541 2472 4600 affert
2498 4538 2695 4599 Diana
2724 4539 2785 4600 d.
2822 4544 2973 4601 tom.
3011 4541 3113 4600 lV.
3150 4544 3330 4600 tract.
3356 4557 3398 4601 ι.

1870 4632 2053 4694 resol.
2095 4637 2185 4692 ll.
2223 4631 2496 4711 dicitque
2528 4649 2671 4693 eum
2699 4632 2836 4693 aliis
2870 4632 3104 4711 requiri
3132 4650 3401 4693 consen-

1870 4745 2008 4786 sum
2037 4724 2522 4787 Pontifieislicet
2549 4728 2593 4786 1.
2628 4731 2780 4787 tom.
2815 4725 2980 4787 dicto
3013 4730 3195 4786 tract.
3233 4743 3300 4786 11.
3334 4726 3407 4787 de

1870 4817 2159 4878 immunit.
2194 4818 2376 4878 resol.
2412 4822 2510 4880 40.
2555 4819 2939 4879 contrarium
2968 4818 3288 4879 videretur
3315 4819 3406 4878 di-

1870 4910 2028 4970 xisse
2057 4928 2202 4970 cum
2233 4911 2572 4987 communi,
2608 4916 2824 4971 contra
2847 4928 3037 4990 quam
3059 4915 3267 4971 tamen
3291 4929 3407 4990 po-

1869 5009 2002 5065 stea
2029 5003 2216 5065 resol.
2244 5005 2379 5064 132.
2405 5003 2648 5082 aliquos
2664 5003 3049 5065 contrarium
3076 5004 3404 5083 opinantes

1870 5096 2252 5157 adduxisset.
2288 5096 2524 5156 Deinde
2569 5096 2631 5155 in
2677 5096 2978 5175 praedicto
3026 5098 3215 5158 etiam
3255 5116 3405 5158 casu⁴

1868 5189 2265 5251 excussiones
2285 5188 2601 5249 faciendas
2630 5190 2693 5249 in
2723 5189 2903 5250 bonis
2933 5189 3255 5265 laicorum,
3290 5189 3403 5251 do·

1868 5285 2013 5344 cent
2055 5281 2272 5361 aliqui,
2335 5298 2492 5360 quos
2546 5283 2732 5342 affert
2783 5286 2846 5342 et
2899 5281 3181 5361 sequitur
3234 5281 3400 5341 idem

1867 5376 2066 5435 Diana
2119 5374 2181 5435 d.
2241 5374 2427 5434 resol.
2476 5375 2570 5434 11.
2611 5374 2795 5452 paulo
2851 5377 2997 5435 ante
3052 5375 3241 5435 finem
3265 5421 3281 5451 ,
3341 5379 3405 5437 ct

1865 5469 2076 5529 favere
2104 5467 2355 5530 videtur
2382 5465 2602 5526 eadem
2653 5465 2862 5545 praxis
2904 5467 3092 5527 curiae
3115 5514 3132 5543 ,
3184 5467 3247 5527 in
3276 5486 3402 5547 qua

1865 5562 2054 5623 etiam
2082 5560 2147 5621 in
2177 5559 2251 5620 iis
2280 5559 2531 5622 casibus
2560 5557 2925 5620 conceditur
2963 5559 3226 5622 facultas
3256 5579 3400 5624 cum

3558 2686 3671 2747 {28

3508 2809 3626 2862 Quid,
3649 2810 3685 2851 si

3505 2864 3702 2906 tribulum

3450 2921 3592 2970 tungrii
3608 2918 3750 2959 imme-

1870 2962 2229 3023 immediate
2260 2961 2450 3023 etiam
2481 2964 2544 3021 et
2571 2960 2806 3022 directe
2836 2961 3003 3020 bona
3032 2958 3403 3020 ecclesiasti·
3450 2970 3749 3068 ‹1233ng
