4263 6376
129 1076 188 1133 21

69 1201 297 1253 amendant

61 1257 92 1297 tl
100 1256 298 1316 fundamen·

71 1318 97 1349 u
110 1315 292 1350 centnm.

50 4517 242 4559 milas-ia.

83 5071 150 5128 26

50 5193 184 5236 me.
226 5197 265 5229 .-

50 5203 264 5355 πὲῐῑῗι-Ξέἑι
317 5245 503 5306 nario
534 5251 752 5307 contra
807 5247 1020 5324 plures
1055 5246 1334 5325 juristaS,
1368 5247 1474 5325 qui
1531 5246 1867 5306 discrimen

1300 340 1769 401 DlsPU'rA'rlo
1817 341 2087 415 XXXVI,
2141 341 2413 400 Slic'rlo
2457 341 2560 401 ΠΙ.

343 510 507 590 quod
558 511 859 590 sequitur,
908 514 1018 574 sed
1067 514 1199 592 ipse
1237 515 1510 577 intrusus
1549 523 1641 577 est
1682 537 1872 578 cansa

343 602 674 681 adaequata
724 604 887 664 illius
930 606 1349 684 deceptionis;
1405 628 1528 669 non
1560 629 1708 688 ergo
1749 610 1870 669 mi-

343 715 483 756 rum
531 697 698 775 quod
728 704 877 758 tunc
905 701 1190 777 superior
1231 720 1354 762 non
1386 703 1673 781 suppleat
1701 704 1875 763 defe-

343 793 515 859 ctus;
549 789 818 850 maxime
844 808 987 851 cum
1018 812 1092 852 ex
1120 792 1223 852 illa
1250 792 1639 871 benignitate
1663 814 1875 856 nasce-

343 885 561 942 rentur
609 883 728 942 alia
780 882 1025 962 majora
1070 886 1333 946 fortasse
1365 887 1875 949 inconvenientia

345 992 536 1052 supra
564 975 896 1037 insinuata.

427 1067 585 1128 Hinc
612 1067 793 1128 facile
822 1069 1240 1147 respondetur
1283 1072 1362 1132 ad
1391 1072 1665 1133 rationes
1693 1070 1728 1130 d
1740 1071 1875 1132 ubi-

347 1159 517 1220 tandi
550 1178 663 1239 pro
695 1168 872 1239 parte
904 1163 1220 1222 contraria
1253 1184 1267 1225 ε
1303 1183 1448 1224 nam
1489 1165 1569 1224 ad
1606 1164 1875 1242 primam

345 1251 613 1312 dicimus
642 1252 705 1311 in
740 1254 957 1331 primis
1004 1272 1127 1315 non
1160 1256 1244 1317 ita
1275 1257 1455 1317 facile
1503 1257 1651 1317 oriri
1680 1275 1755 1318 ea
1783 1257 1878 1316 in-

343 1345 784 1406 convenientia
813 1346 875 1405 in
904 1348 1179 1408 secundo
1229 1367 1396 1420 casu,
1433 1349 1593 1411 sicut
1631 1351 1696 1409 in
1748 1350 1876 1427 pri-

341 1455 445 1496 mo
479 1457 492 1496 :
528 1456 674 1497 nam
726 1438 973 1499 facilius
1021 1440 1334 1502 invenitur
1380 1442 1659 1503 defectus
1687 1443 1871 1518 tituli,

342 1548 533 1608 quam
562 1531 782 1591 vitium
814 1533 967 1592 illud
995 1534 1328 1594 occultum.
1357 1536 1593 1595 Deinde
1624 1536 1875 1597 etiamsi

341 1628 681 1685 nascantur
709 1626 921 1705 aliqua
950 1626 1375 1705 incommoda,
1411 1647 1631 1689 eorum
1662 1634 1872 1690 tamen

339 1735 457 1776 nec
489 1721 584 1778 est
610 1737 798 1778 eausa
827 1737 943 1780 nec
974 1720 1219 1781 occasio
1249 1721 1534 1798 superior
1559 1722 1873 1800 legitimus

340 1809 450 1888 qui
492 1809 669 1869 illum
708 1810 989 1888 judicem
1038 1830 1161 1872 non
1205 1812 1380 1874 dedit
1408 1832 1521 1873 nec
1549 1813 1877 1892 proposuit

337 1904 598 1981 populo,
634 1907 697 1964 et
721 1903 863 1964 ideo
897 1922 1022 1964 non
1053 1904 1242 1967 debet
1273 1924 1628 1984 praeeavere
1661 1905 1874 1966 illain-

337 1996 676 2056 commoda
706 2014 845 2075 quae
877 2015 993 2057 nec
1022 1998 1369 2059 formaliter
1398 2018 1512 2059 nec
1542 1998 1875 2060 materiali-

339 2093 442 2149 ter
464 2092 706 2150 causat.

422 2181 521 2241 Ad
549 2182 896 2242 secundam
925 2181 1213 2259 dicimur„
1248 2184 1499 2262 quando
1542 2185 1874 2263 episcopus

337 2274 586 2334 confert
630 2273 1007 2334 beneficium
1076 2276 1262 2336 alicui
1309 2277 1868 2353 excommunicate,

335 2366 439 2425 vel
466 2366 832 2443 simoniaco,
868 2372 986 2428 etc.
1020 2372 1168 2430 tunc
1207 2369 1353 2430 licet
1382 2370 1714 2448 episcopus
1744 2389 1867 2429 non

336 2459 574 2520 habeat
619 2463 992 2537 potestatem
1024 2461 1426 2541 dispensandi
1457 2463 1518 2522 in
1549 2463 1653 2523 illo
1683 2463 1875 2540 impe-

336 2551 620 2612 dimento
644 2571 658 2625 ;
687 2553 971 2613 Pontifex
989 2558 1200 2614 tamen
1220 2555 1326 2633 qui
1350 2556 1672 2616 constituit
1698 2556 1872 2615 illum

335 2645 729 2722 episcopum,
791 2645 985 2707 habet
1032 2646 1340 2725 ejusmodi
1394 2654 1766 2726 potestatem
1812 2652 1874 2709 et

335 2737 487 2815 quia
534 2737 815 2798 Pontifex
862 2756 1220 2817 proponens
1267 2741 1441 2799 illum
1482 2742 1866 2819 episcopum,

334 2848 410 2890 eo
451 2830 589 2908 ipso
626 2830 910 2909 praecipit
949 2831 1213 2892 subditis
1256 2833 1534 2910 recipere
1583 2833 1777 2908 illum,
1813 2837 1876 2892 et

334 2922 651 2999 parochos
698 2922 778 2982 ab
826 2941 898 2983 eo
948 2924 1339 3000 constitutos,
1377 2930 1498 2985 etc.
1552 2924 1693 2985 ideo
1739 2925 1872 3003 ipse

335 3013 646 3090 Pontifex,
692 3032 767 3074 ne
797 3015 878 3076 sit
903 3017 1148 3077 occasio
1182 3016 1541 3077 detrimenti
1571 3018 1633 3076 in
1665 3018 1875 3077 subdi-

331 3109 412 3170 tis
443 3108 892 3186 recipientibus
940 3108 1116 3170 illum
1158 3110 1529 3188 parochum,
1583 3129 1770 3191 quem
1800 3130 1875 3171 ex

332 3207 655 3281 praecepto
687 3202 968 3279 ejusdem
1000 3204 1316 3264 Pontificis
1347 3205 1569 3265 saltem
1601 3206 1873 3265 mediate

331 3293 672 3371 recipiunt,
696 3294 946 3373 supplet
973 3294 1287 3355 defectum
1316 3297 1653 3371 occultum,
1675 3301 1736 3357 et
1767 3297 1876 3360 dat

331 3388 619 3446 valorem
664 3387 858 3465 gestis
894 3406 1007 3466 per
1049 3387 1224 3448 illum
1272 3389 1618 3466 parochum
1663 3389 1874 3450 existi-

329 3484 602 3540 matum.
633 3479 821 3540 Aliud
853 3485 1017 3550 esset
1047 3480 1302 3559 quando
1321 3481 1650 3559 episcopus
1680 3481 1872 3558 elige-

327 3575 430 3633 ret
459 3572 859 3647 canonicum,
911 3574 1088 3651 cujus
1127 3574 1347 3635 electio
1381 3592 1502 3634 non
1545 3574 1872 3652 spectabat

328 3665 413 3726 ad
446 3665 812 3744 episcopum
847 3685 860 3726 :
895 3670 1042 3726 tunc
1070 3667 1239 3725 enim
1261 3667 1544 3727 Pontifex
1576 3685 1699 3726 non
1729 3684 1869 3726 coo·

327 3763 615 3838 peratur,
650 3776 794 3818 cum
825 3759 959 3838 ipse
990 3759 1159 3818 nullo
1203 3759 1390 3820 modo
1422 3759 1749 3838 praecipiat
1775 3777 1868 3819 re-

329 3852 459 3930 cipi
512 3851 885 3912 canonicum
941 3852 1019 3912 ab
1076 3852 1369 3931 episcopo
1419 3852 1711 3928 electum,
1758 3853 1868 3912 sed

328 3946 545 4024 potius
593 3943 659 4006 id
707 3944 1058 4024 prohibeat.
1116 3947 1208 4006 lta
1238 3964 1485 4024 semper
1531 3946 1870 4025 requiritur

327 4040 614 4117 potestas
643 4037 704 4095 in
736 4038 1081 4114 superiore,
1116 4056 1154 4098 a
1176 4056 1300 4117 quo
1331 4037 1606 4099 mediate
1632 4038 1730 4098 vel
1759 4039 1869 4098 im-

326 4129 609 4190 mediate
659 4129 928 4190 habetur
968 4131 1206 4192 titulus.
1253 4131 1410 4191 Hinc
1440 4131 1629 4192 etiam
1678 4149 1713 4190 a
1751 4131 1871 4191 for-

322 4223 476 4286 tiori

412 4317 686 4378 Infertur
729 4317 955 4395 prime,
1005 4335 1128 4378 non
1158 4317 1368 4378 valere
1411 4322 1552 4379 acta
1581 4318 1742 4378 illius
1764 4317 1870 4396 ju-

324 4410 492 4471 dicis
574 4410 930 4485 existimati,
1015 4411 1267 4490 quando
1351 4410 1869 4489 impedimentum

324 4503 652 4564 occultum
675 4509 838 4564 esset
855 4503 1019 4582 juris
1057 4504 1249 4564 divini
1291 4504 1391 4563 vel
1421 4504 1719 4565 naturalis
1754 4523 1767 4564 :
1802 4508 1871 4564 ut

323 4596 373 4656 si
392 4596 592 4674 judex
623 4600 839 4657 careat
888 4615 998 4656 usu
1030 4596 1310 4672 rationiS,
1347 4596 1443 4657 vel
1475 4596 1524 4656 si
1556 4596 1869 4675 parochus

323 4707 456 4749 non
503 4688 553 4747 si
594 4689 890 4749 sacerdos
926 4708 938 4749 ε
972 4693 1120 4750 tunc
1169 4689 1337 4748 enim
1386 4690 1693 4750 absolutio
1744 4708 1868 4749 non

318 4782 590 4854 valebit;
637 4800 784 4841 narn
826 4781 1104 4842 Ecclesia
1153 4799 1278 4841 non
1329 4786 1534 4859 potest
1575 4782 1866 4859 supplere

318 4873 638 4954 ejusmodi
670 4875 975 4950 defectuS,
1010 4875 1224 4936 utlate
1254 4875 1479 4952 probat
1501 4875 1731 4936 Sanch.
1762 4874 1868 4934 ubi

318 4986 518 5047 supra
550 4987 610 5028 n.
650 4970 721 5028 17
755 4973 816 5029 et
845 4968 1200 5045 sequentib.

402 5061 676 5121 Infertur
706 5061 1009 5136 secundo,
1063 5061 1224 5120 hanc
1255 5059 1606 5121 doctrinam
1635 5060 1867 5122 habere

315 5153 535 5214 locum
564 5157 691 5213 tam
721 5153 783 5212 in
800 5153 1013 5231 judice
1045 5154 1353 5231 delegato,
1381 5172 1569 5232 quam
1617 5154 1679 5213 in
1710 5154 1870 5213 ordi-

317 5338 814 5409 constituebant,
850 5357 1007 5418 quos
1037 5339 1226 5400 refert
1256 5343 1319 5400 et
1352 5339 1554 5418 rejicit
1582 5339 1865 5401 Sanchez

319 5449 504 5492 num.
541 5434 636 5492 15.
673 5436 734 5492 et
762 5432 1189 5512 sequentibus,
1225 5433 1494 5493 Infertur
1533 5432 1741 5509 tertio,
1777 5433 1868 5492 lo-

320 5543 476 5587 cum
531 5524 722 5586 etiam
779 5525 1011 5586 habere
1087 5528 1374 5603 respectu
1445 5525 1692 5587 illorum
1761 5526 1868 5605 qui

3390 338 3497 397 681

1971 517 2184 578 sciunt
2229 516 2539 593 ejusmodi
2610 515 3128 594 impedimentum
3194 512 3507 574 occultum

1964 609 2216 690 judiciS,
2252 609 2592 671 dummodo
2622 608 2869 688 publice
2898 609 3239 687 ignoretur,
3271 610 3343 667 ut
3368 623 3507 684 pro-

1971 703 2080 764 bat
2108 703 2277 762 idem
2307 703 2588 763 Sanchez
2620 720 2790 763 num.
2823 705 2921 762 42.
2974 701 3142 779 apud
3198 717 3386 779 quem
3414 698 3506 757 vi-

1973 794 2107 855 deri
2138 800 2397 875 possunt
2442 795 2563 855 alia
2608 794 2936 855 corollaria
2989 792 3266 872 practica
3319 790 3506 870 huJus

1973 888 2298 952 doctrinae.

2054 980 2234 1053 Quod
2264 982 2484 1042 attinet
2511 982 2591 1041 ad
2632 980 2974 1041 secundam
3005 983 3247 1058 partem
3305 976 3502 1052 dubii,

1976 1092 2053 1133 an
2084 1074 2318 1135 scilicet
2348 1075 2448 1134 ille
2470 1074 2667 1152 judex
2712 1074 2951 1132 habens
2983 1071 3505 1150 impedimentum

1973 1167 2288 1227 occultum
2317 1172 2535 1245 peccet
2552 1165 2898 1227 exercendo
2931 1170 3105 1226 actus
3126 1162 3505 1243 jurisdictio-

1975 1259 2091 1333 niS,
2117 1259 2170 1318 si
2199 1259 2465 1338 ipsemet
2486 1259 2682 1337 judex
2710 1258 2866 1319 sciat
2907 1276 3088 1317 suum
3144 1253 3507 1317 defectum?

1968 1352 2220 1413 videtur
2238 1372 2360 1413 non
2391 1371 2525 1412 esse
2570 1351 2829 1427 licitum,
2881 1350 2930 1409 si
2988 1350 3264 1429 quidem,
3301 1365 3503 1427 quan-

1972 1448 2104 1505 tum
2134 1450 2330 1506 estex
2358 1464 2446 1520 se,
2485 1445 2618 1506 vult
2661 1461 2962 1521 usurpare
3002 1441 3506 1520 jurisdictionem

1974 1556 2165 1615 quam
2196 1556 2342 1597 vere
2374 1555 2500 1597 non
2529 1537 2743 1604 habet,
2805 1541 2868 1597 et
2910 1535 3182 1596 retinere
3230 1532 3504 1594 officium

1963 1629 2197 1709 judicis
2214 1636 2431 1691 contra
2453 1630 2614 1708 juris
2643 1628 2839 1689 divini
2872 1628 2965 1687 vel
2998 1626 3254 1686 humani
3297 1624 3505 1704 prohi-

1970 1723 2294 1798 bitionem,
2329 1727 2517 1801 atque
2549 1721 2690 1782 ideo
2739 1720 2945 1798 ipsum
2981 1718 3262 1799 judicem
3291 1734 3507 1795 pecca-

1969 1834 2058 1890 re,
2093 1815 2388 1893 supponit
2406 1814 2654 1874 Lessius
2685 1814 2746 1872 in
2779 1811 3073 1891 praesenti
3109 1810 3295 1888 capit.
3330 1826 3498 1870 xxlx.

1972 1926 2143 1968 num.
2176 1910 2275 1969 68.
2329 1909 2391 1967 in
2422 1908 2566 1966 fine.
2602 1908 2732 1966 Hoc
2760 1911 2971 1966 tamen
2991 1904 3355 1964 difficultate
3378 1920 3503 1962 non

1968 2004 2162 2076 caret,
2196 2001 2341 2080 quia
2372 1999 2507 2079 ejus
2535 2004 2675 2060 acta
2704 1998 2912 2058 valida
2938 2002 3106 2069 sunt;
3144 1996 3291 2057 licet
3338 2014 3488 2075 ergo

1967 2098 2186 2171 peccet
2214 2093 2540 2154 retinendo
2583 2092 2878 2168 officium,
2912 2089 3235 2169 supposito
3292 2093 3502 2149 tamen

1970 2185 2138 2264 quod
2168 2186 2301 2246 vult
2334 2204 2399 2245 se
2448 2202 2558 2263 pro
2582 2184 2795 2264 judice
2825 2201 3069 2262 gerere,
3104 2182 3349 2241 videtur
3377 2200 3501 2242 non

1969 2296 2105 2338 esse
2135 2296 2369 2338 novum
2398 2283 2749 2355 peccatum,
2793 2274 2962 2355 quod
2997 2276 3159 2334 inter
3185 2272 3503 2351 litigantes

1962 2372 2246 2448 proferat
2299 2370 2672 2431 sententiam
2738 2371 2996 2449 justam.
3063 2366 3262 2446 Hujus
3330 2366 3501 2428 dubii

1968 2463 2265 2524 resolutio
2296 2462 2529 2540 pendet
2557 2463 2808 2524 omnino
2850 2481 2924 2522 ex
2974 2459 3355 2521 resolutione
3387 2460 3503 2520 du·-

1966 2556 2049 2616 bii
2091 2556 2430 2634 sequentis,

2047 2648 2377 2709 Dubitatur
2405 2648 2615 2726 itaque
2644 2646 2919 2707 secundo
2948 2646 3041 2722 [de
3097 2649 3386 2723 tyrannO,
3421 2663 3501 2705 an

1968 2743 2103 2820 ejus
2131 2740 2455 2802 sententiae
2487 2744 2549 2801 et
2578 2740 2684 2800 alii
2732 2743 2908 2800 actus
2929 2738 3263 2817 judiciales
3309 2736 3497 2796 validi

1970 2926 2048 2987 de
2076 2926 2202 3001 illo,
2249 2925 2509 3005 quisine
2538 2925 2714 2985 titulo
2765 2923 3218 3001 rempublicam
3273 2921 3503 2982 invasit

1971 3025 2034 3080 et
2055 3019 2399 3097 usurpavit.
2435 3020 2621 3079 Sotus
2640 3022 2827 3095 negat
2856 3036 2991 3077 esse
3012 3016 3253 3077 validos
3274 3014 3497 3076 lib.lll.

1970 3112 2039 3172 de
2069 3111 2309 3193 justitia
2338 3131 2399 3191 q.
2436 3127 2521 3172 ιν.
2560 3117 2676 3172 art.
2729 3114 2789 3171 6.
2850 3128 2963 3188 pro
3019 3128 3143 3187 qua
3192 3107 3504 3168 sententia

1970 3205 2325 3285 suntaliqui
2350 3204 2616 3283 juristae,
2651 3223 2807 3283 quos
2837 3205 3026 3264 refert
3057 3203 3232 3264 Salas
3260 3201 3329 3262 de
3368 3200 3505 3281 [eyi-

1971 3298 2071 3359 bus
2100 3299 2262 3377 disp.
2297 3300 2372 3358 X.
2406 3303 2556 3358 sect.
2591 3314 2685 3357 111.
2715 3316 2775 3358 n.
2813 3299 2907 3357 13.
2943 3296 3064 3357 Alii
3094 3301 3307 3356 tamen
3336 3312 3506 3355 com-

1967 3391 2241 3452 muniter
2268 3390 2482 3451 dicunt
2510 3408 2585 3450 ea
2614 3390 2824 3450 omnia
2880 3406 3014 3449 esse
3069 3387 3277 3447 valida
3317 3405 3508 3465 prop-

1967 3491 2062 3546 ter
2086 3484 2343 3545 tacitum
2399 3500 2776 3544 consensum
2804 3481 3189 3559 reipublicae,
3224 3498 3365 3559 quae
3421 3478 3504 3539 ad

1966 3577 2295 3637 vitandum
2337 3576 2542 3654 majus
2595 3575 2855 3649 malum,
2890 3577 2952 3635 et
3001 3572 3373 3650 gravissima
3421 3571 3508 3631 in·

1967 3667 2426 3745 convenientia,
2462 3670 2717 3746 praestat
2744 3665 3180 3727 auctoritatem
3229 3665 3305 3724 iis
3361 3682 3503 3742 quae

1966 3765 2274 3841 geruntur
2304 3778 2340 3820 a
2370 3765 2661 3839 tyranno,
2721 3758 2819 3819 cui
2861 3757 2993 3838 jam
3033 3757 3321 3818 resistere
3380 3776 3505 3815 non

1966 3859 2194 3934 potest,
2249 3858 2437 3932 atque
2484 3852 2716 3912 idcirco
2755 3853 2889 3930 jam
2919 3849 3177 3928 pacifice
3209 3848 3500 3928 imperat.

1965 3950 2058 4009 lta
2089 3946 2396 4021 Victoria,
2430 3945 2702 4020 Medina,
2760 3945 3031 4018 Bannez,
3083 3941 3294 4017 Salon,
3353 3944 3508 4002 Ara-

1965 4059 2112 4119 gon.
2148 4057 2304 4117 quos
2333 4039 2526 4099 refert
2558 4042 2620 4099 et
2660 4035 2941 4115 sepuitur
2970 4035 3138 4094 idem
3193 4033 3370 4095 Salas
3398 4033 3502 4094 ubi

1966 4151 2158 4211 supra
2187 4152 2247 4192 n.
2282 4134 2375 4191 14.
2409 4130 2659 4190 Lessius
2689 4128 2750 4188 in
2781 4125 3074 4207 praesenti
3104 4126 3217 4188 lib.
3248 4126 3323 4186 11.
3358 4143 3498 4203 cap.

1964 4243 2133 4287 xxlx.
2170 4224 2319 4285 dub.
2352 4227 2409 4284 9.
2451 4227 2515 4283 et
2569 4221 2669 4281 alii
2727 4221 3107 4282 recentiores
3163 4218 3506 4279 communi-

1967 4324 2082 4393 ter,
2135 4322 2196 4378 et
2225 4335 2365 4376 eam
2395 4315 2649 4376 tandem
2682 4313 3035 4392 approbare
3064 4311 3315 4374 videtur
3349 4314 3508 4373 Sua·

1965 4431 2069 4472 rez
2098 4411 2204 4470 lib.
2232 4427 2328 4470 111.
2364 4408 2433 4468 de
2460 4407 2679 4489 leqibus
2715 4426 2854 4486 cap.
2914 4422 2976 4466 x.
3036 4425 3097 4466 n.
3132 4409 3192 4466 9.
3228 4405 3291 4464 in
3352 4405 3502 4481 fine,

1966 4504 2111 4564 licet
2141 4503 2310 4581 prius
2340 4502 2600 4562 obscure
2629 4501 2943 4579 loquatur,
2997 4517 3137 4577 quae
3197 4497 3507 4558 sententia

1966 4598 2215 4658 videtur
2260 4594 2642 4673 probabilior
2695 4597 2949 4672 propter
2997 4590 3308 4651 rationem
3378 4589 3505 4650 dic·
3600 4665 3605 4670 .

1968 4694 2120 4764 tam,
2155 4707 2298 4748 nam
2331 4705 2474 4748 cum
2502 4685 2876 4764 respublica,
2911 4683 3166 4745 tentatis
3188 4682 3501 4759 omnibus,

1966 4801 2090 4843 non
2127 4781 2325 4859 potuit
2349 4799 2417 4841 se
2445 4799 2476 4838 a
2510 4778 2844 4857 tyrannide
2888 4776 3178 4848 liberare,
3200 4794 3330 4839 ,nec
3362 4792 3507 4853 pro-

1965 4875 2135 4953 prios
2181 4873 2427 4952 judiees
2476 4872 2714 4932 habere
2763 4889 2799 4929 a
2850 4889 2917 4930 se
2969 4869 3362 4943 constitutOS,
3396 4886 3508 4945 per

1970 4985 2124 5047 quos
2148 4967 2253 5044 jus
2282 4965 2601 5044 publicum
2618 4969 2679 5024 et
2713 4964 3025 5042 privatum
3052 4964 3322 5036 tueatur,
3358 4978 3508 5020 con-

1967 5059 2160 5121 sentit
2194 5058 2382 5119 tacite
2413 5058 2473 5117 in
2497 5057 2743 5136 judices
2806 5055 2943 5116 illos
2992 5073 3147 5133 quos
3197 5059 3505 5130 tyrannus

1969 5153 2164 5231 eligit,
2200 5170 2277 5210 ne
2309 5150 2509 5211 omnis
2570 5150 2932 5228 reipublicae
2983 5147 3173 5208 facies
3227 5146 3502 5220 tollatur,

1968 5251 2030 5307 et
2059 5244 2269 5307 omnia
2326 5243 2567 5304 delictis
2599 5248 2662 5304 et
2690 5242 2932 5321 injuriis
2974 5240 3154 5302 facile
3206 5238 3505 5317 implean-

1968 5343 2091 5400 tur.

2047 5433 2250 5508 Dices»,
2286 5449 2436 5509 ergo
2489 5433 2797 5506 tyrannus
2851 5447 2975 5489 non
3006 5432 3229 5506 peccat
3286 5424 3506 5504 praeci-

1966 5525 2198 5605 piendo
2228 5529 2291 5586 et
2322 5525 2427 5603 jus
2454 5521 2746 5598 dicende,
2772 5520 2920 5600 quia
2956 5519 3092 5599 jam
3120 5519 3185 5580 id
3235 5517 3385 5581 facit
3429 5535 3503 5576 ex

3650 2662 3723 2719 27

1968 2834 2137 2895 sint?
2160 2834 2502 2912 Loquimur
2529 2836 2741 2893 autem
2768 2832 2846 2891 de
2878 2835 3170 2909 tyranno,
3206 2830 3326 2889 hoc
3383 2832 3496 2904 est,
3550 2783 3850 2880 ‘sitflsiniyv'i'lisa‘

3653 5433 3731 5492 28
