4263 6376
1205 249 1677 311 DISPUTATIO
1721 248 1940 323 XXIV,
1990 249 2266 310 SECTIO
2306 250 2381 310 V.

273 446 409 488 num.
439 429 490 487 1.
522 429 582 486 et
604 428 664 486 2.
696 427 770 486 Et
812 425 949 486 haec
994 425 1305 486 sententia
1332 424 1542 486 verior
1569 424 1740 484 vide-

271 526 351 583 tur
369 518 435 580 ad
464 519 624 579 illam
649 522 855 579 autem
881 517 1112 596 legem,
1144 517 1222 579 Si
1244 517 1315 578 ab
1364 517 1618 579 hostibus
1647 516 1743 577 di-

270 614 417 687 citur,
443 611 502 671 id
529 630 660 672 esse
686 610 1004 690 peculiare
1035 611 1097 670 in
1141 610 1329 671 lucris
1361 611 1547 686 dotis,
1583 610 1745 671 sicut

267 706 419 766 etiam
446 704 517 764 de
544 704 756 782 legatis
794 702 1002 764 statim
1051 703 1330 764 dicemus
1363 722 1378 765 ι
1410 702 1744 763 haereditas

270 803 439 859 autem
465 815 581 857 non
600 797 686 858 ita
700 796 879 857 facile
910 796 1103 855 adimi
1123 800 1328 875 potest
1347 796 1582 875 absque
1607 813 1744 855 sen-

268 890 426 952 tentia
449 888 696 950 haeredi.
726 888 902 950 Unde
932 889 1028 949 vir
1058 888 1162 968 qui
1193 907 1451 950 uxorem
1480 889 1544 948 in
1565 887 1746 949 adul-

269 984 392 1045 terio
417 982 920 1061 comprehensam
949 981 1202 1061 propria
1249 982 1616 1043 auctoritate
1646 998 1745 1041 oc·

269 1076 406 1153 cidit,
449 1093 568 1136 non
612 1074 893 1137 lucratur
937 1075 1182 1152 dotem,
1230 1093 1346 1136 nec
1394 1074 1501 1135 illa
1552 1073 1742 1149 bona,

268 1187 379 1248 quae
403 1170 475 1230 ob
500 1167 876 1229 adulterium
907 1168 1115 1227 uxoris
1163 1168 1331 1247 leges
1376 1166 1604 1228 marito
1635 1165 1749 1225 ad-

258 1261 530 1342 judicant,
562 1261 711 1339 quia
738 1259 848 1339 qui
887 1259 993 1339 jus
1019 1259 1138 1320 sibi
1182 1260 1434 1339 propria
1477 1256 1750 1320 auctori-

264 1359 365 1416 tate
390 1354 545 1428 dicit,
569 1354 814 1413 lucrum
840 1353 1042 1431 legale
1074 1370 1197 1414 uon
1219 1353 1505 1432 acquirit,
1522 1356 1590 1412 ut
1604 1368 1749 1412 cum

263 1447 375 1509 aliis
396 1446 592 1507 multis
612 1446 800 1508 docet
827 1445 1058 1507 Sanch.
1106 1464 1277 1507 num.
1314 1448 1410 1506 16.
1467 1446 1615 1505 Haec
1643 1462 1750 1504 au-

262 1547 366 1602 tem
389 1539 700 1614 sententia,
727 1543 792 1599 et
817 1537 1102 1600 doctrina
1120 1538 1327 1599 locum
1353 1537 1546 1598 habet
1561 1537 1751 1598 etiam

263 1633 477 1713 quando
490 1636 666 1711 pater
690 1629 891 1690 filium
910 1629 1155 1704 occidit,
1172 1629 1271 1690 vel
1297 1629 1460 1690 filius
1480 1634 1747 1710 patrem,

263 1731 319 1786 ut
339 1743 463 1786 cum
493 1723 626 1784 aliis
652 1723 887 1784 Molina
932 1723 1100 1783 dicta
1145 1723 1306 1802 disp.
1349 1739 1641 1786 cmxvm.
1690 1723 1747 1801 ἓ.

262 1815 532 1878 Dubitabit
554 1816 734 1896 sorte.

92 1913 145 1970 76
323 1914 409 1971 An
432 1927 574 1969 vero
602 1907 802 1987 possit
820 1907 1183 1970 interfector
1199 1906 1500 1969 indirecte
1520 1907 1754 1969 habere

59 2037 226 2079 ‚m
260 2003 468 2063 lucrum
495 2020 569 2061 ex
598 2002 781 2062 bonis
807 2000 1017 2074 occisi,
1053 2005 1121 2061 ut
1141 2001 1194 2061 si
1225 2001 1319 2062 vir
1346 2001 1577 2063 occidit
1605 2019 1755 2062 uxo-

59 2093 226 2186 ⁸⁶²3„
260 2097 488 2156 remcui
539 2094 824 2155 succedit
875 2093 1224 2155 communis
1269 2093 1454 2171 filius,
1515 2099 1579 2156 et
1628 2095 1756 2155 filio

67 2196 185 2260 ubj-is
258 2194 442 2295 postea
467 2193 665 2267 pater,
719 2186 820 2247 vel
861 2190 1030 2247 certe
1072 2185 1260 2249 habet
1303 2140 1758 2249 usumfructum

257 2283 307 2343 in
344 2281 509 2343 bonis
560 2278 807 2354 matris,
842 2279 1143 2358 quamdiu
1190 2280 1354 2340 filius
1400 2299 1476 2340 ea
1522 2279 1759 2342 habet?

256 2376 438 2436 Plures
465 2377 721 2450 negant,
768 2372 880 2433 sed
910 2371 1127 2434 dicunt
1158 2373 1370 2433 venire
1400 2373 1475 2436 ad
1508 2374 1753 2449 fiscum,

257 2488 388 2548 quos
413 2465 758 2529 affertMol.
778 2465 865 2526 ibi
890 2466 948 2545 ἓ.
982 2464 1193 2526 [strum
1207 2474 1420 2542 autem,
1447 2467 1554 2546 qui
1582 2466 1761 2529 addit

256 2563 423 2622 filium
450 2579 571 2621 non
612 2577 753 2620 esse
783 2576 860 2618 ea
905 2558 984 2618 de
1011 2575 1204 2618 causa
1231 2557 1607 2637 privandum
1653 2559 1760 2621 bo-

255 2656 333 2716 nis
355 2653 651 2716 maternis
680 2652 918 2731 absque
965 2670 1079 2712 sua
1135 2651 1338 2730 culpa,
1397 2651 1509 2713 sed
1563 2653 1759 2714 filium

255 2754 612 2809 retenturum
651 2745 843 2806 etiam
870 2744 1330 2806 usumfructum
1363 2765 1378 2806 ε
1411 2745 1521 2806 sed
1552 2746 1761 2825 quoad

254 2840 688 2901 usumfructum
747 2837 997 2898 difficile
1046 2842 1160 2912 est,
1222 2841 1285 2898 et
1325 2838 1525 2917 magis
1572 2839 1760 2899 credo

254 2930 677 3012 applicandum
722 2930 898 3006 fisc0,
933 2933 999 2990 et
1024 2930 1268 3008 quoties
1296 2949 1371 2991 ex
1401 2930 1580 2992 bonis
1611 2950 1763 2993 uxo-

255 3028 323 3089 ris
345 3025 554 3087 occisae
587 3022 834 3104 aliquid
860 3022 940 3084 ad
971 3028 1215 3101 patrem
1239 3023 1447 3084 venire
1478 3023 1757 3088 deberet.

99 3127 148 3181 77
319 3122 397 3179 De
421 3117 732 3197 legatario
762 3115 1091 3196 autemqui
1122 3120 1487 3178 testatorem
1507 3116 1757 3195 occidit,

60 3252 123 3302 (ei
142 3253 179 3294 ἃ
256 3214 411 3276 aliter
434 3211 779 3273 dicendum
810 3209 1083 3287 videtur,
1131 3210 1370 3271 scilicet
1394 3228 1469 3271 eo
1499 3210 1633 3289 ipso
1680 3211 1765 3271 le-

59 3308 189 3404 m
253 3312 443 3386 gatum
468 3303 722 3366 censeri
767 3306 1151 3376 revocatum,
1183 3320 1298 3362 nec
1344 3301 1655 3381 pertinere
1684 3303 1767 3364 ad

59 3422 201 3458 num
252 3401 467 3475 fiscum,
499 3398 613 3459 sed
651 3396 891 3475 absque
919 3395 1046 3456 ulla
1072 3394 1383 3456 sententia
1410 3395 1654 3456 devolvi
1686 3396 1767 3456 ad

252 3493 543 3554 haeredem
590 3489 901 3561 defuncti,
932 3488 1103 3568 quod
1147 3487 1317 3548 idem
1359 3492 1453 3549 est
1479 3488 1559 3549 de
1586 3489 1765 3549 fidei-

249 3586 581 3660 commisso,
619 3587 695 3643 ιιι
745 3599 891 3642 cum
935 3580 1071 3641 aliis
1118 3580 1326 3641 multis
1369 3580 1554 3642 docet
1599 3580 1767 3642 idem

252 3679 457 3741 Sanch.
490 3695 677 3738 num.
709 3679 770 3736 7.
804 3680 868 3736 et
892 3673 1061 3735 idem
1091 3677 1205 3750 est,
1238 3673 1292 3733 si
1320 3679 1462 3753 post
1487 3674 1767 3753 legatum

251 3772 461 3835 factum
513 3767 1041 3848 ingratitudinem
1096 3765 1459 3843 notabilem,
1492 3766 1593 3827 vel
1621 3787 1769 3847 gra-

250 3884 376 3927 vem
411 3861 815 3924 inimicitiam
862 3858 1202 3939 legatarius
1233 3877 1383 3938 erga
1408 3863 1773 3921 testatorem

252 3958 479 4020 habeat.
529 3956 716 4018 Idem
764 3954 950 4015 docet
993 3952 1227 4013 Molina
1274 3952 1437 4030 disp.
1490 3968 1675 4014 ccxn.
1708 3954 1764 4033 §-

261 4052 434 4113 Tacite
458 4070 627 4112 vero.
690 4048 789 4109 Ad
842 4046 1308 4108 revocationem
1359 4046 1526 4106 enim
1580 4046 1774 4125 legati

251 4145 437 4206 minus
461 4141 814 4223 requiritur
843 4157 1033 4218 quam
1061 4138 1142 4199 ad
1181 4139 1605 4200 revocandam
1641 4138 1776 4200 hae-

251 4238 588 4312 reditatem,
629 4252 771 4314 quae
798 4232 960 4294 sicut
984 4232 1291 4310 majorem
1313 4231 1772 4293 solemnitatem

250 4330 530 4410 requirit,
596 4331 674 4388 ut
728 4326 929 4386 haeres
985 4324 1367 4400 instituatur,
1424 4323 1514 4384 sic
1582 4324 1774 4384 etiam

247 4423 491 4502 requirit
542 4419 879 4498 majorem,
929 4421 1000 4479 ut
1051 4420 1313 4479 testator
1365 4415 1537 4476 illam
1593 4435 1775 4477 revo-

250 4533 406 4576 casse
466 4516 829 4575 censeatur.
885 4510 1065 4572 Unde
1113 4509 1452 4588 legatarius
1507 4509 1572 4569 in
1629 4527 1776 4571 con·

252 4609 493 4669 scientia
539 4604 867 4669 tenebitur
903 4602 1184 4681 legatum
1240 4619 1366 4662 non
1418 4607 1771 4681 acceptare,

252 4702 338 4762 rel
361 4702 747 4780 relinquere.
781 4696 847 4759 Si
876 4712 1026 4757 vero
1046 4694 1431 4774 ingratitudo
1452 4699 1596 4774 post
1613 4713 1777 4756 mor·

250 4800 364 4856 tem
395 4789 725 4855 testatoris
771 4787 1069 4865 evenerit,
1103 4805 1229 4848 non
1276 4787 1559 4867 perditur
1604 4787 1780 4867 lega-

251 4891 371 4948 tum
397 4886 533 4967 ipso
566 4884 760 4958 fact0,
805 4881 954 4961 quia
998 4885 1260 4941 testator
1302 4898 1426 4941 non
1467 4879 1673 4959 potuit
1715 4881 1778 4942 in

249 4981 367 5042 vita
390 4979 636 5040 habere
665 4975 1053 5036 voluntatem
1074 4973 1474 5049 contrariam,
1525 4973 1635 5034 sed
1673 4991 1780 5034 au-

251 5072 387 5133 ferri
411 5074 628 5151 potest
653 5072 726 5131 ut
752 5066 1034 5146 indigno,
1067 5071 1131 5127 et
1175 5064 1593 5145 applicabitur
1628 5066 1779 5128 fisco

251 5170 382 5244 post
403 5162 811 5225 sententiam.
871 5159 970 5220 Ad
1010 5159 1180 5220 hunc
1209 5162 1419 5220 autem
1466 5160 1777 5235 effectum,

253 5263 319 5318 ut
353 5257 638 5336 legatum
676 5253 759 5316 ob
804 5252 1194 5314 inimicitiam
1236 5255 1599 5312 revocatum
1636 5269 1784 5312 cen-

252 5355 471 5426 seatur,
505 5367 636 5410 non
662 5345 1029 5426 requiritur,
1061 5343 1231 5424 quod
1258 5342 1634 5405 interveniat
1660 5344 1786 5405 cul·

3291 253 3371 313 79

1842 427 2091 502 sumpta
2122 424 2441 486 voluntate
2471 425 2805 503 testatoris,
2823 444 2962 507 quae
2991 425 3213 487 eodem
3242 426 3372 488 m'o·

1843 515 1924 576 do
1952 517 2371 595 praesumitur,
2407 518 2659 598 quando
2705 518 2839 580 sine
2885 538 3075 580 causa
3113 519 3375 581 inimici-

1842 609 1995 670 tiam
2040 628 2299 688 gravem
2346 611 2649 672 adversus
2675 612 3048 691 legatarium
3087 613 3369 676 incurrit.

1845 701 1911 763 Si
1939 706 2147 762 tamen
2179 708 2317 781 post
2345 704 2735 766 inimicitiam
2766 709 3028 767 testator
3046 707 3254 783 tacite,
3276 706 3377 767 vel

1844 812 2135 872 expresse
2189 796 2624 858 reconciliatus
2679 802 2772 859 est
2826 816 2970 858 cum
3033 799 3371 878 legatario,

1846 904 2114 967 eumque
2145 888 2224 947 ad
2263 889 2586 968 pristinam
2643 889 2981 951 amicitiam
3033 892 3374 968 reduxerit,

1843 979 2119 1058 legatum
2143 981 2402 1058 valebit,
2436 1001 2575 1061 quae
2607 983 2819 1044 omnia
2845 984 3072 1063 probat
3093 984 3378 1046 Sanchez

1847 1072 1907 1135 d.
1942 1072 2388 1135 dub.xxxv111.

1930 1166 2256 1227 Secundus
2285 1185 2487 1244 casuS‚
2521 1185 2644 1246 quo
2666 1169 3016 1231 excludltur
3039 1169 3379 1249 legatarius
3523 1184 3602 1244 78

1850 1277 1887 1318 a
1913 1258 2163 1337 legam,
2221 1264 2351 1337 est,
2398 1260 2452 1321 si
2479 1261 2762 1322 testatori
2790 1263 3111 1341 prohibuit
3138 1263 3375 1342 testari,
3456 1310 3515 1352 1,

1850 1355 1959 1413 aut
1985 1369 2092 1412 rev
2097 1369 2281 1413 ocare
2309 1356 2789 1430 testamentum,
2846 1373 2969 1434 quo
2998 1374 3147 1418 casu
3175 1355 3382 1417 aufer-
3455 1321 3707 1466 ὸιὲἳιῗίὶὲίῑ

1851 1450 1954 1505 ιιιι·
1980 1444 2040 1503 ei
2066 1444 2346 1523 legatum
2374 1450 2443 1506 ut
2468 1445 2749 1524 indigno,
2785 1450 2848 1508 et
2875 1447 3061 1508 datur
3085 1450 3277 1525 fisco,
3313 1452 3383 1511 ut
3431 1482 3483 1513 m
3508 1473 3729 1512 immm-

1853 1539 2028 1598 notat
2051 1537 2284 1598 Molina
2312 1537 2473 1617 disp.
2509 1553 2695 1600 ccxn.
2728 1557 2946 1602 versus
2974 1542 3082 1601 fin.
3120 1542 3244 1603 Sed
3274 1560 3383 1604 no-

1851 1634 1915 1690 ta
1938 1675 1954 1705 ,
2013 1630 2384 1708 legatarium
2425 1635 2575 1691 tunc
2621 1632 2808 1693 etiam
2838 1637 2982 1695 ante
3012 1635 3386 1696 sententiam

1853 1721 2083 1782 debere
2111 1722 2439 1783 restituere
2468 1722 2541 1783 iis
2570 1742 2836 1802 quorum
2865 1726 3166 1788 intererat
3192 1732 3386 1789 testa·

1852 1819 2133 1876 mentum
2180 1814 2316 1875 fieri
2342 1815 2443 1876 vel
2482 1817 2768 1877 revocari
2806 1824 3064 1897 propter
3090 1820 3387 1899 injuriam

1854 1911 1917 1968 et
1943 1907 2246 1968 damnum
2286 1907 2548 1969 illatum.
2599 1908 2770 1969 Idem
2820 1911 3157 1973 dicendum
3186 1919 3282 1975 est
3309 1914 3387 1975 de

1855 1999 2103 2060 haerede
2123 2046 2142 2073 ‚
2204 2000 2311 2079 qui
2361 1999 2726 2062 defunctum
2773 2004 2988 2065 testari
3045 2005 3385 2084 prohibuit,

1857 2096 1925 2154 ut
1952 2097 2129 2155 notat
2153 2092 2320 2154 idem
2348 2093 2580 2155 Molina
2608 2094 2768 2175 disp.
2804 2112 3094 2160 chxvm.
3124 2098 3180 2176 ἓ.
3205 2099 3391 2174 Ouar-

1856 2193 1948 2246 tus
1974 2195 2078 2247 est.

1937 2279 2180 2341 Tertius
2209 2297 2391 2340 casus
2420 2284 2546 2357 est,
2598 2282 2850 2361 quando
2897 2283 3098 2346 baeres
3128 2284 3391 2347 accessit
3535 2307 3614 2366 79

1858 2370 1939 2432 ad
1969 2389 2228 2432 uxorem
2257 2372 2610 2449 testatori,s
2656 2391 2694 2433 a
2722 2392 2845 2452 quo
2888 2374 3168 2436 aufertur
3194 2376 3389 2438 haere-
3465 2433 3524 2474 De
3554 2444 3619 2479 ω
3695 2431 3707 2473 Ι

1860 2465 2022 2526 ditas
2051 2469 2120 2526 ut
2143 2465 2423 2544 indigno,
2459 2470 2524 2527 et
2549 2466 2737 2528 datur
2762 2468 2912 2528 fisco
2933 2469 3114 2548 juxta
3141 2475 3391 2531 senten·
3465 2485 3672 2581 neceam·
3609 2444 3711 2527 itqi'a

1859 2559 2012 2620 tiam
2033 2558 2395 2632 multorum,
2417 2577 2573 2638 quos
2594 2561 2775 2621 affert
2792 2561 2959 2621 idem
2979 2562 3209 2623 Molina
3225 2563 3386 2643 disp.
3480 2551 3588 2635 ...2⁰
3587 2550 3607 2633 ἶ
3605 2590 3707 2634 ori·

1859 2664 2126 2712 cnxxvu.
2159 2651 2215 2730 ἓ.
2254 2650 2484 2711 Tertius
2502 2660 2751 2728 eventus,
2801 2653 2970 2732 quod
2999 2653 3186 2716 licet
3170 2673 3234 2715 m
3263 2655 3395 2717 hoe-

1859 2744 2010 2804 rede
2040 2742 2301 2803 dubium
2331 2744 2430 2820 sit,
2463 2743 2542 2804 de
2569 2743 2871 2822 legatario
2906 2749 3118 2806 tamen
3147 2747 3396 2809 videtur

1861 2840 2100 2898 certum
2134 2854 2208 2896 ex
2234 2836 2358 2915 leg.
2393 2852 2435 2897 1.
2471 2837 2600 2898 etl.
2633 2836 2712 2897 Si
2735 2837 3087 2912 im'mict'tioe;
3148 2840 3212 2900 in
3243 2841 3391 2918 fine,

1865 2931 1926 2991 ff.
1957 2927 2028 2989 de
2054 2928 2123 2989 iis
2151 2927 2357 3010 quibus
2386 2937 2450 2989 ut
2477 2928 2753 3010 indiqm’S,
2788 2934 2849 2991 et
2877 2935 3052 2992 notat
3080 2931 3248 2993 idem
3272 2935 3397 2996 Mo·

1862 3022 1991 3083 lina
2017 3022 2180 3102 disp.
2215 3037 2402 3083 ccxn.

1945 3116 2216 3188 Quartus
2243 3133 2424 3176 casus
2460 3119 2583 3188 est;
2632 3115 2883 3196 quando
2926 3116 3128 3179 haeres
3156 3118 3396 3182 institu·
3543 3139 3622 3198 30

1863 3214 1964 3270 tus
1993 3212 2436 3270 testamentum
2466 3226 2589 3288 quo
2619 3208 2963 3271 instituitur
2983 3256 3000 3287 ,
3052 3213 3393 3290 accusavit,
3473 3264 3532 3308 ne
3562 3276 3612 3305 ω

1868 3308 1930 3363 et
1955 3305 2324 3382 prosecutus
2364 3305 2459 3362 est
2499 3319 2696 3380 usque
2726 3302 2806 3362 ad
2837 3303 3122 3364 ultimam
3151 3311 3397 3368 senten·
3492 3275 3702 3359 ...ualli

1866 3396 2019 3456 tiam
2048 3395 2355 3474 prolatam
2376 3398 2591 3455 contra
2614 3394 2749 3474 ejus
2769 3395 3217 3461 intentionem:
3250 3404 3399 3461 tuuc
3448 3374 3742 3413 'mmmmm

1868 3487 2035 3548 enim
2065 3486 2420 3563 haereditaS,
2446 3505 2586 3566 quae
2604 3486 2684 3546 ad
2714 3487 2887 3548 illum
2907 3489 3269 3568 pertineret,
3296 3492 3402 3553 da·

1867 3586 1970 3643 tur
1995 3582 2169 3657 iisc0,
2202 3580 2307 3641 illo
2338 3584 2406 3641 ut
2434 3579 2692 3658 indigno
2723 3579 2980 3659 reject0,
3015 3582 3054 3644 l.
3088 3583 3236 3645 Alia
3269 3604 3403 3645 cau-

1867 3693 1953 3749 sa,
1988 3676 2055 3735 G.
2089 3672 2160 3733 de
2185 3672 2256 3732 iis
2275 3671 2482 3753 quibus
2509 3681 2573 3733 ut
2600 3671 2874 3752 indiqm‘s.
2920 3675 2984 3736 Si
3013 3679 3227 3736 autem
3257 3682 3404 3738 ante

1869 3767 2156 3828 ultimam
2183 3766 2579 3841 sententiam,
2613 3765 2802 3826 etiam
2831 3766 3071 3846 prolata
3101 3768 3334 3847 aliqua,
3367 3788 3408 3829 a

1871 3878 1997 3941 qua
2025 3859 2407 3938 appellatum
2430 3862 2545 3934 est,
2570 3861 2632 3919 et
2652 3858 3071 3937 appellatione
3092 3861 3407 3940 pendente

1872 3953 2165 4029 desistat,
2226 3969 2351 4012 non
2400 3950 2630 4011 amittit
2673 3949 3128 4013 haereditatem.
3191 3955 3408 4033 Neque

1872 4047 2061 4109 etiam
2090 4044 2343 4124 quando
2388 4061 2513 4104 non
2549 4042 2804 4122 proprio
2834 4043 3117 4121 nomine,
3170 4046 3281 4107 sed
3308 4052 3411 4108 tu-

1872 4144 1991 4215 tor,
2022 4138 2120 4199 vel
2151 4140 2403 4197 curator
2428 4135 2684 4196 alterius
2714 4134 3009 4214 minoris,
3064 4138 3165 4198 vel
3191 4157 3414 4219 procu-

1872 4236 2065 4306 rator,
2098 4229 2196 4290 vel
2225 4229 2567 4289 advocatus
2595 4227 2822 4289 fiscalis
2842 4231 3178 4293 accusavit.
3215 4233 3411 4294 Secus

1873 4325 1927 4386 si
1954 4327 2025 4386 ut
2052 4327 2421 4403 procurator
2448 4367 2463 4398 ,
2497 4320 2596 4382 vel
2624 4321 2967 4384 advocatus
2994 4323 3253 4386 alterius
3281 4325 3412 4404 pri-

1873 4415 2024 4478 vati.

1956 4507 2219 4580 Quintus
2249 4523 2429 4567 casus
2458 4510 2581 4582 est,
2616 4505 2867 4585 quando
2898 4507 3049 4567 dum
3079 4507 3410 4572 defunctus
3578 4527 3649 4587 ει

1876 4606 2085 4663 mente
2113 4603 2331 4679 captus
2360 4605 2515 4675 erat,
2549 4599 2751 4660 haeres
2787 4617 3002 4661 curam
3033 4600 3309 4665 debitam
3336 4603 3412 4664 il-
3488 4650 3726 4706 ne.qu1

1874 4696 1994 4756 lius
2010 4711 2136 4754 non
2151 4691 2371 4753 habuit
2375 4692 2803 4770 ,auferturque
2819 4693 2899 4753 ab
2917 4711 2990 4754 eo
3003 4693 3336 4757 haereditas
3347 4700 3417 4758 ut
3481 4663 3733 4801 ddssressiiuit

1875 4786 2171 4891 indigno,
2223 4790 2287 4846 et
2313 4785 2500 4847 datur
2525 4784 2708 4860 fisco,
2739 4783 2839 4845 vel
2868 4785 3058 4847 etiam
3087 4792 3408 4862 extraneO,

1878 4879 1984 4959 qui
2014 4879 2181 4939 facta
2209 4876 2443 4937 haeredi
2474 4876 2959 4954 protestatione,
3004 4895 3218 4939 curam
3248 4877 3413 4941 illius

1879 4971 2130 5033 habeat.
2181 4971 2260 5031 Et
2285 4968 2452 5029 idem
2481 4973 2614 5045 est,
2661 4969 2713 5029 si
2739 4987 2884 5030 cum
2914 4970 3196 5048 captivus
3226 4976 3408 5050 esset,

1879 5064 2082 5126 haeres
2111 5061 2436 5141 negligens
2463 5061 2581 5123 fuit
2608 5060 2671 5121 in
2702 5077 2774 5121 eo
2806 5061 3175 5122 redimendo
3196 5107 3215 5136 ,
3257 5063 3412 5125 etin

1879 5154 2240 5235 captivitate
2267 5158 2553 5215 mortuus
2576 5156 2703 5225 est;
2746 5170 2870 5233 quo
2900 5171 3050 5213 casu
3078 5153 3413 5217 haereditas

1882 5248 2233 5329 applicatur
2261 5247 2340 5309 ad
2367 5245 2768 5308 redimendos
2805 5246 3083 5326 captivos
3101 5292 3118 5324 ‚
3160 5247 3237 5309 de
3268 5250 3414 5329 qui-

1881 5341 2032 5414 bus,
2085 5345 2149 5402 et
2175 5340 2311 5401 aliis
2338 5338 2538 5400 videri
2576 5342 2785 5417 potest
2809 5338 3042 5399 Melina
3082 5338 3145 5401 d.
3176 5339 3407 5421 disput.

256 5461 330 5521 pa
353 5442 662 5522 legatarii,
696 5458 845 5501 cum
873 5438 939 5499 id
965 5443 1166 5500 totum
1208 5436 1505 5497 fundetur
1530 5436 1595 5496 in
1621 5454 1787 5516 prae-
1885 5451 2151 5497 cnxxvn.
2185 5433 2293 5513 qui
2318 5431 2481 5494 bene
2509 5430 2798 5507 advertit,
2821 5432 3048 5511 quibus
3075 5432 3134 5493 in
3167 5435 3414 5498 casibus
