4263 6376
1220 292 1695 359 DISPUTATIO
1738 298 1955 376 XXVI,
2005 301 2281 365 SEGTJO
2325 304 2454 369 VII.

319 470 579 543 Quartus
605 484 784 531 casus
811 473 926 548 est,
958 470 1209 550 quando
1239 470 1395 532 emis
1421 471 1605 534 simul
1631 491 1761 535 ma-

154 606 158 644 ,
244 578 421 639 gnam
447 559 690 640 copiam
714 562 1056 637 mercium;
1111 563 1344 643 poteris
1371 565 1537 626 enim
1566 567 1762 629 mino-

154 657 184 699 ιιΙ

241 654 320 715 ris
346 672 551 715 emere
578 673 767 734 quam
794 656 849 717 si
874 674 1109 735 paucas
1137 676 1407 735 31113133,
1440 659 1586 738 quia
1615 678 1761 721 exo-

155 748 156 751 ’
242 766 412 807 ueras
439 748 833 810 venditorem
861 750 1073 812 multis
1103 751 1268 812 curis
1316 756 1377 813 et
1405 753 1763 831 occupatio-

154 4299 174 4335 ξ’

239 841 410 902 nibus
437 841 605 902 circa
633 842 771 903 illas
798 862 1063 920 3131033,
1095 850 1165 906 ιιι
1193 844 1281 906 31ι
1307 845 1555 907 Lessius
1583 864 1755 907 num.

238 937 331 997 38.
349 938 492 996 tunc
521 938 735 996 tamen
763 955 890 998 non
919 937 1287 999 diminuitur
1313 938 1377 998 in
1396 937 1605 1017 rigore
1626 957 1760 1017 pre-

240 1027 386 1090 tium
406 1026 648 1108 justum
672 1074 688 1106 ,
742 1029 890 1110 quia
924 1030 1076 1091 illud
1115 1030 1458 1094 aestimatur
1484 1049 1761 1093 commu-

238 1121 388 1182 niter
408 1121 681 1200 pretium
700 1123 943 1201 justum
970 1122 1034 1183 in
1060 1123 1168 1185 tali
1196 1123 1528 1203 emptionis
1546 1124 1756 1201 mode,

240 1218 297 1274 et
320 1232 531 1276 omnes
557 1215 920 1278 venditores
946 1215 1214 1278 libenter
1240 1217 1347 1279 tali
1375 1216 1574 1296 pretio
1615 1234 1760 1280 ven-

239 1306 378 1369 dent
402 1306 466 1368 in
494 1325 569 1369 ea
596 1308 803 1389 copie.

925 1712 982 1791 g,
1018 1712 1075 1775 1.

306 1975 391 2037 De
415 1974 657 2041 creditis
675 2021 693 2055 ,
726 1994 826 2038 seu
853 1975 1258 2059 chiroqrapkzs
1283 1994 1415 2059 quoe
1439 1976 1681 2039 minoris

855 2093 1140 2147 emuntur.

313 2341 591 2418 Quintus,
628 2342 693 2403 et
710 2338 988 2419 vulgaris
1015 2358 1198 2402 casus
1222 2343 1317 2403 est
1344 2340 1423 2402 de
1451 2338 1765 2420 chirogra-

241 2434 400 2513 phis,
455 2453 566 2496 seu
614 2433 871 2496 creditis
898 2478 915 2512 ,
976 2453 1117 2514 quea
1162 2434 1423 2495 minoris
1470 2439 1764 2496 emuntur

242 2545 416 2606 quam
460 2525 865 2604 contineant,
916 2530 990 2587 ut
1033 2526 1085 2587 si
1124 2525 1229 2607 jus
1258 2527 1339 2587 ad
1369 2530 1504 2590 100.
1538 2546 1762 2588 aureos

241 2638 383 2699 quos
395 2622 619 2681 Petrus
648 2619 837 2681 debet
860 2621 894 2683 J
901 2619 1089 2681 oanni
1118 2624 1259 2698 post
1284 2639 1521 2681 annum
1540 2666 1555 2697 ,
1589 2639 1762 2681 emas

239 2713 464 2791 abipso
491 2715 526 2775 J
533 2731 742 2774 oanne
768 2717 868 2774 90.
919 2713 1311 2775 Conveniunt
1337 2713 1624 2776 doctores
1645 2760 1662 2791 ,
1694 2713 1765 2774 li-

239 2806 414 2867 citum
439 2804 503 2866 id
532 2823 674 2866 esse
701 2806 942 2867 ratione
969 2806 1128 2866 lucri
1158 2807 1458 2867 cessantis
1482 2852 1498 2884 ,
1550 2806 1762 2868 damni

238 2898 642 2977 emergentis»,
690 2898 948 2976 periculi
978 2897 1300 2960 obtinendi
1326 2899 1700 2960 solutionem
1727 2917 1764 2959 a

239 2991 534 3069 debitore,
579 2991 686 3053 vel
714 2995 881 3052 certe
911 2991 1081 3072 quod
1110 3009 1235 3052 non
1271 2991 1403 3052 sine
1431 2992 1538 3054 lite
1568 2997 1632 3054 et
1659 3011 1766 3054 ex-

239 3084 431 3163 pensis
456 3083 965 3163 recuperabitur3
1000 3088 1245 3146 tantum
1273 3103 1421 3164 ergo
1453 3090 1658 3164 potest
1686 3086 1763 3147 de

237 3197 466 3240 summa
494 3176 692 3239 debiti
723 3177 971 3240 detrahi
997 3178 1064 3239 in
1091 3179 1290 3258 pretio
1315 3224 1331 3257 ‚
1386 3179 1602 3260 quanti
1629 3180 1765 3242 haec

240 3272 433 3332 omnia
482 3271 786 3333 aestimari
836 3276 1151 3350 poterunt.
1211 3275 1307 3334 Ita
1351 3273 1766 3334 communiter

239 3365 508 3426 doctores
556 3383 720 3444 quos
763 3366 1032 3427 afferunt
1076 3369 1141 3426 et
1173 3370 1521 3444 sequuntur
1550 3366 1758 3428 Molin.

240 3457 386 3537 disp.
417 3461 557 3519 361.
593 3457 774 3519 Salas
801 3456 871 3518 de
896 3466 1072 3538 empt.
1093 3466 1148 3517 et
1175 3457 1341 3518 vend.
1375 3458 1525 3519 dub.
1549 3475 1757 3521 xxxix.

240 3557 299 3612 et
319 3554 491 3612 tract.
520 3549 595 3611 de
622 3550 836 3627 usuras,
869 3550 1021 3612 dub.
1055 3567 1250 3613 xxvn.
1286 3570 1393 3614 nu.
1424 3555 1485 3613 4.
1517 3552 1764 3614 Lessius

241 3661 366 3723 cap.
397 3660 523 3706 xxl.
557 3643 713 3705 dub.
749 3659 889 3706 vm.
922 3647 987 3706 et
1009 3659 1097 3706 lx.
1137 3647 1199 3705 et
1226 3644 1332 3705 alii
1359 3662 1596 3706 omneS.
1632 3647 1762 3707 lmo

241 3737 403 3798 addit
426 3737 680 3799 Lessius
708 3736 773 3799 (1.
808 3736 959 3798 dub.
994 3754 1078 3798 lx.
1130 3740 1371 3799 tantam
1417 3757 1553 3798 esse
1582 3756 1764 3817 posse

243 3830 660 3892 difficultatem
678 3874 695 3907 ,
749 3829 849 3891 vel
875 3830 1386 3893 incertitudinem
1411 3831 1760 3909 solutionis,

242 3927 305 3984 ut
327 3923 516 4002 possit
541 3921 809 3983 dimidio
836 3924 1047 3984 valore
1078 3923 1224 3984 emi.

312 4017 483 4077 Circa
508 4016 634 4077 hoc
657 4018 871 4078 tamen
899 4016 1173 4078 dubitari
1199 4015 1361 4078 solet
1385 4035 1467 4077 an
1491 4016 1544 4077 si
1571 4016 1685 4078 tibi
1703 4017 1766 4078 in

245 4109 589 4186 particulari
639 4127 764 4170 non
808 4108 890 4170 sit
933 4109 1201 4170 difficilis
1230 4109 1490 4172 obtentu
1517 4111 1764 4188 soluti0‚

246 4218 454 4279 nempe
484 4200 566 4262 ob
596 4202 882 4264 favorem
911 4202 1211 4281 principis
1241 4202 1339 4262 vel
1369 4202 1502 4281 ejus
1531 4203 1772 4264 officia-

243 4292 383 4352 lium
405 4339 421 4370 ,
469 4294 572 4355 vel
625 4294 704 4357 00
747 4300 1140 4356 contractum
1168 4313 1311 4356 cum
1340 4297 1620 4375 principe
1650 4297 1768 4357 ini-

246 4390 390 4462 tum,
439 4388 642 4465 possis
698 4387 907 4448 adhuc
951 4388 1136 4450 vilius
1189 4407 1398 4450 emere
1453 4390 1765 4468 chirogra-

245 4477 427 4555 phum
462 4479 618 4540 illud
648 4498 685 4540 a
713 4480 1046 4557 creditore,
1076 4480 1175 4541 cui
1204 4481 1457 4543 difficile
1486 4488 1580 4545 est
1606 4484 1772 4543 solu-

246 4569 467 4632 tionem
497 4573 803 4634 obtinere.
864 4575 1066 4652 Negat
1093 4575 1271 4636 Salas
1299 4575 1361 4636 d.
1387 4574 1538 4637 dub.
1571 4592 1766 4636 xxvn.

246 4661 515 4726 damaris
543 4683 719 4727 num.
751 4669 813 4728 8.
863 4666 1122 4728 Malder.
1157 4671 1338 4729 tract.
1370 4670 1446 4731 V.
1482 4687 1619 4748 cap.
1655 4685 1766 4730 vn.

247 4754 385 4818 dub.
415 4777 477 4820 v.
536 4758 858 4820 Molfesius
894 4759 957 4820 in
988 4759 1220 4822 Summ.
1269 4765 1423 4823 tom.
1456 4764 1533 4824 11.
1585 4764 1764 4824 tract.

247 4862 347 4910 xn.
379 4868 515 4930 cap.
551 4867 615 4916 v.
647 4871 753 4915 nu.
789 4855 929 4915 116.
962 4858 1026 4915 3ι
1051 4852 1193 4929 alii,
1245 4871 1404 4934 quos
1439 4854 1629 4917 tacito
1658 4872 1773 4916 no·-

248 4940 402 5003 mine
427 4944 621 5008 refert
647 4947 818 5009 Less.
851 4965 958 5008 nu.
991 4950 1091 5010 75.
1152 4946 1275 5008 Alii
1318 4951 1531 5009 tamen
1565 4948 1775 5010 verius

251 5033 309 5093 id
333 5037 684 5100 concedunt
705 5084 722 5116 ,
780 5040 1014 5101 Melina
1061 5040 1124 5102 (1.
1159 5039 1320 5120 disp.
1354 5042 1493 5103 361.
1527 5041 1775 5103 Lessius

250 5132 921 5194 3331.76.Βο11301113
964 5132 1126 5213 disp.
1160 5136 1264 5194 Ill.
1299 5133 1369 5195 de
1389 5134 1777 5195 contractibus

252 5238 473 5299 qu.111.
505 5229 721 5304 punct.
761 5228 856 5289 10.
916 5226 1139 5306 etipse
1165 5228 1341 5289 Salas
1381 5227 1498 5288 3101
1530 5230 1779 5289 contra-

253 5313 373 5375 rius
410 5316 578 5378 idem
607 5319 791 5381 docet
832 5319 984 5382 dub.
1015 5324 1116 5383 40.
1166 5320 1235 5381 de
1261 5321 1546 5403 emptione
1571 5331 1628 5383 et
1648 5340 1779 5383 ven-

3278 315 3389 376 291

1861 478 2036 540 muni
2065 480 2477 544 aestimatione
2521 499 2647 564 qua
2681 485 3099 555 communiter
3131 488 3396 550 aestima-

1860 576 2065 650 retur,
2116 574 2171 634 si
2206 582 2661 654 proponeretur
2687 579 2896 657 palam
2924 580 3181 643 venalis.
3243 584 3398 643 Cum

1862 682 2012 742 ergo
2050 666 2115 726 in
2145 669 2461 729 communi
2492 671 2904 734 oestimatione
2933 672 3215 734 debitum
3244 674 3398 735 illud

1864 776 1991 818 non
2021 760 2177 822 tanti
2207 760 2569 840 aestimetur,
2622 765 2888 827 fortunae
2928 769 3052 829 tuae
3080 767 3399 846 imputan-

1862 850 2015 911 dum
2043 856 2137 916 est
2166 854 2336 933 quod
2362 855 2477 916 tibi
2505 857 2838 919 commoda
2871 859 2952 921 sit
2979 858 3113 938 ejus
3141 877 3398 939 recupe-

1861 945 2043 1007 ratio.
2077 946 2254 1009 Sicut
2280 947 2329 1009 si
2360 966 2592 1028 equum
2619 950 2996 1014 indomitum
3017 957 3079 1015 et
3098 952 3393 1030 ferocem,

1860 1056 2050 1116 quem
2098 1058 2174 1100 ea
2218 1039 2297 1101 de
2348 1059 2539 1103 causa
2579 1043 2683 1104 alii
2712 1062 2918 1105 emere
2946 1050 3279 1122 recusant,
3331 1049 3400 1108 tu

1863 1131 2064 1208 pretio
2094 1132 2204 1193 vili
2233 1152 2404 1195 emas
2424 1181 2439 1212 ,
2493 1135 2701 1197 sciens
2730 1137 3112 1215 peculiarem
3141 1138 3401 1200 modum

1861 1222 2040 1285 illum
2059 1224 2381 1305 domandi,
2424 1231 2493 1289 ut
2518 1229 2884 1291 utilissimus
2912 1236 3131 1310 postea
3158 1230 3265 1308 sit,
3289 1233 3399 1311 ju-

1860 1320 1955 1379 ste
2001 1318 2205 1381 emisti
2258 1340 2271 1381 :
2333 1320 2481 1401 quia
2526 1321 2589 1382 in
2633 1323 2948 1385 communi
2993 1324 3400 1386 aestimatione

1862 1428 1989 1472 non
2010 1411 2148 1490 plus
2179 1412 2451 1490 valebat,
2483 1415 2596 1477 sed
2626 1420 2749 1479 tuae
2787 1416 3112 1479 industriae
3140 1417 3404 1496 imputa·

1861 1506 1967 1565 tur
1996 1505 2165 1585 quod
2195 1504 2362 1567 utilis
2389 1507 2521 1571 fiat.

1943 1597 2298 1677 Objiciunt,
2346 1599 2495 1679 quia
2535 1601 2689 1663 illud
2738 1601 3021 1665 debitum
3067 1620 3193 1671 non
3239 1603 3406 1667 valet

1859 1690 2069 1753 minus
2122 1692 2243 1753 nisi
2297 1697 2556 1772 propter
2603 1695 2903 1757 damnum
2933 1713 3296 1775 emergens;
3350 1695 3403 1758 si

1861 1802 2011 1862 ergo
2042 1788 2248 1847 cessat
2274 1785 2489 1846 damni
2517 1787 2866 1865 periculum
2889 1834 2905 1867 ‚
2939 1794 3141 1851 cessat
3186 1790 3405 1853 titulus

1856 1876 2119 1939 minoris
2165 1877 2318 1938 illud
2349 1879 2620 1943 emendi.
2681 1884 2868 1960 Resp.
2901 1881 3210 1944 minorem
3235 1884 3403 1945 valo·

1857 1987 1995 2031 rem
2048 1987 2177 2030 non
2220 1972 2359 2031 fieri
2405 1972 2486 2033 00
2535 1972 2832 2033 damnum
2881 1992 3211 2055 emergens
3257 1974 3405 2037 huic

1860 2063 2165 2141 emptori,
2221 2063 2334 2125 sed
2382 2064 2462 2126 00
2507 2065 2942 2129 difficultatem
2990 2073 3056 2130 et
3101 2068 3404 2131 damnum

1861 2156 2031 2236 quod
2061 2158 2481 2219 communiter
2508 2161 2711 2236 affert,
2765 2164 3023 2239 propter
3051 2180 3193 2243 quae
3230 2180 3402 2224 com-

1859 2250 2137 2311 muniter
2164 2268 2290 2312 non
2318 2252 2476 2314 tenti
2505 2253 2871 2315 aestimatur.
2907 2253 3082 2317 Siout
3109 2255 3172 2316 in
3200 2273 3406 2316 exem-

1859 2343 1963 2423 plo
2013 2344 2283 2406 adducto
2331 2364 2530 2426 equus
2574 2346 2678 2407 ille
2724 2347 2899 2408 ferox
2946 2347 3093 2408 huic
3138 2347 3407 2428 emptori

1863 2436 2225 2499 utilissimus
2256 2440 2379 2512 est3
2412 2442 2476 2500 et
2502 2440 2715 2500 tamen
2747 2439 2916 2519 juste
2946 2440 3176 2502 emitur
3203 2441 3402 2520 pretio

1861 2529 2000 2608 vili,
2054 2530 2203 2610 quia
2246 2534 2506 2610 propter
2548 2532 2851 2593 ferociam
2881 2537 2944 2595 et
2970 2533 3405 2596 difficultatem

1862 2622 2037 2682 illum
2097 2623 2397 2684 domandi
2468 2624 2535 2685 in
2596 2623 2915 2687 communi
2990 2624 3404 2688 aestimatione

1860 2716 2039 2795 parvi
2068 2716 2357 2779 habetur.

1943 2813 2075 2870 Hoc
2103 2828 2253 2888 ergo
2285 2810 2640 2889 suppositO,
2674 2810 3008 2874 difficultas
3036 2812 3400 2892 principalis

1865 2906 1960 2964 est
1986 2902 2064 2963 de
2094 2902 2305 2963 debito
2334 2902 2595 2983 liquide,
2629 2907 2693 2965 et
2721 2905 2962 2966 secluso
2990 2906 3267 2985 periculo
3295 2909 3403 2967 aut

1864 2996 2229 3057 difficultate
2258 2999 2321 3057 et
2343 2997 2650 3075 molestia,
2684 3016 2766 3059 an
2794 2999 2994 3077 possis
3022 3018 3061 3061 a
3093 2999 3401 3061 creditore

3548 2830 3625 2889 95

3467 2952 3656 2997 Debitum
3674 2950 3734 2997 11·

3479 3008 3723 3105 ²¹3⁶?ss

1862 3089 2122 3150 minoris
2151 3089 2325 3150 illud.
2335 3090 2584 3150 emere?
2644 3090 2854 3151 Prima
2883 3093 3194 3155 sententia
3238 3094 3399 3154 31111·-
3452 3115 3711 3179 possimino
3685 3111 3750 3158 orl

1865 3186 2034 3261 mat,
2094 3201 2209 3264 pro
2267 3202 2392 3263 qua
2434 3185 2692 3246 affertur
2721 3185 3142 3248 communiter
3168 3188 3397 3248 Navar.

1866 3278 1927 3338 in
1957 3277 2232 3338 Μαηιιαίι
2255 3295 2309 3340 3.
2335 3294 2488 3340 xv11.
2522 3297 2585 3339 n.
2601 3281 2741 3340 230.
2774 3278 2921 3341 licet
2950 3281 3126 3342 Salas
3155 3280 3220 3341 d.
3246 3281 3396 3342 dub.

1862 3387 2060 3432 xxvn.
2093 3390 2201 3431 nu.
2235 3375 2293 3432 2.
2329 3375 2392 3433 3ι
2434 3373 2495 3432 5.
2546 3375 2772 3450 neget,
2824 3372 2888 3431 id
2920 3391 3054 3434 esse
3085 3374 3164 3434 de
3191 3378 3402 3435 mente

1864 3464 2147 3525 Navarri.
2176 3466 2330 3525 Eam
2358 3469 2572 3526 tamen
2595 3468 2812 3526 tenent
2838 3466 3032 3545 Cajet.
3064 3467 3239 3528 verb.
3271 3487 3402 3529 usu-

1862 3578 1955 3635 ra,
1989 3576 2126 3636 cap.
2162 3557 2273 3619 ult.
2308 3559 2412 3634 Sa,
2445 3557 2621 3618 verb.
2654 3556 2928 3635 debitum,
2962 3578 3024 3621 n.
3051 3563 3150 3621 20.
3173 3565 3282 3622 aut
3297 3564 3395 3622 21.

1863 3649 2103 3713 Armill.
2145 3650 2373 3710 Rosell.
2423 3648 2692 3711 Conrad.
2742 3651 3050 3728 Palatios,
3102 3655 3166 3713 et
3213 3655 3396 3729 Azor,

1866 3760 2022 3823 quos
2064 3745 2249 3804 affert
2292 3747 2356 3803 et
2380 3743 2662 3823 sequitur
2686 3743 2911 3804 Thom.
2944 3743 3175 3804 Sanch.
3207 3744 3315 3806 lib.
3348 3747 3396 3806 I.

1869 3834 2090 3898 Consil.
2126 3854 2182 3896 c.
2215 3851 2328 3898 vn.
2363 3835 2688 3898 dub.xv11.
2717 3835 3005 3896 eamdem
3028 3836 3403 3898 sententiam

1866 3928 2154 3990 docuisse
2183 3927 2367 3990 Card.
2401 3927 2851 3989 Bellarminum
2876 3928 3168 4006 Lemnii,
3202 3935 3265 3991 et
3288 3931 3406 3990 Pe-

1865 4028 2035 4084 trum
2077 4024 2272 4083 Parra
2289 4066 2305 4097 ,
2356 4020 2787 4082 doctissimum
2815 4020 3024 4082 virum
3051 4025 3281 4083 nostrae
3309 4040 3404 4083 so·

1868 4115 2109 4177 cietatis
2139 4117 2354 4176 Romae
2376 4157 2394 4190 ,
2445 4116 2711 4176 testatur
2734 4116 2905 4176 Less.
2941 4114 3092 4175 dub.
3124 4132 3262 4177 vm.
3295 4134 3402 4177 nu.

1865 4213 1968 4272 66.
2027 4211 2307 4287 Eamque
2346 4225 2699 4286 supponere
2729 4207 2918 4270 debet
2944 4208 3142 4269 Tolet.
3185 4208 3294 4270 lib.
3328 4210 3403 4271 V.

1870 4302 2039 4363 Sum.
2073 4320 2127 4361 c.
2163 4317 2329 4361 xxxl.
2365 4300 2637 4361 Cordub.
2673 4300 2862 4360 etiam
2893 4319 2998 4380 qu.
3030 4303 3171 4363 231.
3203 4302 3260 4379 ἓ.
3292 4301 3412 4362 Hac

1870 4395 2042 4455 etiam
2066 4439 2082 4470 ‚
2116 4397 2180 4454 et
2209 4394 2418 4454 Salon.
2453 4412 2560 4472 qu.
2593 4395 2919 4456 LXXVIII.
2952 4396 3071 4455 art.
3104 4411 3176 4456 11.
3208 4399 3406 4456 contr.

1874 4492 1970 4563 17,
2014 4491 2076 4548 3ι
2105 4488 2317 4547 Penne
2346 4504 2534 4564 quem
2560 4485 2695 4564 ipse
2722 4486 2952 4563 refert,
3002 4505 3141 4547 eam
3184 4486 3415 4564 proba-

1871 4581 2063 4641 bilem
2097 4597 2355 4640 censere
2382 4579 2694 4640 videntur.
2757 4580 2960 4651 Quare
3005 4581 3255 4641 videtur
3301 4597 3414 4641 ex-

1873 4671 2131 4735 cessisse
2178 4673 2462 4748 Bannes,
2540 4689 2729 4750 quem
2773 4671 3058 4751 sequitur
3115 4673 3292 4734 Salas
3345 4671 3408 4733 d.

1872 4766 2022 4827 dub.
2055 4780 2253 4827 xxvn.
2286 4783 2393 4827 nu.
2425 4768 2487 4825 6.
2521 4763 2771 4841 dicens,
2821 4764 2992 4824 illam
3022 4784 3157 4826 esse
3184 4765 3415 4844 impro-

1871 4859 2169 4921 babilem.
2204 4857 2330 4920 Sed
2358 4857 2522 4919 ultra
2550 4861 2840 4919 auctores
2869 4856 3091 4919 citatos
3120 4856 3418 4935 probabi-

1870 4953 1946 5013 lis
1969 4950 2292 5032 judicatur
2320 4967 2357 5010 a
2386 4949 2574 5012 Mald.
2622 4953 2803 5012 tract.
2837 4950 2913 5011 V.
2961 4967 3016 5011 c.
3046 4965 3116 5010 11.
3166 4949 3317 5012 dub.
3350 4966 3412 5012 v.

1874 5044 2187 5108 Philiarco
2235 5042 2306 5104 de
2331 5041 2532 5124 efficto
2560 5041 2932 5121 Sacerdotis,
2984 5060 3046 5121 p.
3080 5043 3160 5103 11.
3206 5042 3314 5104 lib.
3351 5058 3411 5105 v.

1877 5156 1932 5200 c.
1965 5154 2104 5198 xm.
2140 5137 2340 5198 Fabro
2369 5134 2439 5196 de
2464 5144 2602 5196 rest.
2638 5136 2700 5195 in
2734 5153 2819 5198 lv.
2855 5138 3015 5197 sent.
3050 5137 3112 5196 et
3142 5137 3323 5196 Petro
3338 5133 3418 5195 de

1875 5231 2164 5292 Ledesm.
2197 5230 2263 5290 in
2292 5228 2575 5304 Summa,
2628 5245 2786 5307 quos
2827 5227 3010 5287 affert
3047 5230 3110 5288 et
3135 5226 3421 5305 sequitur

1878 5324 2079 5385 Diana
2108 5327 2259 5385 tom.
2294 5335 2337 5383 1.
2372 5325 2553 5383 tract.
2587 5319 2657 5382 de
2683 5328 2965 5381 contract.
2998 5337 3121 5380 res.
3153 5322 3252 5381 49.
3300 5322 3419 5381 Pro

254 5405 474 5472 ditione.
537 5413 717 5474 Ratio
757 5417 886 5490 est,
939 5415 1089 5494 quia
1113 5416 1290 5477 valor
1316 5416 1409 5476 rei
1439 5434 1563 5478 non
1593 5415 1782 5479 debet
1883 5417 2106 5478 eadem
2137 5416 2327 5478 etiam
2356 5413 2664 5477 sententia
2693 5415 2949 5474 affertur
2974 5412 3279 5475 Bernard.
3302 5415 3423 5475 Bu-

256 5502 408 5565 sumi
432 5521 510 5568 ex
534 5505 802 5570 utilitate
845 5506 1093 5587 privata
1134 5513 1244 5574 tua
1265 5553 1283 5589 ,
1333 5510 1446 5572 sed
1490 5527 1567 5573 ex
1612 5528 1784 5573 oom-

1885 5512 2039 5575 stius
2075 5528 2266 5575 serm.
2299 5525 2510 5572 xxx1v.
2571 5507 2740 5587 apud
2787 5506 2965 5571 Salas
3005 5506 3156 5571 dub.
3197 5511 3299 5571 39.
3355 5507 3426 5569 de

3480 3170 3613 3226 prelio
3631 3168 3730 3213 emi.

3532 3223 3669 3267 Prima

3498 3278 3718 3326 3311133113.
