4263 6376
1156 391 1626 452 DISPUTATIO
1670 391 1885 466 xxiv,
1935 391 2209 452 SECTIO
2254 392 2355 452 VI.
3258 393 3336 454 87

242 564 649 628 restitutionem.
708 565 771 625 Si
802 583 955 626 vero
1005 567 1253 645 spurius
1291 586 1415 630 non
1462 568 1704 647 accepit

242 659 428 719 directe
451 676 487 716 a
509 661 698 736 patre,
731 656 842 717 sed
874 657 953 718 ab
984 660 1106 721 alio
1137 679 1325 740 quem
1356 667 1534 740 pater
1570 661 1700 740 jus-

241 752 301 811 sit
318 750 370 810 id
402 750 536 810 dare
563 751 766 828 spurio
801 766 816 813 ε
850 750 899 810 si
930 750 1061 831 ipse
1092 771 1167 813 ex
1214 753 1567 832 ignorantia
1597 753 1699 814 de·

239 843 325 918 dit,
351 847 546 921 putans
571 861 636 902 se
667 844 898 917 teneri,
939 844 1072 924 jam
1102 865 1290 926 supra
1320 846 1587 907 diximus
1618 847 1698 906 ei-

239 936 350 996 dem
373 935 820 997 restituendum.
858 938 922 999 Si
954 957 1102 1000 vero
1130 943 1352 1018 sponte
1383 939 1579 1018 dedit,
1599 958 1697 1000 re-

237 1029 389 1088 tinere
413 1029 620 1106 poterit
644 1030 910 1106 spuriuS,
949 1031 998 1091 si
1029 1032 1184 1092 dans
1212 1033 1292 1093 sit
1317 1033 1455 1094 talis
1499 1051 1535 1092 a
1573 1051 1695 1112 quo

235 1122 352 1182 alias
374 1121 630 1199 accipere
657 1127 906 1201 poterat
938 1144 952 1185 :
988 1125 1264 1205 alioquin
1312 1126 1520 1186 eidem
1567 1144 1693 1185 res·

234 1214 523 1275 tit-nendum
552 1219 662 1290 est,
697 1216 869 1295 quod
917 1218 967 1277 si
996 1218 1127 1296 ipse
1158 1219 1265 1299 qui
1294 1218 1468 1280 dedit
1495 1237 1566 1279 ex
1598 1233 1696 1278 er-

233 1326 358 1382 rore,
386 1307 471 1367 vel
497 1307 595 1387 qui
629 1307 782 1368 dare
814 1327 939 1369 non
968 1316 1217 1389 poterat
1242 1312 1477 1390 spuri0,
1529 1330 1693 1372 mor-

232 1404 340 1460 tuus
361 1400 447 1475 sit,
486 1399 877 1461 reddendum
909 1407 1002 1464 est
1030 1403 1166 1482 ejus
1207 1403 1560 1464 haeredibus
1595 1425 1607 1466 :
1644 1405 1697 1464 si

230 1511 343 1552 vero
366 1491 499 1553 vivit
547 1498 607 1554 et
633 1511 759 1553 non
809 1496 942 1556 vult
993 1501 1346 1574 acceptare,
1393 1497 1445 1556 si
1492 1515 1694 1576 capax·

228 1593 299 1645 est
332 1584 529 1661 dandi,
604 1586 863 1647 retineri
911 1588 1143 1667 poterit
1200 1607 1236 1648 a
1292 1589 1506 1667 spurio
1551 1610 1564 1651 :
1640 1591 1692 1651 si

227 1682 656 1757 nonestcapax,
698 1680 912 1742 statim
962 1681 1243 1743 dicemus
1291 1682 1440 1763 quid
1485 1683 1692 1743 facere

226 1769 420 1830 debeat.
474 1772 535 1832 Si
590 1776 803 1833 autem
860 1774 1109 1852 spurius
1157 1793 1282 1835 non
1334 1776 1577 1854 accepit
1627 1776 1689 1835 in

224 1867 397 1939 morte,
425 1863 526 1924 sed
568 1883 607 1924 a
649 1869 829 1944 patre
861 1866 1110 1928 vivente
1132 1871 1193 1928 et
1212 1868 1509 1945 donante,
1542 1873 1689 1930 tunc

222 1959 357 2032 patre
374 1955 491 2033 jam
529 1964 800 2035 mortuo,
835 1961 970 2038 ejus
1019 1960 1372 2022 haeredibus
1426 1961 1689 2022 redden-

222 2045 336 2106 dum
358 2051 457 2109 est.
489 2049 603 2110 Ubi
632 2050 915 2126 adverte,
940 2052 990 2111 si
1022 2056 1199 2130 pater
1228 2054 1289 2113 in
1320 2054 1447 2114 vita
1468 2053 1690 2114 donas-

221 2147 289 2198 set
309 2145 519 2218 partem
545 2160 805 2204 suorum
838 2144 1147 2206 bonorum
1189 2146 1426 2225 spurio,
1459 2151 1522 2207 et
1550 2165 1687 2225 par-

220 2235 315 2291 tem
353 2233 515 2293 aliam
560 2235 749 2296 alicui
796 2242 1095 2299 extraneo
1142 2240 1380 2317 capaci,
1414 2258 1540 2300 non
1583 2240 1687 2300 de·

216 2322 328 2384 bere
349 2326 607 2404 spurium
634 2329 968 2391 restituere
998 2331 1087 2411 illi
1116 2332 1590 2409 condonatario,
1616 2339 1687 2394 ut

219 2415 281 2477 ita
311 2417 508 2495 dicam,
562 2421 675 2481 sed
734 2421 1090 2483 haeredibus
1143 2424 1383 2502 patri5,·
1428 2428 1497 2485 ut
1540 2444 1683 2486 cum

214 2515 325 2572 Ant.
374 2515 584 2574 Gomez
628 2514 907 2577 advertit
938 2518 1125 2596 Vasq.
1161 2536 1333 2578 num.
1370 2521 1508 2580 119.
1536 2519 1684 2597 quia

214 2602 260 2662 in
282 2604 680 2668 donationibus
713 2627 837 2669 non
883 2608 1074 2671 habet
1098 2610 1305 2672 locum
1336 2612 1443 2690 jus
1471 2630 1683 2672 accre-

214 2697 397 2773 scendi,
426 2700 577 2760 sicut
616 2700 781 2762 inter
827 2701 1129 2764 haeredes,
1193 2704 1259 2765 Si
1306 2723 1454 2764 vero
1503 2708 1681 2783 pater

213 2787 369 2848 adhuc
396 2791 551 2851 vivat
577 2793 787 2853 eidem
807 2793 1200 2856 reddendum
1229 2801 1344 2858 est.
1381 2797 1445 2858 Si
1464 2802 1675 2858 autem

211 2881 309 2958 ipse
337 2883 472 2944 nolit
505 2890 832 2965 acceptare
862 2888 1342 2964 restitutionem,
1377 2891 1661 2968 vasquez

212 2978 491 3036 num.165.
524 2981 585 3037 et
613 2996 794 3057 seqq.
831 2978 1001 3056 dicit,
1046 2979 1325 3041 dandum
1363 3000 1498 3042 esse
1538 2981 1675 3042 aliis

210 3065 314 3125 filiis
335 3068 627 3146 legitimis»,
661 3071 714 3130 si
746 3072 893 3147 sint,
930 3090 1051 3132 non
1083 3078 1292 3133 tamen
1326 3074 1671 3135 ascenden-

208 3157 334 3219 tibus
353 3165 449 3223 aut
470 3163 602 3224 aliis
634 3164 1031 3226 venientibus
1062 3184 1137 3228 ac
1165 3166 1459 3229 intestato
1486 3187 1498 3228 :
1529 3167 1677 3247 quia

209 3248 273 3324 hi,
296 3253 510 3315 vivente
537 3261 719 3335 patre
757 3256 995 3317 nullum
1028 3258 1264 3321 habent
1282 3258 1387 3338 jus
1435 3260 1514 3320 ad
1543 3259 1677 3340 ejus

207 3339 350 3419 bona,
385 3362 513 3406 cum
558 3354 773 3426 posset
810 3349 977 3410 bona
1023 3369 1137 3411 sua
1186 3351 1555 3429 dilapidare.
1611 3352 1674 3414 Si

205 3451 318 3513 ergo
341 3438 428 3498 alii
454 3440 559 3500 filii
585 3441 853 3521 legitimi
884 3462 1005 3504 non
1034 3444 1178 3520 sint,
1203 3445 1303 3505 vel
1331 3445 1384 3506 si
1413 3446 1537 3507 sint
1565 3464 1676 3506 no-

203 3525 288 3587 lint
310 3531 470 3592 etiam
499 3539 829 3613 acceptare
847 3536 1327 3612 restitutionem,
1353 3537 1506 3600 dicit
1526 3541 1674 3599 Vas·

204 3637 324 3698 quez
344 3641 505 3701 posse
535 3628 795 3706 quidem
825 3629 1105 3707 spurium
1128 3648 1201 3690 ea
1228 3630 1393 3690 bona
1422 3631 1664 3692 deferre

201 3712 332 3786 fisco,
360 3718 457 3777 sed
483 3720 562 3780 ad
587 3720 653 3780 id
686 3740 812 3782 non
842 3724 1060 3797 teneri,
1097 3740 1217 3783 non
1250 3729 1460 3784 tamen
1493 3744 1671 3803 posse

203 3803 280 3865 ina
317 3808 461 3870 bona
508 3810 818 3887 retinere,
879 3815 989 3874 sed
1043 3815 1334 3876 habenda
1381 3834 1515 3877 esse
1562 3836 1672 3895 pro

203 3898 455 3980 adespotis
482 3911 542 3966 et
567 3906 865 3983 inventis,
916 3912 978 3968 et
1014 3907 1223 3968 danda
1252 3927 1386 3969 esse
1434 3928 1668 3989 paupe-

202 3988 349 4055 ribus.
395 3998 579 4059 Addit
610 4002 801 4079 Vasq.
835 4019 1019 4080 posse
1049 4001 1303 4080 quidem
1349 4002 1453 4062 illa
1481 4021 1519 4062 a
1546 4003 1671 4062 fra-

202 4083 353 4145 tribus
372 4090 644 4169 accipere
693 4092 1046 4153 nolentibus
1092 4096 1446 4172 acceptare,
1492 4094 1544 4153 si
1574 4099 1668 4155 ta-

201 4191 307 4236 men
336 4178 538 4242 fratres
576 4184 707 4246 sint
750 4186 1147 4265 emancipati,
1183 4191 1246 4245 et
1283 4185 1555 4265 majores
1583 4187 1670 4246 vi-

202 4265 317 4343 giuti
341 4272 597 4354 quinque
645 4277 849 4354 annis,
902 4277 957 4337 si
984 4282 1193 4339 autem
1239 4278 1363 4339 sint
1397 4279 1673 4340 emanci-

201 4360 313 4438 pati,
340 4365 436 4425 sed
478 4369 776 4446 minoreS,
827 4389 951 4431 non
979 4376 1234 4450 possent
1271 4375 1495 4432 tratres
1523 4390 1672 4432 con-

203 4452 405 4534 donare,
428 4461 541 4522 nisi
571 4482 649 4522 ex
677 4481 984 4524 consensu
1015 4463 1230 4543 patriS,
1251 4463 1357 4544 qui
1387 4465 1672 4544 estquasi

202 4562 372 4610 eorum
408 4561 675 4632 curator,
728 4560 918 4635 atque
945 4557 1088 4616 ideo
1134 4556 1261 4636 jam
1303 4556 1551 4635 spurius
1580 4558 1672 4617 vi-

203 4637 461 4705 deretur-a
501 4654 680 4726 patre
727 4648 864 4727 ipso
908 4648 1192 4726 accipere
1239 4648 1393 4708 illud
1435 4649 1672 4710 benefi-

202 4731 347 4811 cium,
376 4742 532 4817 quod
550 4741 691 4801 fieri
728 4760 853 4801 non
880 4746 1108 4821 potest.

260 4828 380 4890 Haec
405 4834 717 4913 responsio
749 4834 991 4913 aliquas
1020 4833 1419 4894 difficultates
1450 4833 1660 4896 habet.

207 4919 363 4982 Primo
405 4926 564 4987 enim
612 4945 739 4986 non
770 4926 976 5002 viden,
1029 4944 1139 4986 cur
1177 4927 1469 4987 fratribus
1496 4927 1672 4989 resti-

124 5010 125 5015 ’
162 5014 169 5023 ’
202 5014 447 5077 tuendum
464 5019 573 5080 sit:
598 5037 746 5080 nam
769 5019 821 5080 si
839 5019 925 5079 illi
954 5036 1079 5080 non
1108 5023 1255 5079 sunt
1271 5018 1668 5098 emancipati,

202 5108 366 5168 statim
381 5113 853 5192 acquirerentur
865 5111 1031 5172 bona
1060 5111 1164 5171 illa
1186 5110 1369 5189 patri,
1402 5111 1673 5174 maxime

202 5214 309 5258 cum
335 5221 435 5263 nec
454 5205 573 5267 sint
584 5203 951 5279 castrensia,
976 5222 1090 5263 nec
1107 5202 1285 5283 quasi
1303 5204 1668 5280 castrensia,

203 5290 285 5349 sed
312 5296 497 5372 potius
525 5297 883 5375 profectitia
915 5316 928 5356 :
965 5314 1159 5375 quare
1205 5295 1256 5355 si
1302 5295 1674 5373 supponitur

202 5390 338 5458 pater
361 5389 507 5451 nolle
535 5396 867 5468 acceptare
895 5387 1374 5465 restitutionem,
1407 5388 1490 5448 ad
1519 5388 1674 5477 nihil

202 5473 455 5542 deserviet
495 5483 643 5544 dare
684 5481 1005 5544 tratribus,
1064 5480 1302 5541 Deinde
1347 5480 1478 5541 sive
1522 5480 1666 5558 sint,

202 5566 300 5630 sive
319 5590 427 5635 non
454 5575 575 5640 sint
598 5574 1001 5656 emancipati,
1033 5574 1150 5655 ipsi
1168 5574 1403 5635 nullum
1425 5574 1531 5655 jus
1562 5574 1670 5635 ha·

1801 568 1951 628 bent
1992 566 2238 629 vivente
2286 571 2460 646 patre
2508 567 2587 629 ad
2637 565 2930 628 habenda
2976 568 3122 629 tunc
3169 567 3336 629 bona

1801 659 2013 737 ipsine.
2048 661 2124 721 Et
2153 660 2429 739 quidem,
2477 660 2525 720 si
2558 679 2657 720 res
2688 660 2919 721 donata
2956 660 3168 738 spurio
3200 665 3336 720 erat

1799 752 1863 812 in
1892 770 1965 813 ea
1995 753 2365 830 quantitate,
2400 771 2591 832 quam
2619 754 2752 813 sine
2780 752 3143 833 praejudicio
3178 753 3333 831 legi-

1798 846 1965 906 tirnae
1993 846 2136 906 filiis
2183 846 2431 921 debitae,
2467 852 2676 925 posset
2714 852 2892 925 pater
2938 847 3174 907 donare
3222 864 3329 904 ex-

1796 942 2038 1013 traneo,
2072 958 2199 999 non
2229 939 2497 1002 debetur
2525 939 2650 1000 ulla
2681 940 2920 1001 ratione
2963 939 3106 999 filiis
3134 939 3333 1016 legiti-

1796 1032 1937 1108 mis,
1970 1050 2113 1092 cum
2143 1032 2446 1111 potuisset
2474 1037 2672 1111 pater,
2707 1033 2858 1110 ipsis
2887 1031 3117 1107 invitis,
3159 1031 3327 1090 illam

1797 1143 2107 1185 summam
2165 1125 2535 1204 dilapidare,
2597 1129 2666 1186 ut
2719 1125 2876 1188 dixit
2929 1124 3096 1185 idem
3133 1127 3327 1202 Vasq.

1797 1222 2083 1297 respectu
2125 1218 2618 1280 ascendentium.
2673 1217 2736 1280 Si
2784 1235 2931 1278 vero
2980 1221 3158 1297 pater
3203 1235 3326 1277 non

1794 1311 2097 1389 potuisset
2123 1316 2365 1372 tantam
2393 1328 2705 1371 summam
2735 1316 3029 1372 extraneo
3065 1310 3322 1385 donare,

1794 1403 1993 1464 adhec
2021 1404 2130 1464 fini
2163 1423 2283 1464 non
2309 1404 2542 1465 habent
2562 1405 2666 1482 jus
2690 1404 2767 1464 ad
2787 1403 3120 1464 fruendum
3141 1403 3245 1463 illa
3263 1402 3325 1461 in

1793 1496 1923 1557 vita
1950 1497 2178 1575 patris;
2213 1515 2336 1575 quo
2369 1515 2518 1575 ergo
2548 1497 2726 1557 titulo
2757 1499 3018 1576 possunt
3036 1496 3206 1556 illam
3237 1495 3324 1554 in·

1792 1589 1974 1650 terim
2006 1588 2238 1649 habere
2268 1593 2566 1669 tanquam
2598 1607 2774 1649 suam
2796 1589 2826 1649 ἱ)

1872 1682 2159 1743 Secundo
2192 1681 2440 1742 difficile
2472 1686 2586 1757 est,
2622 1682 2784 1761 quod.
2819 1682 2926 1742 filii
2959 1682 3319 1761 emancipa-

1790 1774 1834 1835 ti
1866 1775 2139 1835 minores
2169 1794 2244 1833 cx
2272 1794 2578 1835 consensu
2637 1775 2831 1855 patris
2890 1793 3011 1835 non
3070 1781 3325 1853 possent

1791 1886 1902 1946 pro
1934 1871 2110 1946 parte
2154 1885 2265 1927 sua
2297 1867 2674 1945 condonare,
2710 1886 2891 1943 casu,
2927 1886 3051 1947 quo
3073 1869 3322 1947 spurius

1788 1965 1995 2040 potest
2022 1978 2058 2020 a
2087 1960 2381 2021 fratribus
2410 1960 2715 2038 accipere,
2751 1966 2814 2021 et
2843 1961 3009 2039 quod
3041 1965 3187 2021 tunc
3208 1980 3319 2040 pa-

1788 2058 1883 2115 ter
1938 2052 2336 2114 consentiens
2420 2058 2779 2113 censeretur
2835 2053 2985 2113 dare
3069 2054 3321 2132 spurio:

1788 2164 1977 2226 quam
2024 2144 2454 2206 difficultatem
2482 2145 2730 2206 videtur
2789 2163 2933 2206 cum
2986 2145 3319 2205 formidine

1785 2239 2050 2299 sensisse
2082 2239 2250 2298 idem
2282 2241 2469 2318 Vasq.
2505 2238 2766 2313 addens,
2792 2238 3055 2319 quamvis
3083 2237 3190 2298 hoc
3216 2237 3318 2298 clu-

1786 2332 2060 2392 bitatione
2086 2351 2200 2391 non
2230 2340 2446 2391 careat.
2499 2333 2577 2392 Et
2626 2332 2873 2408 merito,
2938 2332 3086 2409 quia
3140 2336 3320 2410 pater

1783 2426 2041 2504 praecisc
2100 2429 2407 2503 quatenus
2447 2423 2626 2485 daret
2681 2423 2857 2484 illum
2915 2441 3311 2499 consensum,

1782 2517 2044 2577 haberet
2071 2535 2137 2577 se
2167 2516 2366 2578 solum
2422 2519 2490 2576 ut
2539 2519 2792 2576 curator
2819 2516 3124 2587 filiorum;
3161 2535 3316 2594 qua-

1780 2628 1849 2670 re
1878 2613 2064 2689 prout
2091 2609 2202 2683 sic,
2243 2626 2368 2668 non
2398 2608 2575 2668 daret
2605 2624 2680 2667 ex
2709 2607 2859 2682 suis,
2893 2607 3002 2666 sed
3032 2626 3107 2667 ex
3133 2606 3314 2668 bonis

1779 2703 2332 2763 filiorum.Certum
2345 2705 2555 2760 autem
2569 2699 2818 2760 videtur
2833 2699 3001 2779 quod
3018 2704 3197 2778 pater
3213 2718 3313 2759 ex·

1779 2796 1970 2857 istens
1995 2799 2246 2856 curator
2284 2793 2536 2854 alterius
2567 2793 2824 2853 minoris
2860 2792 3162 2868 extranei,
3201 2793 3310 2872 qui

1777 2888 1966 2949 vellet
1979 2887 2214 2948 donare
2231 2885 2364 2965 ejus
2378 2886 2503 2946 filio
2535 2885 2770 2964 spurio,
2792 2904 2866 2945 ex
2883 2904 2955 2945 eo
2969 2885 3171 2965 capite
3185 2904 3309 2946 non

1776 2980 2211 3060 prohiberetur
2240 2979 2392 3039 dare
2422 2997 2533 3039 suo
2563 2978 2791 3038 minori
2821 2995 3194 3039 consensum
3230 2977 3309 3038 ad

1775 3074 1947 3133 illam
1976 3073 2402 3146 donationem,
2436 3090 2551 3131 nec
2607 3075 2756 3131 tunc
2808 3075 2989 3149 pater
3034 3071 3305 3132 donaret

1776 3167 1901 3227 filio
1958 3164 2193 3246 spurio,
2229 3165 2336 3225 sed
2384 3164 2592 3225 minor
2646 3163 2749 3224 ille
2798 3181 2874 3224 ex
2918 3163 3044 3224 suis
3102 3163 3302 3225 bonis,

1777 3260 1937 3335 Dixi,
1970 3278 2044 3320 ex
2071 3277 2135 3319 eo
2156 3258 2344 3339 capite
2374 3276 2498 3318 non
2514 3256 2835 3336 prohiberi
2865 3275 2902 3315 a
2932 3256 3140 3318 dando
3164 3275 3307 3317 con-

1775 3371 1962 3413 sensu
1988 3373 2000 3413 :
2022 3352 2171 3432 quia
2198 3349 2450 3412 aliunde
2479 3349 2740 3411 fortasse
2773 3368 2895 3410 non
2929 3354 3138 3427 posset
3165 3367 3308 3410 con-

1774 3446 2026 3521 sentire,
2052 3444 2102 3505 si
2135 3442 2388 3504 donatio
2435 3443 2541 3502 illa
2571 3446 2735 3503 essct
2765 3441 2827 3501 in
2869 3441 3306 3522 praejudicium

1774 3537 2054 3611 minoriS,
2089 3542 2152 3598 et
2178 3536 2355 3597 illum
2388 3535 2662 3614 graviter
2692 3535 2967 3611 loederet,
3003 3534 3163 3596 sicut
3191 3553 3305 3596 nec

1774 3635 1983 3708 posset
2003 3630 2153 3690 dare
2185 3647 2559 3705 consensum
2591 3628 2671 3688 ad
2728 3628 2882 3688 alios
2941 3632 3301 3690 contractus

1775 3723 1992 3783 noxios
2019 3722 2270 3784 minori.

1851 3815 2058 3876 Tertio
2090 3814 2362 3892 denique
2393 3812 2643 3873 difficile
2674 3817 2787 3889 cst,
2822 3813 2993 3891 quod
3033 3813 3304 3876 debeant

1772 3907 1939 3969 bona
1994 3908 2100 3967 illa
2158 3907 2295 3967 dari
2343 3905 2765 3986 pauperibus;
2828 3923 2973 3965 nam
3004 3905 3300 3983 obligatio

1773 3999 1967 4060 dandi
2009 4000 2176 4060 bona
2225 4000 2481 4060 inventa
2535 3996 2918 4078 pauperibus
2972 3997 3172 4058 oritur
3226 4017 3301 4059 ex

1770 4096 2153 4171 praesumpta
2189 4092 2509 4153 voluntate
2557 4089 2815 4165 domini,
2849 4089 2953 4168 qui
2986 4095 3296 4169 censetur,

1771 4184 2023 4265 quando
2080 4203 2157 4244 ea
2211 4202 2584 4262 recuperare
2643 4202 2769 4243 non
2825 4187 3051 4261 potest,
3114 4184 3296 4260 velle,

1772 4277 1939 4357 quod
1984 4277 2070 4339 ita
2123 4278 2559 4356 expendantur
2586 4275 2648 4335 in
2681 4274 2816 4355 ejus
2848 4276 3200 4354 utilitatem,
3236 4283 3304 4340 ut

1770 4370 2041 4431 vidimus
2071 4389 2262 4449 supra
2291 4371 2451 4448 disp.
2488 4386 2573 4431 vl.
2624 4375 2773 4429 sect.
2811 4372 2908 4431 12.
2945 4370 3011 4430 ln
3047 4369 3164 4430 hoc
3195 4389 3300 4431 au-

1768 4468 1897 4524 tem
1946 4480 2093 4523 casu
2123 4466 2372 4523 constat
2426 4464 2688 4539 patrem,
2724 4461 2830 4539 qui
2860 4460 3152 4523 dominus
3208 4467 3302 4524 est

1772 4555 2019 4616 illorum
2064 4554 2397 4627 bonorum,
2436 4554 2598 4614 nolle
2646 4552 2734 4613 ita
2773 4552 3061 4633 expendi.
3095 4554 3159 4615 Si
3190 4574 3302 4616 au-

1770 4652 1898 4708 tem
1927 4653 2105 4726 pater
2134 4665 2279 4707 vere
2312 4646 2657 4707 dominium
2688 4665 2874 4707 omne
2906 4652 2968 4707 et
2998 4645 3102 4726 jus
3133 4648 3212 4709 ad
3235 4648 3300 4708 il-

1772 4740 1831 4801 la
1858 4740 2027 4801 bona
2052 4739 2450 4819 perdidisset,
2486 4743 2673 4818 atque
2706 4738 2848 4801 ideo
2908 4748 3115 4802 essent
3142 4740 3303 4802 sicut

1774 4852 1847 4892 ca
1877 4851 2015 4912 quae
2037 4831 2095 4891 in
2129 4831 2355 4891 nullius
2386 4830 2659 4891 dominio
2688 4837 2980 4907 su11t,nec
3000 4850 3300 4910 umquam

1772 4927 2045 5000 suerunt,
2079 4931 2227 4986 tunc
2257 4924 2393 4984 fieri
2424 4927 2679 5001 possent
2734 4924 2937 5003 primo
2995 4942 3303 5004 occupan-

1773 5018 1889 5090 tis3
1922 5022 2112 5096 atque
2143 5016 2284 5076 ideo
2304 5015 2556 5094 quando
2587 5016 2717 5094 ipse
2748 5017 2996 5095 spurius
3039 5016 3302 5096 incapax

1774 5115 1937 5172 esset
1968 5107 2356 5190 acquirendi,
2391 5114 2603 5188 posset
2646 5109 2827 5169 facile
2859 5108 3066 5169 dicere
3097 5109 3298 5171 amico

1772 5223 1909 5280 suo,
1941 5203 2038 5263 cui
2067 5202 2292 5263 fideret
2319 5205 2548 5262 statum
2591 5199 2900 5261 bonorum
2932 5202 3200 5278 illorum,
3234 5207 3305 5265 ut

1771 5291 1902 5376 ipse
1934 5294 2299 5373 occupando
2332 5294 2510 5354 fieret
2548 5293 2861 5370 dominus,
2897 5298 2958 5354 et
3005 5299 3221 5372 postea
3251 5296 3299 5356 si

1770 5390 1977 5465 vellet„
2014 5387 2067 5448 ci
2099 5387 2281 5447 daret
2310 5387 2409 5446 vel
2453 5384 2664 5446 omnia
2713 5386 2811 5445 vel
2869 5392 3113 5464 partem
3170 5388 3297 5449 illo-

1771 5501 1933 5543 rull)-

1850 5572 2196 5636 Dicendum
2229 5590 2376 5652 ergo
2407 5576 2583 5653 puto,
2614 5570 2677 5631 in
2730 5570 2946 5654 primis
2974 5572 3140 5636 bona
3169 5573 3294 5653 illa,

3452 5579 3564 5644 105
