4263 6376
563 3205 638 3265 12

461 3331 567 3373 Vera
587 3335 759 3374 senten-

457 3384 517 3426 εἰ·
535 3386 757 3430 affirmans.

823 321 944 382 338

823 495 944 554 hoc
971 492 1153 572 pacto
1176 534 1191 564 ‚
1245 489 1314 547 ut
1357 482 1654 564 quamdiu
1684 495 1778 541 'ea
1825 499 1948 541 non
1978 477 2348 552 reddideriS‚

822 588 1028 648 solvas
1056 581 1206 642 mihi
1238 579 1513 659 quinque
1540 575 1718 635 annis
1746 572 2003 651 singulis
2024 617 2038 646 ,
2073 588 2187 630 nec
2217 587 2355 628 um-

823 696 1013 759 quam
1041 676 1119 735 ab
1148 673 1268 733 hoc
1299 687 1486 730 onere
1517 668 1599 728 sis
1628 666 1823 742 liber,
1872 665 2072 724 donec
2100 666 2352 723 centum

823 773 1078 848 accepta
1106 764 1370 838 reddaS,
1435 779 1557 822 non
1606 758 1980 836 computatis
2026 756 2087 814 in
2120 759 2351 814 sortem

820 881 959 942 quae
990 857 1242 920 interim
1273 854 1569 924 dederas;
1604 856 1770 911 certe
1793 850 1910 909 hoc
1931 852 2183 926 pactum
2207 866 2350 905 usu·

818 955 1052 1015 rarium
1083 955 1144 1011 et
1170 948 1473 1027 injustum
1502 950 1687 1020 essct,
1742 942 1983 1002 secluso
2013 941 2187 999 lucro
2220 956 2353 997 ces-

817 1050 1014 1121 sante,
1048 1046 1276 1104 damno
1309 1041 1674 1115 emergente
1700 1081 1715 1110 ,
1764 1033 1863 1093 vel
1908 1033 2026 1093 alio
2058 1031 2241 1091 simili
2271 1031 2347 1090 ti-

816 1141 966 1215 tulo,
1002 1156 1124 1217 quo
1157 1132 1438 1194 excusari
1483 1133 1714 1208 posset.
1768 1130 1847 1186 At
1876 1128 1936 1186 in
1968 1144 2157 1186 censu
2185 1123 2352 1183 redi-

814 1232 1013 1293 mibili
1041 1230 1208 1288 idem
1238 1223 1492 1286 omnino
1521 1221 1727 1301 reipsa
1759 1219 2072 1279 invenitur
2123 1237 2137 1277 :
2186 1216 2352 1276 acci-

812 1326 903 1405 pit
931 1324 1097 1384 enim
1126 1319 1416 1381 venditor
1444 1320 1695 1376 centum
1717 1332 1789 1373 eo
1812 1315 2018 1391 pactO,
2045 1316 2352 1389 utquam-

813 1418 921 1477 diu
949 1435 1024 1476 ea
1052 1432 1176 1473 non
1200 1407 1568 1483 reddiderit,
1604 1405 1805 1465 solvat
1833 1403 2109 1482 quinque
2140 1401 2348 1479 singu-

810 1510 886 1569 lis
917 1507 1116 1581 anniS‚
1152 1509 1213 1565 et
1232 1500 1482 1581 quando
1514 1502 1769 1558 centum
1798 1493 2180 1569 reddiderit,
2239 1510 2344 1551 ex-

809 1602 1054 1678 tinguat
1083 1596 1385 1669 debitum,
1418 1610 1542 1651 non
1570 1588 1993 1667 computando
2022 1586 2081 1646 in
2116 1589 2346 1646 sortem

810 1692 1022 1754 omnia
1051 1708 1189 1770 quae
1220 1687 1493 1747 solverat
1523 1703 1536 1743 ε
1572 1701 1720 1759 ergo
1751 1681 1956 1759 reipsa
1985 1698 2107 1740 non
2139 1678 2346 1739 differt

810 1805 846 1846 a
876 1789 1092 1845 mutuo
1123 1778 1431 1853 usurario,
1477 1774 1586 1835 sed
1622 1775 1682 1833 in
1724 1774 1853 1834 solo
1886 1771 2160 1845 nomine,
2196 1787 2344 1848 qua-

805 1884 988 1941 tenus
1017 1894 1141 1936 non
1172 1870 1517 1951 appellatur
1548 1867 1800 1927 nomine
1822 1864 2045 1940 mutui,
2071 1862 2179 1923 sed
2202 1880 2343 1922 cen-

807 1992 911 2032 sus
940 1966 1327 2030 redimibiliS.

886 2060 1174 2125 Secundo
1222 2055 1569 2118 ostenditur
1620 2051 1921 2132 injustitia
1961 2049 2149 2130 hujus
2192 2066 2342 2108 con-

807 2160 1041 2219 tractus
1076 2172 1150 2212 ex
1200 2147 1622 2227 inaequalitate
1665 2145 1848 2224 pretii
1895 2162 2039 2203 cum
2085 2160 2154 2202 re
2197 2159 2337 2220 quae

807 2249 1068 2319 emitum
1122 2261 1266 2302 nam
1320 2259 1432 2319 pro
1482 2243 1755 2311 centum,
1802 2255 1941 2315 quae
1986 2253 2152 2294 nunc
2199 2233 2332 2309 daS‚

807 2342 964 2403 emis
993 2357 1117 2400 non
1147 2336 1349 2397 solum
1391 2335 1644 2394 centum
1680 2346 1819 2409 quae
1866 2327 2088 2407 viginti
2133 2326 2342 2405 proxi-

804 2435 923 2494 mis
952 2432 1130 2493 annis
1170 2427 1458 2505 accipieS,
1494 2424 1603 2484 sed
1633 2423 1821 2485 etiam
1843 2421 1965 2480 alia
1995 2425 2247 2480 centum
2278 2423 2339 2480 et

806 2527 949 2603 alia,
1002 2542 1141 2604 quae
1184 2524 1402 2600 postea
1448 2522 1728 2595 tempore
1758 2515 1965 2574 futuro
2005 2513 2279 2589 accipies
2316 2531 2329 2572 :

806 2638 931 2680 non
978 2635 1127 2694 ergo
1169 2614 1584 2690 adaequantur
1624 2607 1841 2667 datum
1883 2609 1945 2666 ct
1982 2609 2331 2683 acceptum,

806 2713 925 2772 nisi
952 2710 1105 2771 velis
1136 2706 1497 2767 dilationem
1520 2700 1817 2778 temporis
1839 2699 2134 2773 vendere,
2166 2696 2334 2775 quod

804 2806 937 2866 sine
977 2819 1167 2864 usura
1214 2797 1351 2858 fieri
1390 2813 1515 2856 non
1545 2796 1768 2873 potest.
1819 2794 1949 2851 Hoc
1978 2795 2072 2851 est
2110 2789 2332 2869 praeci-

804 2916 1000 2978 puum
1046 2892 1525 2954 fundamentum
1572 2885 1757 2965 hujus
1795 2882 2118 2945 sententiae
2156 2903 2168 2943 :
2203 2883 2324 2942 alia

805 2992 976 3051 enim
1023 3006 1163 3066 quae
1207 2981 1419 3043 afferri
1448 2980 1671 3054 solent,
1709 2977 1944 3038 leviora
1988 2980 2154 3052 sunt,
2189 2994 2329 3054 quae

805 3087 1026 3163 postea
1045 3079 1384 3140 referemus
1415 3077 1476 3133 et
1503 3073 1840 3132 solvemuS.

888 3179 1062 3238 Hanc
1092 3168 1465 3233 sententiam
1480 3164 1755 3244 theologi
1786 3181 2001 3224 omnes
2023 3160 2336 3241 etjuristae

809 3267 1222 3332 communiter
1265 3260 1574 3342 rejiciunt,
1609 3277 1768 3337 quos
1806 3257 1929 3316 late
1960 3259 2330 3333 congerunt,

809 3369 872 3426 et
933 3361 1281 3440 sequuntur
1346 3353 1575 3416 Molina
1642 3351 1801 3430 disp.
1875 3351 2014 3410 385.
2088 3348 2336 3408 Lessius

808 3476 945 3536 cap.
996 3470 1150 3514 xxn.
1194 3450 1345 3510 dub.
1403 3464 1506 3507 ιιι.
1555 3445 1731 3506 Salas
1770 3443 1939 3502 dicta
1976 3441 2125 3501 dub.
2171 3457 2238 3501 11.
2275 3445 2339 3503 et

808 3550 909 3610 alii
939 3545 1194 3628 passim,
1241 3547 1303 3603 et
1339 3542 1582 3601 constat
1610 3557 1684 3597 ex
1728 3535 1914 3596 bullis
1944 3552 2335 3594 summorum

804 3640 1180 3704 Pontificum
1221 3632 1469 3696 Martini
1497 3633 1572 3694 V.
1608 3629 1815 3690 Calisti
1846 3629 1948 3687 ΙΙΙ.
1985 3625 2221 3686 Nicolai
2256 3628 2329 3688 V.

806 3742 867 3797 et
895 3734 986 3795 Pii
1016 3735 1089 3808 V,
1120 3729 1229 3809 qui
1255 3744 1476 3787 census
1498 3742 1640 3784 cum
1657 3721 1840 3782 certis
1870 3718 2334 3779 conditionibus

803 3829 1171 3908 probarunt,
1205 3837 1435 3897 eosque
1478 3815 1880 3876 declararunt
1920 3811 2123 3871 licitos
2173 3830 2331 3887 esse,

804 3926 1021 3983 contra
1050 3934 1205 3996 quas
1231 3911 1435 3973 bullas
1464 3908 1671 3969 minus
1700 3909 2060 3966 reverenter
2086 3903 2334 3965 locutus

776 4009 899 4075 ‘est
943 4012 1253 4072 Albornoz
1298 4022 1390 4065 111.
1440 4001 1509 4062 de
1556 3997 1962 4062 Contractibus
2005 3997 2098 4057 tit.
2136 4013 2204 4057 11.
2239 3997 2335 4056 di-

804 4125 973 4181 cenS,
1025 4122 1129 4163 eas
1172 4118 1298 4160 non
1341 4096 1574 4157 habere
1620 4093 1748 4152 vim
1794 4090 1971 4168 legiS,
2017 4090 2164 4167 quia
2208 4107 2331 4149 non

803 4199 1199 4261 continentur
1228 4193 1290 4252 in
1322 4191 1575 4251 decreto
1603 4189 1713 4246 aut
1740 4182 2191 4257 Decretalibus,
2217 4201 2334 4242 nec

800 4291 973 4371 loqui
1020 4289 1097 4348 de
1128 4285 1414 4347 censibus
1461 4276 1860 4361 pecuniariis,
1916 4276 2025 4335 sed
2058 4274 2136 4334 de
2167 4275 2333 4335 fruc-

800 4384 1041 4460 tuariiS,
1092 4379 1317 4459 quibus
1363 4378 1534 4437 certa
1581 4391 1725 4451 pars
1768 4371 2081 4430 fructuum
2112 4367 2331 4446 praedii

800 4480 863 4541 in
893 4472 1360 4550 fructibusipsis
1380 4465 1681 4530 solvenda
1710 4464 1959 4539 emitur,
1985 4466 2048 4522 et
2076 4461 2331 4521 tandem

801 4572 1046 4653 pejores
1076 4585 1214 4627 esse
1242 4563 1488 4642 legibus
1523 4562 1949 4620 Romanorum
1980 4553 2332 4615 conceden-

800 4666 965 4728 tibus
1002 4679 1245 4733 usuraS,
1281 4674 1424 4717 cum
1464 4653 1667 4732 majus
1705 4651 1949 4709 lucrum
1981 4666 2053 4707 ex
2082 4650 2323 4722 mutue,

800 4777 990 4840 quam
1020 4756 1190 4834 leges
1231 4752 1351 4811 illae
1395 4746 1780 4828 permittant.
1819 4740 2007 4819 Cujus
2056 4739 2329 4800 auctoris

793 4851 1109 4914 licentiam
1137 4847 1296 4906 bene
1325 4841 1655 4919 impugnat
1682 4835 1860 4897 Salas
1889 4833 2054 4892 dicto
2079 4831 2230 4892 dub.
2254 4848 2323 4892 11.

796 4964 968 5007 num.
1015 4946 1076 5003 6.
1124 4939 1368 5001 constat
1414 4932 1581 4993 enim
1611 4930 1687 4989 de
1719 4925 2006 4987 censibus
2035 4923 2327 5002 pecunia-

795 5040 904 5101 riis
931 5048 1287 5098 sermonem
1314 5045 1473 5102 esse,
1509 5023 1586 5084 de
1621 5022 1849 5102 quibus
1896 5017 2161 5078 consulti
2192 5017 2327 5076 fue-

795 5135 936 5194 rant
967 5125 1317 5197 PontificeS‚
1350 5121 1644 5198 ipsosque
1665 5115 1832 5174 circa
1863 5110 2214 5171 doctrinam
2244 5109 2323 5169 ad

795 5241 1001 5284 mores
1055 5218 1472 5298 pertinentem
1544 5207 1841 5271 Ecclesiae
1898 5202 2318 5281 respondisse,

793 5325 981 5397 atque
1010 5314 1150 5374 ideo
1183 5327 1307 5369 non
1335 5323 1518 5386 posse
1551 5304 1788 5380 absque
1828 5316 2060 5373 errore,
2096 5296 2195 5356 vel
2227 5295 2322 5355 in-

794 5409 965 5491 genti
993 5403 1340 5470 temeritate
1372 5396 1560 5459 asscri
1595 5394 1761 5475 quod
1803 5389 2171 5466 erraverint,
2204 5407 2317 5467 ap-

1984 305 2086 363 DE
2127 300 2483 363 JUS'rl'rlA
2526 300 2627 358 ΕΤ
2667 298 2867 360 JURE

2450 473 2780 553 probando
2812 475 2882 533 ut
2909 469 3147 532 licitum
3174 469 3238 530 id
3270 468 3441 550 quod
3466 468 3546 529 de
3566 468 3710 548 jure
3739 472 3984 529 naturae

2447 566 2750 647 injustum
2780 569 2842 626 et
2868 563 3226 625 usurarium
3256 566 3410 623 erat.

2529 660 2606 719 Et
2625 657 2901 737 quidem,
2927 657 3095 736 quod
3125 656 3349 716 attinet
3377 654 3457 714 ad
3499 671 3754 715 sensum
3784 670 3985 713 raeer-

2446 751 2749 826 vativum,
2786 753 3030 811 certum
3061 752 3174 824 est,
3207 748 3447 809 licitum
3478 766 3637 823 esse,
3673 764 3824 806 cum
3854 746 3987 823 qui·

2446 843 2600 904 libet
2632 842 2827 921 possit
2867 860 2941 902 ex
2971 860 3038 901 re
3068 859 3202 916 sua,
3236 840 3414 919 cujus
3463 840 3822 900 dominium
3851 856 3988 916 gra·
4029 856 4043 883 ¹
4079 899 4082 909 ,
4131 850 4136 851 ’

2447 935 2524 995 tis
2556 935 2652 995 vel
2684 935 2761 995 ob
2792 934 3062 1012 pretium
3104 933 3168 992 in
3198 933 3390 993 alium
3421 933 3736 1007 transfert,
3778 949 3989 990 reser-

2446 1046 2596 1087 vare
2651 1027 2766 1087 sibi
2811 1030 3055 1104 partem
3094 1025 3255 1105 juris
3295 1044 3487 1105 quam
3530 1025 3700 1086 velit.
3765 1026 3990 1102 Neque

2449 1120 2640 1180 etiam
2670 1119 2918 1179 videtur
2957 1136 3091 1178 esse
3122 1118 3458 1179 difficultas
3487 1118 3564 1178 de
3593 1136 3795 1179 censu
3838 1116 3988 1175 reali

2446 1212 2811 1286 fructuari0‚
2872 1229 2996 1291 quo
3052 1216 3298 1288 emptor
3353 1210 3506 1272 emit
3556 1211 3674 1271 sibi
3730 1217 3989 1289 partem

2445 1304 2762 1365 fructuum
2795 1303 3010 1380 praedii
3042 1303 3251 1378 alieni,
3286 1321 3431 1362 nam
3452 1303 3612 1363 sicut
3641 1306 3868 1380 posset
3899 1307 3984 1362 to-

2444 1400 2577 1457 tum
2614 1396 2924 1475 praedium
2968 1414 3175 1455 emere
3206 1399 3269 1457 et
3300 1394 3406 1474 jus
3454 1395 3535 1455 ad
3582 1414 3813 1455 omnes
3859 1394 3992 1473 ejus

2443 1489 2703 1564 fructus,
2739 1493 2801 1549 et
2828 1489 2988 1549 sicut
3016 1494 3224 1566 posset
3254 1488 3709 1548 usumfructum
3739 1505 3985 1562 emere,

2443 1587 2737 1642 manente
2767 1581 3045 1641 dominio
3077 1580 3312 1641 directo
3345 1599 3537 1659 penes
3554 1580 3985 1652 venditorem,

2442 1674 2530 1733 sic
2598 1674 2828 1752 poterit
2900 1677 3141 1751 partem
3231 1672 3513 1751 ejusdem
3584 1673 3990 1733 ususfructus

2443 1784 2651 1826 emere
2686 1786 2699 1826 :
2735 1765 2795 1825 in
2826 1765 2924 1825 his
2954 1766 3122 1826 enim
3153 1765 3781 1826 omnibusinvenitur
3810 1783 3988 1825 merx

2440 1857 2732 1919 distincta
2782 1877 2822 1918 a
2893 1858 3181 1935 pecunia,
3261 1877 3400 1939 quae
3447 1858 3652 1937 ‘possit
3704 1858 3989 1937 pecunia

2437 1950 2646 2025 vendi,
2698 1968 2925 2029 nempe
2965 1950 3068 2031 jus
3096 1951 3484 2030 percipiendi
3541 1955 3796 2012 tantam
3850 1970 3985 2030 par·

2436 2047 2564 2103 tem
2594 2043 2933 2118 fructuum,
2969 2044 3139 2122 quod
3169 2044 3425 2122 quidem
3449 2043 3551 2122 jus
3566 2043 3779 2123 pretio
3806 2044 3984 2105 finito

2438 2141 2500 2196 et
2528 2139 2699 2196 certo
2731 2134 2850 2194 emi
2881 2138 3106 2213 potest,
3140 2136 3303 2197 sicut
3330 2141 3391 2197 et
3428 2137 3631 2214 ipsum
3661 2138 3986 2215 praedium

2436 2245 2581 2287 cum
2617 2231 2770 2303 toto,
2805 2230 2868 2287 et
2905 2227 3087 2305 pleno
3125 2229 3269 2306 jure
3313 2229 3701 2307 percipiendi
3751 2248 3986 2290 omnes

2434 2321 2673 2381 fructus
2702 2320 2765 2378 in
2795 2324 3196 2399 perpetuum.

2515 2413 2856 2473 Difficultas
2886 2431 3020 2472 esse
3051 2417 3258 2491 potest
3272 2413 3349 2473 de
3369 2433 3558 2474 censu
3577 2416 3982 2494 pecuniario,

2435 2524 2557 2585 quo
2588 2506 2816 2566 emitur
2844 2506 3046 2565 solum
3079 2508 3187 2585 jus
3233 2507 3312 2567 ad
3361 2508 3731 2587 pensionem
3789 2514 3986 2571 oertae

2431 2598 2711 2677 pecuniae
2743 2599 3078 2676 quotannis
3122 2600 3552 2678 recipiendam
3575 2647 3590 2677 ,
3645 2620 3856 2680 quem
3885 2608 3982 2664 ta-

2431 2710 2574 2751 men
2603 2692 2791 2752 etiam
2820 2691 3058 2752 licitum
3087 2711 3220 2752 esse
3265 2698 3509 2755 constat
3551 2695 3882 2773 imprimis
3912 2715 3982 2755 ex

2435 2783 2614 2845 dictis
2673 2784 3041 2845 Pontificum
3080 2785 3288 2861 bullis,
3348 2787 3411 2846 in
3460 2787 3689 2866 quibus
3744 2788 3840 2848 de
3894 2790 3986 2849 his

2435 2877 2830 2956 potissimum
2862 2877 3151 2938 censibus
3204 2877 3393 2939 locuti
3450 2883 3630 2950 sunt;
3695 2884 3760 2941 et-
3824 2883 3987 2943 ratic

2436 2970 2625 3031 etiam
2693 2970 2943 3030 videtur
2998 2971 3169 3030 clara
3215 2991 3229 3031 :
3285 2971 3433 3051 quia
3496 2972 3549 3031 si
3593 2977 3816 3050 potest
3860 2976 3984 3034 emi

2430 3080 2651 3123 census
2671 3062 3066 3138 fructuariuS,
3083 3066 3147 3125 et
3157 3062 3260 3142 jus
3288 3064 3370 3124 ad
3389 3068 3630 3126 tantam
3647 3065 3982 3127 fructuum

2434 3160 2676 3234 partem
2706 3155 3176 3235 recipiendam;
3225 3161 3523 3236 poterunt
3569 3163 3799 3237 postea
3845 3160 3981 3221 fieri

2434 3249 2537 3308 alii
2585 3252 2942 3310 contractus
2990 3250 3503 3327 permutationis,
3551 3269 3676 3330 quo
3719 3252 3988 3314 debitor

2433 3344 2778 3402 commutat
2807 3340 3253 3419 obligationem
3300 3342 3607 3403 reddendi
3651 3346 3822 3406 tales
3853 3347 3985 3407 fru-

2431 3438 2567 3494 ctus
2595 3432 2658 3492 in
2687 3432 3134 3511 obligationem
3164 3434 3470 3494 reddendi
3500 3439 3742 3497 tantam
3777 3458 3984 3517 pecu-

2432 3525 2602 3584 niam
2631 3543 2945 3597 annuam,
2994 3526 3160 3587 facta
3211 3527 3619 3590 aestimatione
3669 3532 3981 3607 prudenti

2431 3617 2660 3678 valoris
2682 3617 2787 3696 qui
2810 3617 3132 3696 judicatur
3159 3619 3574 3681 communiter
3612 3621 3884 3685 futurus
3913 3625 3985 3685 il-

2430 3710 2632 3771 lorum
2661 3710 2999 3787 fructuum,
3033 3711 3120 3771 ita
3147 3715 3217 3771 ut
3243 3713 3485 3793 aequale
3506 3714 3584 3774 sit
3609 3716 3982 3793 periculum

2432 3807 2495 3864 et
2521 3821 2662 3882 spes
2694 3802 2907 3862 damni
2938 3849 2953 3880 ,
2990 3803 3089 3863 vel
3116 3803 3271 3864 lucri
3304 3805 3365 3864 in
3397 3809 3665 3884 utroque
3707 3815 3982 3872 contra-

2431 3895 2641 3957 hente.
2678 3895 2855 3968 Quod
2886 3900 3099 3956 autem
3127 3915 3240 3976 per
3269 3897 3429 3958 duos
3458 3901 3828 3962 contractus
3844 3906 3984 3965 sieri

2430 3992 2660 4066 posset,
2695 3991 2898 4065 potest
2927 3989 3114 4049 etiam
3145 3990 3280 4048 fieri
3311 4008 3424 4068 per
3445 3992 3698 4052 unicum
3719 4002 3982 4058 contra·

2430 4085 2600 4140 ctum
2631 4080 2737 4158 qui
2767 4079 3013 4140 duobus
3043 4081 3440 4159 aequivaleat,
3474 4095 3536 4144 et
3563 4103 3688 4163 quo
3717 4097 3983 4150 ematur

2429 4191 2574 4251 pars
2628 4172 2966 4248 fructuum,
3028 4177 3090 4234 et
3137 4193 3259 4253 quo
3307 4194 3453 4253 pars
3500 4177 3602 4236 illa
3644 4178 3980 4241 fructuum

2429 4268 2849 4326 commutetur
2885 4265 2948 4323 in
3000 4265 3448 4343 obligationem
3498 4270 3784 4331 solvendi
3839 4279 3982 4335 tan-

2429 4362 2558 4420 tam
2576 4358 2908 4436 pecuniam
2940 4377 3215 4418 annuam
3241 4406 3256 4434 ,
3307 4378 3452 4420 cum
3484 4380 3604 4422 non
3653 4373 3980 4445 repugnet

2427 4468 2610 4530 posse
2664 4449 2882 4509 reduci
2936 4451 3014 4510 ad
3074 4451 3496 4530 aequalitatem
3552 4454 3741 4515 talem
3798 4477 3981 4520 com-

2427 4541 2878 4618 mutationem,
2926 4542 2979 4603 si
3021 4545 3291 4621 pretium
3341 4552 3650 4625 angeatur
3694 4552 3801 4610 vel
3859 4555 3982 4614 mi-

2428 4640 2677 4710 nuatur,
2712 4640 2897 4713 prout
2923 4637 3137 4714 regula
3179 4639 3556 4716 aequalitatis
3597 4641 3854 4706 dictare
3883 4647 3979 4707 vi-

2429 4729 2673 4789 deatur.

2510 4820 2796 4883 Secundo
2825 4820 3079 4898 probari
3107 4821 3284 4900 solet,
3322 4825 3471 4902 quia
3501 4827 3859 4892 adversarii
3889 4834 3976 4893 fa·

2426 4918 2636 4977 tentur
2662 4927 2918 4972 censum
2941 4914 3130 4974 etiam
3151 4917 3582 4993 pecuniarium
3604 4924 3804 4984 semel
3827 4944 3976 4986 con·

2425 5009 2704 5070 stitutum
2738 5024 2920 5083 posse
2947 5010 3163 5084 postea
3189 5007 3358 5069 licite
3388 5011 3508 5070 emi
3546 5033 3560 5073 :
3596 5032 3673 5073 ex
3707 5014 3834 5077 hoc
3867 5038 3973 5079 au-

2424 5108 2552 5164 tem
2581 5099 2714 5159 fieri
2747 5098 3013 5176 videtur,
3044 5101 3211 5179 quod
3233 5103 3433 5179 possit
3451 5106 3641 5166 etiam
3672 5110 3753 5169 ab
3786 5112 3972 5173 initio

2422 5213 2535 5276 pro
2565 5191 2833 5273 pecunia
2859 5192 3082 5265 vendi;
3117 5211 3242 5253 non
3272 5196 3442 5256 enim
3473 5199 3800 5278 plusvalet
3825 5224 3968 5266 een·

2423 5308 2529 5350 sus
2557 5285 2809 5366 quando
2839 5285 2916 5344 de
2947 5304 3107 5346 novo
3138 5287 3560 5371 constituitur,
3586 5313 3778 5373 quam
3799 5307 3966 5376 post-

2421 5399 2609 5463 quam
2638 5377 3009 5440 constitutus
3038 5383 3148 5441 est.
3181 5380 3247 5442 Si
3276 5399 3425 5461 ergo
3447 5387 3641 5447 semel
3665 5392 3970 5453 constitu·
