4263 6376
1227 289 1697 351 DISPUTATIO
1741 287 1929 363 XXV,
1978 288 2252 349 SECTIO
2295 290 2400 350 lx.

263 472 391 548 tale,
422 475 488 531 ut
526 486 671 529 cum
712 467 848 527 aliis
894 466 1078 527 docet
1122 467 1367 528 Lessius
1412 466 1574 526 infra
1619 483 1758 543 cap.

257 582 385 625 xxv.
418 559 564 621 dub.
595 565 657 621 3.
708 565 770 620 et
796 559 1150 620 videbimus
1193 563 1448 637 agentes
1496 559 1574 618 de
1619 576 1766 617 cen-

258 660 442 719 tractu
487 652 834 728 societatiS,
896 653 1125 729 poteris
1178 652 1422 711 lucrum
1466 650 1758 724 retinere,

259 748 485 810 etiamsi
510 747 588 805 de
617 745 723 805 tali
748 744 936 804 modo
958 744 1344 822 justificandi
1373 748 1763 804 contractum

258 860 369 903 non
397 837 796 917 cogitaveriS,
838 836 948 896 sed
976 836 1143 896 bona
1185 835 1305 895 fide
1337 834 1584 895 dederis
1614 852 1764 893 cen-

257 943 374 995 tum
401 951 509 1012 pro
538 936 714 992 tanto
758 930 930 989 lucro
978 932 1183 1004 certo,
1235 928 1408 987 salva
1454 930 1618 987 sorte
1654 946 1667 986 :
1712 926 1763 986 si

258 1033 444 1088 tamen
472 1022 815 1103 praevidisti
853 1026 913 1082 te
941 1022 1004 1081 in
1032 1021 1139 1082 tali
1167 1024 1493 1081 contractu
1538 1018 1765 1079 minori

256 1122 410 1181 lucro
436 1120 799 1178 contentum
844 1133 1012 1189 esse,
1064 1132 1255 1193 quam
1296 1132 1372 1173 ex
1414 1117 1580 1173 sorte
1621 1130 1765 1190 spe-

254 1230 378 1272 rare
431 1207 737 1288 potuisses
785 1226 800 1266 :
847 1205 979 1285 jam
1027 1206 1195 1265 enim
1244 1204 1551 1283 praevides
1607 1222 1763 1264 onus

255 1303 403 1384 quod
432 1301 621 1376 subis,
655 1317 881 1377 nempe
910 1298 1237 1359 minuendi
1262 1299 1529 1373 lucrum,
1564 1301 1626 1357 et
1643 1297 1763 1357 hoo

254 1415 394 1457 onus
445 1412 566 1454 non
621 1391 722 1451 vis
775 1391 973 1469 gratis
1026 1390 1272 1465 subire,
1350 1390 1461 1450 sed
1515 1392 1764 1449 contra-

254 1495 344 1550 ctu
370 1503 626 1548 oneroso
655 1482 922 1545 remittis
965 1484 1044 1543 de
1089 1501 1200 1560 spe
1244 1482 1401 1542 lucri
1432 1501 1446 1541 ε
1479 1483 1573 1542 vis
1612 1498 1761 1559 ergo

252 1600 352 1661 pro
381 1578 572 1659 pretio
600 1576 770 1637 illius
807 1575 994 1636 totius
1040 1579 1397 1637 contractus
1441 1591 1764 1635 assecura-

250 1676 464 1737 tionem
487 1714 490 1717 -
516 1670 706 1731 sortis
761 1673 825 1729 et
874 1667 1052 1743 lucri,
1113 1671 1176 1728 et
1230 1668 1426 1728 habes
1479 1667 1761 1727 volunta-

251 1772 363 1829 tem
388 1763 799 1825 sufficientem
829 1760 1150 1821 confusam
1194 1759 1592 1820 condonandi
1617 1777 1764 1839 par-

251 1868 363 1922 tem
387 1856 540 1918 lucri
585 1873 704 1933 pro
735 1852 1198 1913 assecuratione
1228 1871 1267 1913 a
1293 1855 1642 1913 mercatore
1668 1852 1764 1912 fa·-

251 1951 472 2013 cienda.

322 2044 487 2106 Dicet
512 2040 762 2119 aliquis,
810 2057 885 2098 ex
931 2038 1051 2098 hoc
1094 2037 1271 2117 sequi
1329 2036 1497 2117 quod
1551 2041 1762 2116 posset

251 2135 478 2198 liberari
506 2134 701 2194 etiam
731 2149 767 2190 a
794 2129 1060 2191 simonia
1101 2129 1203 2189 ille
1246 2130 1351 2209 qui
1398 2148 1511 2208 pro
1559 2129 1759 2209 pretio

177 2254 191 2265 ·
252 2229 456 2291 obtulit
482 2226 769 2287 obtinere
816 2226 999 2283 Petro
1049 2221 1423 2282 beneficium
1470 2221 1762 2282 ecclesia-

178 2300 191 2327 ¹
250 2325 453 2383 sticum
486 2341 499 2381 :
533 2336 685 2379 nam
713 2316 857 2377 licet
886 2315 1224 2376 intenderit
1250 2314 1525 2376 vendere
1554 2315 1761 2393 ipsum

178 2405 196 2435 ⁸*
251 2413 642 2481 beneficium;
705 2409 769 2467 in
827 2408 930 2468 illo
986 2411 1194 2468 tamen
1239 2408 1564 2486 complexo
1620 2426 1760 2486 pro-

249 2510 416 2569 misso
470 2504 829 2566 continetur
878 2500 1058 2561 labor
1107 2505 1169 2562 et
1210 2518 1402 2578 opera
1430 2501 1494 2560 in
1536 2519 1763 2578 procu-

249 2601 447 2677 rando,
479 2614 621 2678 quae
652 2595 846 2673 digna
875 2596 1012 2653 erat
1036 2593 1269 2671 pretiO,
1306 2598 1368 2655 et
1395 2611 1506 2673 pro
1538 2612 1663 2672 qua
1692 2596 1762 2654 ut

248 2692 639 2755 condistiucta
689 2707 726 2747 a
778 2686 1104 2762 beneficio,
1149 2685 1453 2764 potuisset
1489 2687 1760 2765 pretium

248 2788 496 2866 exigere.
553 2779 997 2858 Respondetur
1052 2779 1339 2858 negando
1410 2779 1755 2859 sequelam.

250 2881 408 2940 Ratio
436 2872 806 2937 differentiae
835 2876 967 2946 est,
1001 2870 1147 2949 quia
1175 2874 1308 2931 tota
1352 2872 1591 2932 malitia
1620 2890 1762 2932 usu-

248 2991 340 3049 rae,
370 2975 436 3032 ut
460 2986 630 3046 saepe
660 2963 931 3025 diximus
955 3009 970 3038 ,
1004 2963 1292 3041 provenit
1336 2982 1411 3023 ex
1456 2963 1759 3043 injustitia

248 3069 532 3145 quatenus
550 3061 690 3121 sine
711 3057 888 3119 titulo
910 3056 1214 3135 accipitur
1233 3056 1506 3116 alienum
1528 3076 1541 3116 :
1564 3074 1758 3136 quare

248 3156 475 3239 quando
507 3151 709 3232 evcigis
733 3150 978 3210 lucrum
1023 3166 1138 3228 pro
1178 3153 1398 3210 mutuo
1449 3148 1598 3226 tali,
1632 3167 1758 3211 non

248 3249 562 3312 committis
590 3260 813 3306 revera
860 3259 1116 3302 usuram
1136 3287 1151 3317 ‚
1203 3241 1350 3320 quia
1395 3261 1520 3303 non
1564 3242 1758 3303 infers

245 3344 515 3424 iniuriam
547 3360 562 3399 ε
593 3339 745 3398 licet
773 3335 940 3395 enim
971 3339 1258 3395 mutuum
1286 3353 1400 3415 pro
1430 3354 1554 3414 quo
1572 3335 1759 3395 simul

247 3438 492 3516 pretium
521 3431 724 3510 exigis
752 3433 815 3490 et
844 3427 1076 3507 accipis
1099 3473 1114 3503 ‚
1166 3445 1290 3489 non
1330 3427 1411 3489 sit
1439 3429 1639 3507 pretio
1667 3428 1757 3488 di.

246 3547 418 3608 gnum
449 3544 464 3588 2
499 3543 660 3587 onus
688 3527 899 3584 tamen
945 3519 1308 3598 adjunctum
1362 3525 1456 3581 est
1494 3520 1757 3599 dignum

245 3627 360 3683 toto
388 3622 488 3681 illo
518 3616 723 3698 pretio
751 3661 767 3686 ,
803 3617 990 3692 atque
1020 3611 1162 3672 ideo
1194 3630 1317 3673 non
1355 3612 1547 3673 infers
1592 3613 1758 3693 inju-

246 3715 384 3774 riam
412 3708 719 3790 exigendo
767 3710 1019 3767 centum
1073 3721 1188 3783 pro
1243 3706 1551 3784 completo
1597 3710 1752 3784 toto,

244 3808 401 3886 cnjus
429 3823 550 3866 una
579 3820 729 3883 pars
760 3798 911 3859 nihil
939 3797 1125 3873 valet,
1146 3796 1195 3857 si
1224 3797 1600 3860 alteravalet
1615 3817 1755 3859 cen-

244 3905 382 3962 tum.
421 3895 722 3960 Simonias
750 3909 901 3953 vero
941 3889 1181 3950 malitia
1216 3908 1340 3950 non
1386 3891 1651 3952 sumitur
1679 3910 1755 3952 ex

243 3992 544 4070 injustitia,
577 3988 690 4049 sed
720 4005 795 4046 ex
826 3982 1238 4044 irreverentia
1277 4001 1416 4060 quae
1443 3982 1515 4043 fit
1539 3984 1631 4043 rei
1657 4002 1754 4043 sa-

244 4103 368 4162 crae,
402 4081 709 4163 exigendo
737 4079 835 4138 vel
865 4074 1232 4155 accipiendo
1253 4093 1366 4152 pro
1388 4093 1461 4134 ea
1482 4075 1752 4153 pretium

242 4177 584 4257 temporale.
617 4176 777 4234 Nam
804 4171 951 4230 licet
975 4185 1088 4247 pro
1120 4185 1312 4245 opera
1345 4169 1407 4227 et
1424 4166 1637 4227 labore
1659 4186 1752 4228 se-

244 4272 494 4331 cundum
540 4287 608 4330 se
654 4264 923 4345 pretium
954 4263 1166 4339 posset
1213 4258 1415 4338 exigi,
1447 4260 1753 4339 indepen-

245 4369 442 4425 nenter
467 4363 547 4424 ab
575 4379 651 4423 eo
689 4356 858 4437 quod
888 4351 1263 4414 beneficium
1312 4350 1699 4414 obtineretur
1726 4373 1744 4426 ;

244 4477 350 4517 non
377 4463 582 4518 tamen
616 4456 823 4532 potest
861 4465 975 4528 pro
1006 4445 1330 4523 complexo
1361 4463 1435 4505 ex
1465 4463 1657 4524 opera
1687 4451 1756 4508 et

242 4549 542 4624 beneficio,
578 4546 727 4627 quia
760 4544 895 4622 jam
942 4541 1254 4615 irrogatur
1279 4536 1507 4616 injuria
1532 4538 1626 4598 rei
1655 4557 1752 4598 sa·

243 4660 383 4718 crae,
413 4639 699 4703 faciendo
739 4636 910 4696 illam
950 4630 1267 4711 objectum
1314 4633 1378 4690 et
1419 4630 1752 4691 materiam

243 4735 546 4812 partialem
575 4727 975 4801 venditioniS,
1010 4727 1072 4784 et
1098 4721 1307 4782 dando
1337 4740 1451 4800 pro
1481 4723 1587 4782 illa
1610 4741 1753 4802 par-

3274 294 3388 350 237

1864 464 2134 542 pretium
2163 465 2465 542 vendidit,
2498 466 2598 526 vel
2625 466 2785 527 infra
2806 467 3045 546 justum
3062 468 3234 544 emit,
3255 487 3391 547 pos·

1864 561 1959 618 set
1988 575 2110 617 non
2151 558 2480 619 restituere
2513 558 2828 620 intellecta
2865 565 3081 639 postea
3128 562 3392 622 veritate

1863 650 2047 728 pretii
2073 649 2284 729 injusti
2310 696 2326 726 ‚
2361 649 2780 729 confugiendo
2827 653 3062 714 scilicet
3091 654 3172 714 ad
3201 654 3391 714 alium

1864 746 2278 818 contractum,
2313 761 2499 821 quem
2547 761 2691 804 cum
2742 744 2863 804 alio
2907 744 3163 823 iniisset,
3198 753 3261 809 et
3287 765 3390 806 ra·

1861 833 2031 894 tione
2062 833 2240 913 cujus
2268 835 2406 913 plus
2433 835 2707 896 lucratus
2731 836 2966 898 fulsset.
2993 840 3392 918 Consequens

1862 930 2075 985 autem
2104 931 2198 987 est
2227 927 2598 1004 absurdum,
2633 928 2779 1006 quia
2810 930 2967 989 alter
3015 931 3391 992 contrahens

1863 1035 1990 1077 non
2018 1019 2332 1080 consensit
2361 1020 2422 1079 in
2453 1020 2606 1079 illud
2640 1021 2940 1082 interesse
2971 1022 3126 1083 lucri
3146 1042 3390 1084 cessan-

1860 1109 1941 1170 tis
1970 1130 1984 1170 :
2020 1129 2169 1189 ergo
2202 1112 2420 1175 titulus
2447 1112 2550 1172 ille
2582 1130 2703 1172 non
2734 1114 2964 1176 sufficit
2999 1116 3079 1175 ad
3123 1116 3389 1176 retinen-

1864 1202 2014 1263 dum
2047 1221 2120 1264 ex
2173 1210 2497 1266 contractu
2551 1207 2859 1282 usurario,
2919 1212 3223 1286 quantum
3264 1209 3388 1270 alio

1863 1299 2187 1357 contractu
2217 1297 2382 1358 licito
2412 1297 2640 1358 lucrari
2667 1298 2994 1375 potuisses,
3020 1302 3149 1361 Hoc
3177 1305 3384 1362 tamen

1858 1393 2301 1465 argumentum
2330 1390 2672 1468 procedere
2702 1391 2950 1452 videtur
2980 1398 3199 1456 contra
3221 1412 3391 1454 eum-

1862 1480 2006 1540 dem
2033 1481 2335 1558 Lessium‚
2368 1482 2497 1561 qui,
2532 1488 2600 1544 ιιι
2625 1501 2817 1563 supra
2835 1484 3126 1563 vidimus,
3161 1487 3391 1549 fatetur

1861 1591 1986 1634 non
2008 1573 2241 1652 requiri
2270 1576 2439 1653 quod
2468 1577 2848 1637 mutuatario
2880 1578 3222 1655 explicetur
3248 1579 3391 1641 titu-

1858 1665 1955 1725 lus
1983 1666 2271 1726 lucrandi
2299 1685 2373 1726 ex
2418 1674 2635 1728 mutuo
2675 1669 2916 1730 ratione
2950 1671 3162 1731 damni
3192 1690 3388 1733 emer-

1859 1759 2084 1837 gentia,
2118 1758 2370 1837 quando
2414 1777 2486 1820 eo
2535 1761 2713 1821 titulo
2741 1765 3036 1824 mutuans
3073 1764 3263 1844 exigit
3291 1766 3385 1825 in-

1859 1855 2129 1927 teresse,
2182 1854 2401 1912 contra
2442 1852 2611 1930 quod
2643 1853 2834 1914 etiam
2866 1855 3045 1933 argui
3075 1861 3287 1933 posset
3313 1876 3389 1917 ex

1858 1944 2253 2019 venditione,
2307 1944 2370 2004 in
2419 1963 2544 2023 qua
2572 1963 2695 2006 non
2738 1947 2883 2009 licet
2911 1949 3160 2027 exigere
3197 1970 3387 2030 supra

1848 2036 2090 2115 justum
2119 2037 2386 2115 pretium
2406 2082 2422 2110 ‚
2468 2038 2707 2099 ratione
2740 2039 2956 2100 damni
2984 2044 3383 2122 emergentis,

1857 2144 1983 2187 non
2011 2130 2250 2190 monito
2279 2134 2583 2209 emptore.
2619 2132 2715 2192 Ad
2746 2133 2913 2211 quod
2949 2138 3161 2198 tamen
3205 2154 3389 2216 argu-

1856 2227 2140 2282 mentum
2184 2223 2600 2300 responderat
2650 2225 2816 2284 idem
2855 2229 3025 2288 Less.
3076 2248 3249 2291 num.
3284 2234 3383 2292 75.

1855 2314 2235 2392 assignando
2267 2316 2721 2394 disparitatem,
2756 2336 2894 2396 quae
2925 2320 3116 2381 etiam
3147 2322 3210 2384 in
3240 2341 3388 2385 casu

1853 2411 2063 2468 nostro
2093 2408 2400 2487 assignari
2424 2410 2603 2470 facile
2632 2414 2836 2488 potest
2863 2430 2938 2471 ex
2968 2412 3149 2476 dictis
3182 2434 3196 2474 ε
3232 2417 3382 2495 quia

1857 2499 2152 2560 nimirum
2182 2501 2245 2562 in
2274 2519 2424 2562 casu
2447 2510 2675 2563 nostrae
2697 2504 3057 2581 quaestionis
3077 2511 3393 2570 mutuata-

1853 2594 2007 2669 riuS,
2039 2594 2141 2655 vel
2170 2595 2273 2673 qui
2304 2595 2547 2656 lucrum
2572 2597 2814 2656 solvere
2844 2596 3050 2674 debet,
3085 2600 3202 2661 scit
3228 2600 3389 2663 bene

1855 2686 2098 2747 lucrum
2128 2687 2280 2747 illud
2328 2706 2520 2765 supra
2566 2687 2843 2748 valorem
2886 2689 3045 2769 exigi
3073 2737 3088 2768 ,
3141 2698 3202 2755 et
3231 2693 3292 2753 in
3322 2693 3389 2754 id

1855 2779 2165 2840 consentit
2189 2779 2608 2841 involuntarie
2654 2779 2703 2840 si
2750 2781 2988 2860 absque
3018 2783 3195 2845 titulo
3217 2784 3388 2864 justo

1855 2872 2182 2951 exigatur;
2214 2873 2562 2935 voluntarie
2592 2891 2741 2934 vero
2786 2874 2840 2934 si
2869 2875 3156 2954 exigatur
3193 2880 3385 2957 juste,

1854 2968 1923 3025 ut
1950 2965 2241 3043 diximus,
2275 2984 2469 3044 quare
2498 2984 2620 3027 non
2644 2966 2852 3029 deficit
2871 2968 3004 3048 ejus
3024 2988 3383 3035 consensus·

1854 3059 1923 3117 In
1953 3058 2269 3136 emptione
2299 3064 2530 3135 autem,
2564 3065 2672 3120 aut
2698 3060 3081 3139 venditione,
3113 3070 3381 3143 emptor,

1853 3154 1963 3212 aut
1988 3150 2280 3213 venditor
2306 3155 2485 3230 putat
2509 3171 2646 3213 rem
2674 3152 2826 3214 illud
2855 3157 3056 3216 totum
3095 3160 3158 3220 et
3185 3158 3387 3220 solum

1853 3244 2087 3320 valere,
2121 3247 2185 3305 et
2212 3244 2350 3305 ideo
2380 3245 2691 3307 consentit
2717 3246 2781 3305 in
2811 3249 3083 3327 pretium
3112 3251 3262 3330 quia
3276 3270 3388 3330 pu·

1852 3339 1946 3398 tat
1973 3355 2039 3397 se
2066 3342 2312 3399 tantum
2340 3338 2626 3416 accipere
2656 3345 2960 3418 quantum
2986 3341 3129 3419 dat,
3177 3344 3255 3404 de
3285 3346 3384 3404 in·

1851 3433 2086 3490 teresse
2114 3435 2327 3492 autem
2353 3431 2698 3493 extrinseco
2728 3451 2852 3493 non
2883 3435 3150 3514 cogitat,
3194 3438 3291 3498 vel
3323 3438 3385 3499 in

1854 3520 2008 3582 illud
2034 3523 2342 3584 consentit
2364 3569 2379 3599 ‚
2415 3529 2479 3585 et
2504 3524 2644 3586 ideo
2673 3543 2788 3604 per
2814 3544 3089 3588 errorem
3120 3535 3184 3591 et
3208 3530 3388 3592 invo-

1853 3614 2119 3677 luntarie
2149 3633 2471 3676 excessum
2499 3616 2718 3693 solvit,
2766 3618 2865 3678 vel
2916 3618 3386 3685 decrementum

1853 3708 2038 3787 pretii
2064 3708 2348 3784 sustinet,
2383 3713 2446 3770 et
2471 3709 2613 3770 ideo
2641 3711 2884 3771 moneri
2927 3712 3116 3775 debet
3142 3720 3212 3776 ut
3237 3733 3388 3776 con-

1852 3802 2116 3873 sentiat;
2162 3819 2305 3862 cum
2333 3801 2704 3879 regulariter
2731 3804 2783 3862 si
2812 3811 3145 3867 moneatur
3168 3852 3185 3883 ,
3236 3826 3387 3869 con-
3418 3816 3422 3822 ’

1850 3913 2147 3956 sensurus
2176 3912 2299 3956 non
2330 3893 2427 3955 sit.
2474 3894 2748 3956 Adverte
2795 3896 3106 3977 denique,
3161 3905 3232 3962 ut
3274 3901 3388 3963 do·-

1850 3989 2114 4050 ctrinam
2156 3992 2368 4048 nostra
2407 3988 2614 4048 locum
2659 3987 2890 4050 habeat
2933 3990 3176 4052 ratione
3228 3994 3385 4054 lucri

1850 4081 2172 4156 cessantiS,
2206 4079 2460 4159 requiri,
2494 4084 2565 4141 ut
2591 4081 2860 4142 diximus
2884 4128 2901 4158 ,
2944 4084 3113 4162 quod
3140 4084 3384 4147 lucrum

1849 4174 2000 4235 illud
2055 4174 2306 4234 aliunde
2358 4191 2580 4234 revera
2632 4179 2852 4252 cesset,
2899 4175 3048 4255 quia
3088 4181 3381 4240 mutuans

1845 4267 2054 4346 reipsa
2120 4267 2395 4346 alioquin
2458 4266 2810 4329 lucraturus
2881 4274 3046 4332 esset
3116 4272 3382 4349 pecunia

1847 4360 1952 4421 illa
1980 4378 2094 4439 per
2120 4360 2308 4419 aliam
2334 4360 2501 4420 viam
2520 4406 2535 4435 ,
2569 4367 2631 4421 et
2656 4360 2776 4422 hoc
2803 4362 2939 4441 ipse
2984 4365 3329 4443 praevideat
3360 4385 3377 4426 ι

1850 4452 2125 4531 alioquin
2182 4453 2420 4512 nullum
2475 4471 2631 4514 onus
2694 4456 3150 4534 apprehendit,
3211 4459 3379 4538 quod

1848 4546 2121 4606 vendere
2149 4544 2434 4606 intendat
2468 4548 2848 4612 mutuatario
2893 4548 3084 4610 etiam
3124 4550 3187 4610 in
3230 4569 3383 4612 con-

1848 4638 2012 4699 fuso.

241 4828 446 4890 tialiter
475 4825 742 4908 pretium
775 4817 1143 4899 temporale,
1178 4833 1319 4896 quoe
1348 4818 1444 4876 est
1471 4819 1604 4877 tota
1620 4833 1750 4875 ma·
1869 4871 1872 4876 .

238 4919 355 4982 litia
373 4922 673 4984 simontae.

311 5016 513 5077 Restat
527 5009 910 5093 respondere
934 5005 1014 5068 ad
1034 5003 1514 5065 fundamentum
1528 4999 1746 5077 Lessii,

179 5168 200 5195 f
249 5113 531 5186 quatenus
583 5103 886 5166 doctrinae
935 5102 1165 5158 nostrae
1219 5093 1466 5154 obstare
1522 5096 1747 5197 potest,

178 5214 208 5252 ιι
249 5200 341 5278 qui
365 5219 424 5262 n.
458 5203 592 5261 ¹04.
625 5196 873 5277 probat,
906 5210 1032 5253 non
1060 5205 1245 5268 posse
1272 5184 1525 5246 retineri
1557 5203 1622 5244 in
1641 5185 1750 5246 tali

246 5297 542 5353 contractu
566 5291 813 5351 lucrum
841 5284 1012 5365 quod
1040 5280 1362 5342 contractu
1388 5275 1557 5337 licito
1587 5276 1752 5356 exigi

244 5384 542 5460 potuisset,
593 5383 707 5443 nisi
758 5381 822 5440 in
870 5375 1058 5438 certis
1089 5370 1336 5433 casibus
1370 5387 1388 5428 ι
1420 5369 1571 5472 quia
1598 5368 1754 5430 alio-

244 5478 377 5556 quin
403 5478 590 5539 etiam
617 5477 721 5537 ille
749 5473 857 5553 qui
899 5471 1069 5531 bona
1111 5465 1237 5526 fide
1283 5480 1477 5540 supra
1509 5467 1754 5540 justum
