4263 6376
908 261 1026 318 722

911 432 1100 492 ullam
1120 431 1352 510 judicis
1383 431 1871 493 declarationem
1894 475 1911 508 ,
1961 430 2111 510 quia
2150 430 2442 509 princeps

908 530 1115 603 potest
1143 526 1231 586 ita
1258 524 1536 603 obligare
1586 529 1648 585 et
1674 523 1925 584 aliunde
1955 518 2203 586 videtur
2228 522 2294 584 in
2325 523 2444 584 hoc

908 635 1058 678 casu
1089 622 1375 678 constare
1404 616 1481 676 de
1514 617 1649 696 ejus
1679 616 2021 678 intentione
2051 617 2258 679 taliter
2287 616 2444 677 obli-

907 709 1119 788 gandi.
1167 711 1259 770 Ita
1289 710 1494 785 Sotae,
1523 709 1707 770 Joan.
1739 708 1990 770 Medina
2013 754 2028 785 ‚
2060 709 2275 770 Barth.
2310 709 2439 769 Me-

908 802 1056 861 (1133
1085 805 1147 862 31
1194 800 1295 860 3111
1326 800 1496 878 apud
1524 801 1822 862 Molinam
1850 801 1956 862 ubi
1986 819 2179 879 supra
2206 801 2435 879 disput.

905 910 1200 954 Lxxxvm.
1248 893 1516 953 eandem
1562 893 2179 972 sententiam-tenent
2204 894 2443 955 Merca-

905 986 985 1046 do
1019 1002 1103 1047 iv.
1139 984 1210 1046 de
1235 985 1580 1047 contractib.
1613 1003 1668 1048 c.
1704 990 1799 1049 16.
1835 987 2126 1049 Corduba
2153 987 2260 1048 lib.
2295 1003 2337 1048 1.
2373 1006 2436 1066 q.

902 1081 1001 1140 36.
1038 1077 1350 1140 Francisc.
1397 1079 1564 1141 Ortiz
1589 1080 1819 1141 Lucius
1865 1079 1926 1140 in
1950 1079 2269 1140 summario
2296 1098 2434 1158 cap.

902 1187 1042 1232 xm.
1080 1173 1254 1249 Vega
1279 1172 1387 1233 lib.
1423 1189 1518 1234 111.
1542 1171 1821 1250 Summa»,
1856 1189 2005 1234 casu
2034 1176 2176 1234 302.
2213 1175 2436 1234 Eman.

905 1264 1160 1343 Rodrig.
1194 1264 1257 1324 in
1292 1264 1483 1326 verbo
1505 1264 1731 1345 sudem,
1791 1284 1941 1327 casu
1974 1270 2108 1329 183.
2144 1266 2343 1327 concl.
2376 1269 2433 1326 2.

901 1357 1149 1417 Bannes
1178 1361 1236 1418 2.
1270 1361 1328 1417 2.
1365 1377 1424 1438 q.
1461 1374 1620 1419 Lxxl.
1654 1376 1748 1420 ar.
1776 1363 1836 1420 4.
1890 1362 2098 1438 Negat
2127 1360 2328 1420 teneri
2357 1359 2439 1421 ad

899 1449 1363 1511 restitutionem
1410 1469 1614 1529 poenae
1645 1457 1789 1513 ante
1819 1452 2434 1529 condemnationem,

900 1542 1174 1603 affirmat
1232 1547 1442 1603 tamen
1499 1544 1575 1604 de
1626 1544 2018 1606 restitutione
2075 1563 2434 1621 munerum,

904 1634 1074 1714 quod
1107 1634 1296 1696 etiam
1327 1636 1512 1698 docet
1540 1635 1728 1698 Salon
1772 1637 1860 1698 ibi
1906 1656 2049 1698 cum
2094 1637 2316 1698 eadem
2346 1637 2443 1698 (11-

903 1727 1264 1801 3113311033ς
1302 1733 1364 1789 31
1391 1728 1604 1790 Latius
1619 1729 1735 1790 Th.
1761 1730 1993 1792 Sanch.
2026 1729 2136 1793 lib.
2156 1732 2260 1792 111.
2290 1728 2441 1794 Con·

898 1819 992 1882 sil.
1029 1838 1082 1882 c.
1118 1821 1286 1882 unic.
1322 1821 1470 1882 dub.
1507 1839 1550 1883 1.

983 1914 1372 1975 Contrariam
1400 1915 1773 1977 sententiam
1793 1915 2257 1995 amplectuntur
2284 1918 2441 1979 mul·

776 2067 787 2078 ,
901 2006 947 2068 11
980 2011 1041 2069 31
1068 2006 1421 2086 gravissimi
1449 2009 1575 2068 DD.
1612 2008 1777 2087 quod
1807 2009 2063 2086 scilicet,
2095 2009 2243 2071 licet
2271 2011 2441 2090 leges

762 2080 815 2164 ³¹⁸
903 2099 1183 2177 obligent
1212 2100 1292 2160 ad
1322 2118 1449 2160 non
1477 2099 1862 2179 accipienda,
1893 2120 2019 2162 non
2041 2102 2320 2181 obligent
2346 2108 2440 2165 ta-

815 2206 826 2218 ·
902 2210 1050 2253 men
1090 2193 1171 2254 ad
1219 2192 1605 2254 restituenda
1650 2211 1915 2254 munera
1955 2195 2152 2273 gratis
2182 2201 2442 2274 accepta

903 2289 1048 2347 3313
1092 2284 1581 2346 declarationem
1614 2286 1951 2364 juridicam
1979 2288 2203 2349 saltem
2233 2289 2442 2349 crimi-

905 2379 1022 2442 nis,
1084 2381 1258 2439 Hunc
1288 2382 1502 2440 tenent
1529 2380 1758 2440 Molina
1790 2380 1900 2440 ubi
1925 2399 2140 2460 supra,
2174 2384 2432 2462 Hem-iq.

902 2470 1010 2532 lib.
1047 2473 1150 2533 lv.
1204 2470 1273 2531 de
1300 2471 1530 2551 Pontis.
1565 2481 1620 2531 et
1651 2471 1901 2551 lembus,
1952 2491 2090 2552 cap.
2125 2489 2251 2535 xx1.
2283 2476 2341 2554 §-
2372 2479 2435 2537 6.

904 2564 1137 2643 Angles
1168 2582 1274 2642 qu.
1309 2563 1379 2624 de
1405 2562 1761 2626 donationib.
1796 2565 1986 2626 diffie.
2023 2582 2135 2628 vn.
2183 2567 2247 2627 in
2290 2569 2435 2645 fine,

907 2659 1093 2716 Perez
1122 2656 1228 2718 lib.
1265 2658 1339 2717 11.
1365 2656 1771 2735 ordinamenti,
1794 2659 1887 2720 tit.
1921 2674 2015 2719 111.
2039 2659 2083 2720 1.
2114 2663 2212 2721 34.
2250 2664 2313 2722 31
2340 2661 2433 2723 111.

900 2765 1004 2811 xv.
1037 2749 1079 2810 l.
1113 2751 1212 2810 30.
1253 2751 1413 2810 Petr.
1447 2752 1728 2810 Navarra
1756 2752 1860 2812 IV.
1912 2750 1981 2812 de
2006 2753 2191 2813 rectit.
2236 2770 2326 2814 ca.
2367 2769 2434 2815 11.

903 2861 1076 2904 num.
1111 2846 1247 2904 107.
1284 2844 1472 2921 Vasq.
1505 2847 1590 2904 10.
1627 2860 1696 2905 11.
1732 2843 1794 2907 13
1827 2847 1885 2905 1.
1920 2847 1978 2905 2.
2005 2844 2170 2925 disp.
2206 2849 2346 2907 161.
2372 2866 2431 2908 3.

903 2939 1000 2996 17.
1054 2935 1288 2996 Rebell.
1341 2934 1448 2995 lib.
1501 2951 1683 2997 xvm.
1734 2935 1806 2996 de
1833 2934 2189 3000 donationib.
2224 2957 2286 3018 q.
2321 2937 2431 3000 uit.

903 3029 1079 3090 Salas
1109 3028 1339 3106 disput.
1374 3044 1476 3089 xv.
1534 3027 1605 3088 de
1627 3027 1798 3109 leqib.
1849 3033 1913 3091 et
1953 3029 2061 3090 alii
2108 3031 2320 3110 plures
2361 3051 2438 3092 ex

901 3119 1397 3197 recentioribuS,
1458 3137 1648 3200 quam
1688 3140 1805 3201 ego
1849 3121 2002 3186 satis
2044 3124 2437 3204 probabilem

901 3233 1150 3276 cense0.

986 3307 1293 3368 Probatur
1339 3305 1565 3385 prim0‚
1615 3322 1693 3367 ex
1740 3309 2059 3369 communi
2095 3309 2438 3388 1113111031-

902 3402 1076 3461 nium
1099 3400 1389 3479 judicum
1418 3401 1608 3462 etiam
1634 3400 2093 3480 timoratorum,
2144 3404 2252 3483 qui
2282 3422 2437 3466 nun-

901 3511 1090 3575 quam
1119 3511 1194 3554 ee
1221 3511 1484 3554 munera
1511 3494 1867 3571 restituunt,
1901 3496 2156 3575 quando
2185 3498 2438 3560 fuerunt

898 3587 1241 3648 liberaliter
1268 3586 1437 3664 (1313,
1472 3605 1641 3648 3333
1669 3588 2065 3650 confessariis
2084 3590 2167 3651 ad
2187 3589 2254 3650 id
2282 3591 2435 3652 obli-

897 3685 1146 3761 gantur.
1210 3680 1523 3758 Secundo,
1570 3682 1721 3761 quia
1767 3700 1892 3744 non
1932 3682 2114 3745 aliter
2142 3686 2435 3745 tenentur

897 3775 980 3836 ad
1009 3773 1469 3855 restitutionem
1516 3792 1871 3852 munerum,
1924 3794 2115 3855 quam
2152 3776 2229 3837 ad
2271 3778 2433 3839 solu-

896 3866 1133 3929 tionem
1175 3885 1401 3946 poenae,
1457 3867 1583 3928 imo
1641 3868 1722 3927 ad
1767 3867 2251 3947 relinquendum
2293 3869 2433 3931 offi-

897 3959 1087 4037 cium,
1135 3976 1282 4019 nam
1323 3960 1495 4038 leges
1540 3978 1720 4039 aeque
1747 3959 1828 4021 de
1876 3959 1974 4021 his
2025 3962 2318 4023 omnibus
2346 3963 2432 4025 lo-

897 4057 1176 4133 quuntur
1208 4067 1222 4114 :
1268 4052 1671 4113 durissimum
1701 4057 1912 4115 autem
1942 4059 2107 4116 esset
2136 4070 2244 4118 eos
2272 4056 2428 4117 obli·

893 4164 1045 4225 gare
1074 4150 1220 4208 ante
1240 4145 1474 4226 judicis
1520 4146 1899 4209 sententiam
1946 4146 2027 4207 ad
2068 4147 2432 4229 relinquen-

894 4239 1048 4299 dum
1078 4238 1352 4299 officium
1382 4240 1553 4319 quod
1583 4239 1838 4301 habent.
1888 4240 2119 4318 Tertio,
2158 4242 2304 4320 quia
2332 4242 2431 4303 lex

894 4332 1174 4392 humana
1202 4330 1390 4393 debet
1419 4350 1553 4393 esse
1581 4333 1793 4394 suavis
1820 4337 1883 4394 et
1917 4332 2209 4395 humana}
2238 4335 2431 4414 fragi-

893 4424 1054 4491 litati
1082 4424 1557 4487 accommodata
1605 4442 1622 4488 :
1665 4426 1761 4485 lex
1789 4429 2002 4487 autem
2031 4426 2319 4505 obligans
2348 4429 2429 4489 ad

891 4517 1272 4580 solutionem
1299 4534 1505 4596 poenae
1531 4522 1676 4579 ante
1696 4517 2287 4580 condemnationem
2318 4521 2430 4581 du-

892 4611 1143 4671 rissima
1171 4613 1356 4686 esset,
1391 4614 1455 4671 et
1481 4610 1564 4670 ad
1592 4609 1747 4671 nihil
1776 4609 1945 4671 aliud
1977 4611 2172 4688 utilis,
2205 4612 2323 4674 nisi
2347 4613 2428 4675 ad

888 4703 1324 4783 illaqueandas
1354 4702 1598 4765 animas
1625 4702 2019 4766 subditorum
2051 4723 2066 4766 ε
2119 4721 2271 4784 ergo
2303 4724 2429 4767 non

891 4802 988 4859 est
1015 4796 1403 4859 credendum
1447 4796 1865 4858 christianum
1892 4802 1956 4859 et
1990 4796 2167 4876 pium
2194 4799 2429 4877 princi-

890 4909 1035 4971 pem
1067 4892 1131 4952 in
1158 4908 1232 4952 eo
1262 4909 1454 4952 sensu
1479 4890 1781 4953 locutum.

971 4988 1090 5047 Pro
1121 4984 1435 5046 contraria
1462 4984 1774 5046 sententia
1801 4982 2032 5045 adduci
2058 4989 2268 5063 potest
2294 4986 2427 5048 tex-

888 5083 990 5141 tus
1018 5079 1083 5138 in
1111 5078 1153 5139 l.
1187 5078 1324 5139 Non
1353 5077 1613 5154 dubim,
1665 5079 1731 5139 C.
1781 5076 1853 5137 de
1880 5076 2119 5158 leqibus,
2172 5078 2279 5140 ubi
2309 5099 2425 5140 an·-

754 5148 818 5234 m'.
892 5172 1213 5232 nullantur
1243 5176 1450 5250 pacta,
1508 5175 1892 5245 conti-actua,
1954 5174 2016 5231 et
2063 5172 2278 5233 omnia
2303 5174 2427 5233 3113

890 5286 1032 5347 quae
1063 5267 1222 5326 fiunt
1265 5270 1487 5327 contra
1534 5264 1690 5342 legis
1734 5263 2255 5343 prohibitionem;
2312 5267 2424 5327 sed

888 5360 993 5419 illa
1025 5359 1277 5421 donatio
1306 5359 1475 5420 facta
1522 5360 1618 5418 est
1644 5357 1782 5436 lege
1824 5356 2221 5436 prohibente,
2275 5374 2423 5437 ergo

888 5453 1007 5514 fuit
1038 5452 1244 5525 nulla3
1296 5455 1359 5514 et
1384 5469 1497 5530 per
1524 5468 1917 5529 consequens
1955 5467 2079 5512 non
2107 5450 2427 5512 transtulit

2070 255 2173 316 DE.
2214 253 2569 318 JUSTITIA
2613 253 2714 315 ΕΤ
2756 252 2954 315 JURE

2545 428 2895 492 dominium
2924 428 3206 489 muneris
3235 426 3299 487 13
3331 427 3776 506 accipientem.
3817 427 4046 504 Ruper-

2542 522 2726 584 detur
2753 539 2896 582 cum
2925 521 3158 583 Melina
3204 519 3271 580 d.
3305 520 3463 600 disp.
3500 535 3816 580 3111111311.
3874 518 4047 598 impri-

2540 615 2659 675 mis
2687 616 2927 676 textum
2955 614 3130 674 illum
3158 612 3424 692 intelligi
3466 633 3508 674 a
3536 613 3784 688 multia,
3837 612 4047 691 quando

2539 707 2640 767 lex
2668 707 2962 786 prohibet
2986 707 3265 786 aliquem
3294 710 3697 768 contractum
3718 704 3986 766 sistendo
4005 705 4047 764 in

2540 818 2716 861 mera
2742 798 3185 880 prohibitione,
3234 803 3300 860 et
3343 815 3468 861 303
3514 799 3791 861 ulterius
3834 814 4051 877 pregre

2541 892 2812 965 diendo;
2866 910 3048 954 secus
3077 910 3226 953 vero
3258 892 3515 972 quando
3559 890 3968 971 progreditur
3993 891 4051 950 sd

2540 985 2951 1066 puniendum,
2978 985 3076 1046 vel
3094 985 3220 1045 alia
3234 985 3337 1046 via
3351 984 3835 1064 providendum
3853 1001 3928 1043 33
3940 985 4050 1054 flam

2540 1082 2690 1139 tunc
2715 1077 2884 1138 enim
2913 1082 3088 1140 33133
3115 1095 3242 1139 non
3263 1081 3561 1138 censetur
3578 1077 3822 1138 nullus.
3857 1076 4052 1137 Deinde

2542 1170 2645 1232 3111
2673 1170 2911 1246 (113331,
2943 1169 3115 1231 illam
3138 1170 3343 1249 legem
3372 1170 3582 1232 solum
3614 1169 3861 1230 habere
3886 1169 4053 1230 locam

2539 1263 2605 1323 in
2634 1264 2769 1325 toro
2817 1266 3098 1340 externo,
3154 1267 3218 1324 et
3259 1267 3402 1343 post
3436 1264 3643 1324 latam
3686 1261 4049 1336 sentenfim,

2540 1373 2657 1418 nec
2685 1355 2868 1417 aliter
2885 1373 3022 1416 esse
3038 1361 3382 1434 receptam,
3416 1355 3550 1417 imo
3567 1354 3699 1415 alio
3720 1354 4052 1416 modom

2541 1448 2949 1511 intolerabilis
2970 1448 3051 1508 ad
3082 1448 3432 1510 humanum
3452 1448 3963 1511 commercium.
3989 1453 4051 1508 at

2540 1545 2714 1604 13313
2758 1541 3155 1604 multitudine
3197 1542 3412 1621 legum
3460 1542 3941 1621 prohibentium
3974 1539 4053 1601 ali-

2541 1653 2698 1715 quas
2726 1635 3024 1696 actiones.

2620 1727 2911 1790 Secundo
2943 1727 3249 1807 arguitur,
3282 1728 3435 1809 quia
3472 1727 3833 1808 aliquando
3860 1727 4049 1807 perle-

2539 1839 2651 1901 ges
2680 1821 2989 1882 humanas
3008 1819 3385 1899 prohibetur
3404 1822 3715 1901 acceptio
3734 1838 4051 1886 munerum.

2540 1920 2605 1976 et
2632 1914 2995 1993 praecipitur
3020 1914 3264 1976 restitui
3291 1920 3443 1976 3313
3474 1914 3688 1976 ullam
3717 1913 4054 1976 condemns·

2539 2005 2796 2083 tionem,
2849 2010 2913 2068 et
2929 2006 3178 2084 judices
3206 2006 3685 2087 praecipiuntur
3710 2007 3836 2068 hoo
3854 2007 4049 2087 jurare

2541 2099 2979 2178 Respondetur
3002 2100 3267 2180 intelligi
3296 2106 3446 2161 ante
3478 2099 4053 2163 condemnationem

2537 2192 2619 2253 ad
2648 2211 2927 2272 poenam,
2978 2211 3102 2255 non
3134 2197 3278 2256 ante
3326 2194 3847 2255 declarationem
3875 2193 4054 2272 juridi-

2540 2303 2679 2346 cam
2709 2285 2943 2364 delicti,
2995 2272 3174 2347 sic'uti
3203 2286 3343 2348 aliae
3374 2287 3627 2348 similes
3675 2288 3851 2366 leges
3877 2305 4056 2366 1113111-

2541 2379 2629 2438 133
2659 2396 2734 2439 30
2764 2379 2952 2439 modo
3000 2379 3439 2458 intelliguntur
3486 2380 3883 2459 regulariter
3910 2382 4053 2459 jun

2539 2469 2930 2550 probabilem
2957 2472 3298 2534 multorum
3326 2475 3753 2550 sententiam,
3788 2489 3965 2553 quan
3984 2490 4053 2532 ne-

2541 2563 2752 2643 quitur
2778 2563 2901 2624 latc
2931 2564 3158 2626 Sanch.
3214 2570 3301 2627 1ο.
3335 2567 3385 2626 1.
3440 2567 3505 2625 in
3537 2565 3972 2648 Demtoq.11b.
3998 2579 4049 2625 n.

2539 2674 2592 2717 ο.
2628 2671 2781 2717 xxn.
2817 2673 2878 2718 n.
2902 2659 3001 2719 20.
3037 2657 3217 2730 Quod
3235 2658 3287 2718 si
3318 2658 3463 2737 plus
3494 2659 3715 2720 voluit
3741 2659 4049 2738 legistam

2537 2748 2708 2827 leges
2737 2749 2948 2828 quoad
2978 2749 3142 2811 hanc
3169 2757 3419 2831 partem
3444 2770 3584 2813 non
3603 2752 3907 2814 videntur
3920 2768 4053 2812 eon·

2538 2841 2813 2903 muniter
2855 2859 2970 2903 usu
2999 2849 3293 2922 receptae,
3352 2863 3473 2906 nec
3524 2845 3809 2907 tortasse
3846 2861 4053 2906 accom-

2536 2935 2809 2997 modatae
2864 2936 3186 3015 fragilitati
3241 2936 3587 3012 humanata
3643 2957 3800 3000 cnm
3837 2938 3916 2999 ihi
3952 2943 4051 2998 sta-

2536 3031 2751 3090 tuatur
2778 3029 2968 3089 etiam
3016 3048 3207 3108 poena
3248 3030 3687 3093 restitutionis
3716 3033 3783 3092 in
3813 3030 4050 3112 quadru-

2536 3121 2732 3201 plum,
2765 3126 2830 3184 et
2854 3122 3222 3201 privationis
3251 3123 3474 3202 officii,
3512 3129 3644 3187 etc.
3683 3143 3847 3205 quas
3873 3142 4050 3205 pomae

2535 3215 2759 3295 exequi
2789 3221 3010 3278 contra
3035 3235 3102 3278 se
3133 3217 3338 3297 ipsum
3361 3217 3781 3299 antejudicis
3798 3218 4049 3281 condem·

2534 3308 2856 3370 nationem
2884 3309 3290 3371 durissimum
3317 3318 3510 3374 esset.
3562 3313 3842 3393 Expedit
3878 3319 4048 3375 tamen

2533 3401 2983 3463 confessarium
3010 3404 3318 3483 ejusmodi
3358 3403 3705 3483 judicibus
3754 3403 4048 3484 aliquando

2532 3494 2597 3554 in
2624 3495 3063 3574 poenitentiam
3091 3495 3422 3575 injungere
3440 3499 3918 3562 restitutionem
3942 3497 4048 3575 ejus

2533 3588 2706 3667 quod
2732 3593 3132 3668 acceperunt,
3165 3608 3244 3650 ne
3274 3591 3460 3652 facile
3491 3594 3911 3654 contemnant
3931 3608 4045 3669 pro-

2531 3681 2903 3743 hibitionem
2933 3686 2996 3745 et
3023 3688 3374 3762 peccatum,
3411 3684 3592 3763 quod
3620 3700 3795 3765 saepe
3822 3685 3883 3745 111
3910 3683 4048 3762 ejus-

2531 3774 2702 3835 modi
2732 3775 3095 3855 acceptione
3121 3777 3553 3839 committunt.
3591 3779 3879 3857 Denique
3897 3775 4046 3856 jun-

2531 3871 2852 3945 mentum,
2914 3868 3010 3929 vel
3051 3884 3178 3932 non
3216 3874 3314 3931 est
3359 3870 3441 3931 (13
3479 3870 3887 3933 restituendo
3931 3874 4047 3930 ute

2529 3960 3140 4036 condemnationem,
3161 3962 3262 4024 vel
3276 3962 3481 4025 solum
3508 3964 3761 4043 obligat
3779 3962 4043 4031 eomodo,

2531 4072 2658 4134 quo
2707 4053 2806 4115 lex
2849 4055 3039 4117 fuerit
3082 4056 3145 4116 in
3188 4072 3346 4129 usu;
3393 4055 3607 4117 solum
3658 4059 3832 4118 enim
3864 4058 4048 4137 jurant

2531 4146 2610 4208 de
2639 4147 3051 4226 restituendo,
3103 4152 3414 4230 quatenus
3456 4168 3579 4228 per
3619 4149 3828 4230 ipsam
3872 4151 4047 4227 legem

2532 4239 2913 4318 obligantur.

2609 4334 2847 4410 Tertio,
2899 4333 3089 4414 objici
3131 4338 3359 4414 potest,
3412 4350 3491 4398 ex
3541 4350 3598 4398 c.
3636 4336 3956 4407 Stat-run,
3996 4336 4045 4413 ξ.

2530 4427 2606 4489 Si
2628 4426 2775 4508 quid
2796 4436 3010 4505 autem,
3062 4427 3132 4489 de
3155 4429 3453 4510 rescriptis
3487 4430 3557 4491 in
3588 4447 3677 4491 Π.
3731 4430 3840 4491 ubi
3884 4429 4049 4508 judex

2529 4521 2853 4599 delegatus
2883 4521 3246 4600 praecipitur
3268 4522 3606 4584 restituere
3652 4524 3722 4584 id
3763 4523 3930 4603 quod
3955 4539 4047 4582 ac-

2528 4613 2716 4691 cepit,
2740 4614 2909 4675 nulla
2929 4633 3171 4692 eorum,
3197 4615 3427 4694 quibus
3444 4616 3763 4678 restitutio
3783 4614 4049 4676 1113133111

2529 4711 2645 4783 331,
2697 4706 3064 4769 remissione
3091 4707 3380 4770 valitura.
3444 4708 3545 4769 Ad
3574 4709 3699 4771 hoc
3738 4712 3943 4771 tamen
3969 4708 4049 4768 ta·

2528 4799 2645 4861 3113
2701 4799 3070 4879 responderi
3122 4804 3353 4880 potest,
3412 4801 3682 4880 intelligi
3736 4806 3880 4880 poet
3914 4819 4049 4863 eon—

2527 4892 3019 4954 demnationem.
3055 4893 3182 4955 Sed
3212 4893 3425 4973 urgeri
3455 4896 3685 4973 potest,
3720 4910 3792 4954 ex
3814 4912 3873 4954 e.
3906 4892 4045 4954 En·—

2524 4986 2635 5068 qit,
2669 4985 2741 5046 de
2766 4985 3024 5046 censibus
3051 4986 3194 5048 eod.
3229 4985 3339 5048 lib.
3374 4987 3484 5049 ubi
3511 4987 3871 5049 visitatore·
3896 4985 4052 5049 acd-

2529 5079 2771 5159 pientes
2802 5079 3036 5158 aliqnid
3068 5078 3231 5140 ultra
3260 5079 3565 5154 debitum,
3607 5081 4051 5160 praecipiuntur

2527 5171 2860 5234 restituere
2889 5171 3154 5250 duplum
3182 5171 3347 5233 infra
3395 5190 3684 5233 mensem
3727 5173 3847 5233 sub
3874 5189 4049 5251 pffna

2526 5263 2867 5341 interdicti,
2900 5269 2963 5327 31
2980 5264 3118 5325 31113
3138 5265 3366 5345 poenis.
3419 5266 3818 5346 Respondent
3842 5265 4043 5345 aliqu.

2530 5357 2653 5419 hoc
2681 5360 2982 5420 statutum
3011 5376 3136 5420 non
3164 5376 3303 5422 esse
3332 5378 3451 5422 usu
3478 5367 3826 5439 receptum.
3876 5359 4046 5420 Faci-

2527 5450 2647 5512 lius
2694 5451 2954 5514 fortasse
3010 5453 3377 5530 responderi
3434 5457 3659 5533 potest,
3715 5453 3797 5514 ibi
3860 5453 4049 5515 solnm
