4263 6376
1258 385 1729 446 DISPUTATIO
1774 384 1990 456 xxlv.
2040 382 2316 442 sEc'rlo
2364 383 2463 444 Vl.
3373 380 3449 438 89

333 573 433 616 non
459 555 752 633 accipitea
771 556 938 617 bona
967 560 1050 620 ab
1081 568 1406 624 executore
1437 560 1810 637 testamenti,
1914 559 2225 630 concedit,
2289 559 2436 639 quia
2490 558 2553 617 id
2610 576 2732 618 non
2792 556 3105 616 invenitur
3158 571 3448 633 expresse
3552 570 3641 613 nxo
3642 569 3766 612 rma

331 647 420 707 sed
446 665 478 705 a
503 651 784 708 testatore
817 669 830 709 :
866 669 1063 729 quare
1093 673 1215 714 non
1260 658 1463 732 potest
1506 653 1811 732 accipere,
1918 650 2347 730 prohibitum,
2403 656 2463 712 et
2490 651 2587 710 lex
2620 649 2922 728 poenaliS‚
2975 667 3050 708 ac
3079 647 3296 708 odiosa
3325 665 3447 707 non
3498 583 3795 739 ,paim-{Q

332 741 428 799 nisi
453 745 732 818 quant-um
777 760 810 800 a
858 747 1036 821 patre
1086 765 1195 806 suo
1249 746 1531 826 accipere
1580 749 1811 825 posset.
1915 749 2007 804 est
2050 743 2182 803 sine
2210 763 2398 804 causa
2430 743 2841 803 extendenda.
2876 744 2966 803 lta
2995 739 3302 802 Antonius
3331 741 3450 800 Go-
3551 729 3740 773 “i-⁰⁸¹⁸*

332 833 499 904 Addo,
530 833 576 892 si
603 833 833 894 dantur
862 837 916 895 ei
949 857 1024 897 ex
1073 839 1254 900 bonis
1296 839 1489 919 patris
1519 840 1816 899 alimenta
1913 854 2071 911 mez,
2107 841 2170 896 et
2196 837 2320 910 alii,
2345 855 2498 916 quos
2528 837 2737 906 refert,
2765 841 2827 896 et
2856 835 3136 914 sequitur
3167 832 3450 894 Sanchez

330 926 634 984 necessaria
648 927 829 1005 juxta
859 948 1042 991 suum
1073 936 1323 1009 statum,
1357 952 1498 1012 quae
1517 932 1653 991 dari
1680 949 1820 1010 pos·
1915 928 2064 989 dub.
2104 945 2248 989 Χιιι.
2286 933 2567 1008 Vasquez
2594 929 2758 989 dicto
2787 930 2842 1007 §.
2878 945 2989 988 vu.
3024 943 3284 987 numero
3309 928 3445 985 124.

327 1022 463 1090 sunt,
491 1025 554 1078 ut
579 1019 738 1080 infra
769 1021 1142 1100 videbimus,
1179 1044 1300 1085 non
1332 1026 1582 1085 videtur
1609 1042 1814 1084 rema·
1916 1022 2145 1083 Molina
2175 1024 2594 1101 disputatione
2624 1039 2846 1083 evan.
2882 1025 3022 1100 post
3048 1038 3277 1080 nonam
3309 1036 3451 1079 con·

328 1130 449 1170 nere
476 1110 817 1188 iamtitulus
838 1118 1244 1194 paupertatis,
1266 1118 1687 1197 cujusintuitu
1704 1117 1818 1178 ali-
1916 1115 2289 1188 elusionem3
2326 1116 2428 1195 qui
2466 1121 2671 1176 tamen
2719 1116 2945 1176 limitat
2991 1113 3189 1192 primo
3212 1159 3227 1188 ,
3270 1112 3453 1172 dum-

360 1204 586 1262 uidaliu
704 1241 720 1263 «
782 1205 794 1219 ’
914 1210 1043 1270 s.‘.
2159 1209 2173 1224 “
2511 1228 2523 1241 ¹
2593 1209 2620 1243 ·'
2781 1209 2792 1221 ·
3262 1223 3325 1264 m
3390 1206 3452 1263 et

153 1303 227 1360 ¹00
325 1223 356 1283 q
389 1296 442 1357 Si
471 1204 1302 1364 tamgndgzoffirassexecutor
1331 1303 1683 1365 testamenti
1706 1321 1818 1381 po-
1917 1208 2253 1361 ἷιῃοοιιᾶῗιιιίίἓξι
2274 1215 2538 1381 ῗοξξιειῃέΐ
2546 1214 2689 1362 thol?
2696 1227 2908 1361 03113ιεῖ2
2939 1209 3453 1360 ἓιοιζξῖιῗὶῖἳιιειὶή-

84 1427 286 1481 „madh
323 1393 422 1449 test
445 1388 662 1465 eligere
692 1409 1003 1471 pauperes
1028 1442 1044 1471 ,
1078 1396 1301 1475 quibus
1345 1396 1679 1457 distribuat
1705 1395 1826 1456 ali«
1917 1392 2198 1452 monium
2227 1394 2374 1469 filio,
2409 1395 2507 1453 vel
2536 1394 2700 1455 filiae.
2737 1394 3024 1455 Secundo
3051 1439 3066 1467 ,
3108 1389 3449 1450 dummodo

97 1483 264 1575 (ἑὼ
322 1501 424 1560 qua
464 1481 618 1542 bona
657 1485 839 1562 jussu
887 1489 1228 1566 testatoriS,
1277 1494 1339 1550 et
1365 1490 1496 1568 ipse
1527 1493 1820 1549 executor
1918 1504 1993 1545 ex
2024 1486 2387 1547 haereditate
2418 1487 2520 1546 illa
2551 1487 2700 1546 nihil
2731 1486 2957 1547 debeat
2977 1484 3286 1564 pertinere
3308 1484 3451 1561 jure

82 1588 147 1630 ιιι-ι
171 1547 284 1640 ἔξω·
323 1575 518 1635 habeat
543 1575 740 1636 filium
769 1580 1051 1657 spurium
1086 1601 1454 1661 pauperem,
1489 1581 1718 1662 poterit
1745 1581 1820 1640 il-
1916 1578 2049 1656 ipso
2070 1579 2151 1638 ad
2180 1580 2461 1657 spurium
2488 1627 2500 1654 ,
2536 1585 2720 1657 prout
2747 1579 3123 1657 pertineret,
3170 1575 3276 1635 ubi
3304 1593 3454 1636 oon-

144 1653 213 1681 Μ
320 1667 426 1726 lum
446 1667 665 1746 eligere
690 1716 706 1745 ,
765 1676 827 1732 et
854 1672 1004 1732 dare
1036 1675 1091 1734 ei
1121 1675 1197 1734 de
1228 1674 1458 1736 talibus
1486 1675 1667 1735 bonis
1691 1721 1706 1750 ,
1750 1677 1819 1735 ut
1909 1670 2022 1750 jux
2052 1671 2242 1732 habet
2283 1672 2609 1734 dimidium
2662 1672 2942 1733 omnium
2984 1671 3301 1731 lucrorum
3349 1668 3454 1728 ad-

320 1778 439 1820 eum
490 1761 618 1821 aliis
664 1764 879 1824 multis
930 1765 1112 1828 docet
1158 1767 1325 1827 idern
1375 1768 1606 1828 Sanch.
1662 1767 1812 1828 dub.
1916 1764 2301 1825 venientium
2357 1765 2620 1826 durante
2668 1763 3086 1826 matrimonio.
3142 1762 3265 1822 Sed
3317 1761 3452 1821 haec

317 1869 484 1914 xxvn.
526 1855 671 1932 quia
719 1859 868 1917 tunc
917 1876 1039 1919 non
1090 1859 1198 1920 dat
1239 1861 1488 1920 nomine
1538 1859 1813 1940 propri0,
1916 1858 2226 1918 sententia
2258 1857 2504 1918 videtur
2532 1857 2859 1918 limitanda
2888 1856 3056 1917 circa
3083 1856 3244 1916 filios
3272 1854 3453 1915 cleri-

318 1945 406 2005 sed
433 1948 762 2024 testatoris,
798 1955 860 2009 et
884 1950 962 2010 de
993 1952 1169 2012 bonis
1199 1952 1382 2029 illius,
1420 1953 1609 2032 quod,
1637 1956 1702 2013 ut
1722 1972 1819 2012 su·
1917 1967 2130 2010 corum
2164 1950 2518 2027 illegitimos
2560 1957 2815 2029 propter
2851 1949 3085 2010 bullam
3116 1947 3205 2008 Pii
3238 1947 3311 2009 V.
3347 1946 3451 2007 ubi

315 2057 409 2117 pra
436 2038 697 2101 diximus
723 2088 738 2116 ,
784 2042 1020 2104 licitum
1055 2050 1166 2106 est.
1201 2046 1381 2106 Unde
1425 2046 1612 2107 infert
1649 2046 1817 2105 idem
1918 2060 1992 2102 ea
2020 2047 2270 2121 recepta
2301 2047 2429 2114 est,
2478 2042 2655 2122 cnjus
2686 2061 2807 2102 non
2848 2041 3270 2102 meminerunt
3295 2056 3452 2118 prae-

315 2132 514 2192 Sanch.
552 2132 672 2193 hoc
702 2135 894 2197 etiam
925 2136 1155 2198 habere
1185 2138 1413 2216 locum,
1439 2138 1690 2218 quando
1709 2157 1820 2217 pa·
1917 2135 2065 2196 oicti
2098 2140 2405 2212 auctoreS,
2433 2155 2573 2214 quae
2605 2135 2873 2196 habetur
2900 2136 2962 2195 in
2991 2133 3257 2194 bullario
3286 2150 3452 2193 com-

315 2231 392 2285 ter
427 2230 580 2285 esset
625 2227 942 2304 obligatus
990 2231 1066 2289 ad
1112 2231 1387 2290 dandum
1438 2231 1819 2312 pauperibus
1918 2228 2086 2288 muni
2119 2233 2287 2288 tomo
2320 2245 2386 2289 11.
2422 2234 2484 2290 et
2513 2234 2606 2289 est
2632 2229 2811 2289 Bulla
2842 2232 2952 2289 117
2986 2227 3075 2288 Pii
3105 2229 3177 2288 V.
3210 2230 3272 2287 et
3300 2224 3455 2285 inci-

311 2324 536 2397 propter
564 2320 779 2381 debita
825 2322 1165 2383 incertaex
1212 2323 1438 2403 injuste
1473 2324 1814 2404 acquisitis,
1916 2321 2026 2400 pit,
2064 2320 2205 2396 011oe
2234 2319 2870 2399 Ordiniecclesiastico,
2893 2321 3039 2383 data
3075 2336 3238 2380 anno
3268 2321 3444 2394 157¹,

311 2410 393 2470 vel
419 2429 484 2470 ex
513 2412 786 2473 inventis
812 2461 826 2489 ,
878 2415 976 2474 vel
1010 2417 1132 2477 alia
1170 2418 1353 2477 simili
1383 2419 1461 2478 de
1502 2436 1722 2493 causa,
1758 2423 1820 2479 et
1919 2414 2025 2474 ubi
2056 2413 2422 2492 prohibetur
2448 2416 2639 2477 etiam
2670 2415 2785 2475 sub
2817 2415 3067 2476 nomine
3096 2412 3258 2473 dotis
3288 2411 3445 2487 dari,

310 2523 466 2582 posse
519 2523 590 2563 ea
645 2525 763 2566 suo
819 2508 943 2569 filio
1002 2510 1212 2589 spurio
1263 2511 1434 2587 dare,
1489 2512 1634 2590 quia
1671 2516 1819 2573 tunc
1919 2506 2016 2565 vel
2047 2506 2240 2584 legari
2273 2507 2447 2567 uxori
2478 2507 2621 2581 filii,
2675 2509 2799 2568 imo
2830 2507 2893 2567 id
2924 2507 3111 2568 etiam
3152 2505 3233 2565 ad
3259 2505 3452 2564 laicos

309 2596 472 2657 etiam
502 2616 623 2657 non
657 2600 768 2660 dat
799 2619 873 2659 ex
902 2602 1064 2679 suis,
1099 2603 1208 2663 sed
1240 2623 1314 2664 ex
1344 2605 1524 2665 bonis
1555 2604 1819 2665 credito·
1918 2599 2164 2660 videtur
2194 2600 2273 2659 ibi
2305 2600 2576 2662 extendi.
2612 2600 2736 2661 Sed
2782 2599 3032 2661 Flavius
3062 2597 3452 2661 Cherubinus

306 2708 449 2765 rum,
480 2695 541 2750 et
573 2709 798 2751 eorum
829 2694 1101 2755 nomine.
1137 2696 1317 2756 Addo
1348 2716 1464 2776 ego
1491 2743 1505 2773 ,
1560 2697 1607 2758 si
1639 2701 1819 2777 pater
1920 2694 1982 2754 in
2011 2693 2249 2754 scholio
2281 2710 2348 2755 11.
2383 2712 2570 2772 super
2597 2694 2765 2754 illam
2793 2693 3031 2754 bullam
3063 2690 3301 2752 notavit
3325 2689 3454 2769 pri-

307 2787 448 2841 esset
473 2789 771 2846 executor
813 2788 1201 2864 testamenti,
1244 2808 1365 2868 quo
1398 2789 1554 2850 alius
1585 2808 1816 2866 cogna-
1918 2806 2044 2864 mo,
2079 2787 2502 2847 extensionem
2536 2786 2697 2846 illius
2716 2786 2903 2847 bullae
2926 2785 3133 2864 quoad
3150 2784 3314 2844 bona
3345 2801 3451 2861 pa-

306 2875 400 2934 tus
448 2877 834 2956 relinqueret
919 2879 1085 2940 bona
1153 2881 1581 2943 distribuenda
1659 2882 1823 2943 inter
1919 2880 2297 2941 trimonialia
2328 2897 2451 2939 non
2484 2878 3016 2957 comprehendere
3057 2877 3287 2951 laicoS,
3336 2873 3450 2934 nisi

304 2972 578 3044 cognatos
608 2971 800 3030 etiam
855 2990 978 3032 non
1021 2993 1328 3053 pauperes
1373 2975 1692 3052 eligendos
1739 2976 1819 3036 ab
1917 2972 2126 3052 quoad
2156 2972 2321 3032 bona
2349 2991 2421 3031 cx
2452 2972 2769 3032 beneflciis
2794 3017 2809 3047 ,
2844 2970 3168 3045 fructibus,
3204 2967 3453 3048 pensio-

305 3068 611 3122 exeeutore
660 3066 1063 3141 testamenti,
1111 3072 1321 3145 posset
1362 3067 1591 3147 eligere
1634 3088 1818 3128 suum
1919 3066 2123 3141 nibus,
2159 3069 2221 3126 et
2249 3064 2383 3124 aliis
2410 3065 2597 3125 rebus
2625 3063 3058 3125 ecclesiasticis
3087 3060 3453 3141 provenien-

304 3152 475 3214 filium
504 3156 813 3234 spurium,
850 3176 994 3218 cum
1024 3164 1328 3239 cognatus
1361 3166 1525 3223 esset
1562 3167 1818 3224 testato-
1917 3159 2025 3235 tia,
2058 3176 2260 3239 neque
2290 3157 2821 3237 comprehendere
2852 3157 3007 3218 alios
3024 3155 3448 3233 disponenteS,

303 3246 393 3321 ris,
425 3249 472 3307 si
499 3254 715 3309 tamen
745 3269 941 3329 capax
991 3257 1152 3313 esset
1198 3254 1543 3332 accipiendi
1574 3256 1653 3315 ab
1683 3256 1816 3335 ipso
1918 3270 2105 3332 quam
2137 3252 2537 3331 disponentes
2564 3252 2778 3329 vigore
2822 3251 3083 3324 indulti,
3116 3246 3446 3328 privilegii,

301 3343 572 3401 testatore
603 3342 654 3401 si
690 3343 746 3402 ei
778 3343 1189 3406 determinate
1232 3351 1294 3408 et
1324 3349 1689 3410 nominatim
1720 3369 1820 3410 re·
1916 3346 2015 3406 vel
2046 3344 2484 3420 concessionis»,
2519 3348 2581 3404 et
2607 3348 2941 3423 utrumque
2962 3342 3242 3402 decisum
3264 3338 3455 3399 fuisse

300 3433 578 3511 liquisset.
636 3436 704 3496 Si
759 3441 970 3496 tamen
1017 3444 1194 3517 pater
1250 3459 1325 3500 ex
1372 3445 1517 3503 voto
1561 3442 1820 3504 deberet
1917 3457 1957 3500 a
1985 3442 2144 3500 Rota
2172 3439 2232 3497 in
2265 3438 2579 3498 decisione
2629 3437 2828 3499 Rubei
2858 3441 2995 3500 487.
3046 3438 3219 3513 parte
3251 3432 3453 3511 prima

301 3525 433 3585 dare
461 3528 845 3606 pauperibus
901 3530 1132 3610 aliquid
1162 3579 1176 3608 ,
1231 3552 1354 3594 non
1403 3538 1623 3613 posset
1666 3536 1817 3596 dare
1918 3533 2308 3593 diversorum
2341 3549 2511 3591 num.
2547 3548 2615 3591 11.
2651 3531 2791 3592 etin
2826 3529 3139 3590 decisione
3160 3524 3453 3604 Seraphi-

301 3618 408 3678 filio
435 3620 649 3698 spurio
683 3668 697 3696 ,
741 3622 891 3699 quia
920 3622 981 3681 id
1030 3642 1140 3685 suo
1171 3625 1422 3685 nomine
1451 3626 1582 3687 solo
1614 3627 1812 3704 daret,
1919 3625 1980 3685 ni
2010 3628 2150 3687 488.
2185 3643 2355 3685 num.
2392 3629 2448 3685 4.
2483 3624 2661 3685 Circa
2692 3642 2881 3703 quam
2918 3622 3153 3683 bullam
3184 3618 3456 3681 advertit

301 3716 352 3769 et
377 3730 494 3771 non
537 3713 820 3776 alterius,
869 3716 946 3776 Et
990 3715 1155 3776 idem
1201 3717 1536 3778 dicendum
1567 3720 1820 3782 videtur
1919 3717 2105 3779 etiam
2156 3718 2468 3778 Filliucius
2515 3717 2573 3777 in
2623 3716 2962 3797 Appendice
3007 3719 3184 3777 tract.
3238 3713 3450 3777 me.

299 3803 365 3863 de
409 3805 811 3867 beneficiario
837 3854 852 3884 ,
901 3808 1003 3886 qui
1060 3808 1247 3870 debet
1296 3814 1611 3889 superflua
1667 3813 1816 3874 dare
1918 3811 1987 3871 de
2010 3811 2212 3891 spoliis
2235 3830 2371 3890 cap.
2408 3828 2493 3871 1v.
2530 3828 2701 3870 num.
2736 3813 2834 3871 35.
2881 3806 3198 3887 prohiberi
3230 3805 3451 3866 eodem

297 3897 664 3975 pauperibus
700 3919 712 3959 :
747 3918 894 3958 nam
927 3899 1026 3960 hic
1056 3901 1244 3961 etiam
1275 3906 1369 3963 est
1397 3923 1584 3964 verus
1617 3905 1819 3966 domi·
1918 3905 2105 3965 modo
2136 3903 2252 3979 ibi,
2288 3922 2365 3963 ne
2413 3903 2637 3964 intuitu
2686 3903 2902 3962 talium
2942 3899 3327 3959 indultorum
3353 3915 3454 3957 re·-

299 4009 400 4049 nus
429 3991 680 4051 illorum
706 3992 1039 4070 bonorum,
1074 3998 1136 4055 et
1163 4014 1285 4055 non
1316 3996 1424 4057 dat
1452 3998 1702 4057 nomine
1734 3999 1817 4059 al·
1919 3998 2237 4076 linquatur
2296 3995 2529 4074 aliquid
2592 3994 2928 4072 illegitimis
2988 3992 3177 4053 etiam
3240 3995 3449 4052 extra-

297 4083 490 4158 teriuS,
517 4084 630 4143 sed
662 4102 801 4159 sue,
836 4104 1030 4164 quare
1051 4088 1183 4166 jam
1204 4087 1366 4148 filius
1385 4088 1644 4152 haberet
1665 4091 1815 4151 illud
1919 4091 2051 4151 neis
2098 4090 2179 4150 ad
2220 4088 2507 4150 vitandas
2554 4105 2772 4148 omnes
2818 4086 3092 4161 fraudes,
3151 4088 3214 4145 et
3258 4083 3451 4144 confl-

298 4194 328 4233 a
394 4180 521 4236 atre
551 4196 630 4236 ex
661 4177 843 4237 bonis
874 4178 959 4237 illi
1011 4199 1058 4240 s,
2074 4183 2109 4242 ἰ
2135 4227 2185 4243 ..

123 4279 198 4336 ΗΟ
353 4195 618 4331 pSextum
653 4270 913 4330 dubium
947 4199 1072 4348 etet,
1117 4292 1195 4333 an
1225 4292 1298 4332 ex
1329 4291 1634 4337 consensu
1666 4277 1819 4338 filio·
1919 4184 2301 4337 degggvum
2331 4275 2589 4334 dubium
2620 4277 2734 4350 est,
2769 4292 2848 4333 an
2879 4270 3129 4351 spurius
3152 4271 3349 4350 possit
3375 4272 3449 4332 ti-
3600 4285 3713 4344 112

57 4400 149 4443 „a
173 4418 255 4447 m
296 4380 420 4421 rum
450 4363 877 4440 legitimorum
927 4366 1120 4443 possit
1163 4373 1344 4445 puter
1384 4368 1620 4447 aliquid
1665 4370 1816 4431 dare
1916 4370 2045 4433 tulo
2094 4387 2356 4429 oneroso
2405 4366 2637 4445 aliquid
2668 4384 2705 4429 a
2750 4372 2927 4445 patre
2974 4365 3305 4443 accipere?
3333 4367 3449 4425 Ne·
3544 4411 3609 4453 An
3628 4410 3749 4453 titulo

64 4458 240 4499 mffie-
295 4455 408 4514 filio
436 4456 696 4533 spurio?
724 4458 909 4535 Resp.
947 4477 1085 4536 neg.
1122 4459 1267 4537 quia
1314 4460 1650 4538 prohibitio
1683 4463 1817 4525 haec
1916 4467 2065 4542 gant
2095 4461 2317 4541 aliqui,
2353 4478 2509 4539 quos
2546 4460 2736 4521 refert
2764 4459 2993 4520 Sanch.
3028 4458 3156 4518 dub
3185 4458 3448 4536 x1..ipse
3498 4477 3675 4507 oneroso
3695 4476 3796 4518 90⁸-

54 4511 309 4666 1⁶3}-
297 4566 406 4607 non
438 4553 528 4608 est
560 4547 621 4607 in
657 4549 932 4608 favorem
956 4550 1682 4634 filiorumlegitimorum,
1705 4556 1814 4616 sed
1914 4561 2124 4618 tamen
2162 4554 2367 4615 verius
2396 4571 2538 4613 cum
2569 4553 2704 4612 aliis
2746 4552 3054 4628 affirmat,
3106 4556 3168 4612 et
3194 4551 3444 4630 probari
3496 4519 3781 4668 ,1,ζὲᾙῇ

80 4670 210 4723 Q
295 4639 348 4698 in
401 4641 614 4700 odium
678 4642 1080 4720 turpitudinis
1136 4650 1452 4722 paternae;
1510 4647 1808 4728 alioquin,
1914 4653 2118 4729 potest
2146 4667 2216 4707 ex
2248 4648 2288 4707 l.
2327 4646 2442 4721 Qut
2472 4653 2906 4721 testmnentum,
2956 4661 3151 4706 xxvn.
3194 4644 3265 4705 de
3303 4664 3449 4726 pro-

295 4752 405 4793 non
436 4734 795 4795 extantibus
830 4736 1122 4813 legitimis
1146 4784 1160 4813 ,
1211 4743 1421 4817 posset
1459 4745 1639 4818 pater
1669 4762 1815 4821 spu-
1914 4740 2256 4816 bati'ombns,
2289 4739 2392 4798 ubi
2423 4737 2812 4817 supponitur,
2833 4742 3121 4798 mutuum
3143 4756 3327 4817 posse
3358 4738 3449 4797 in-

292 4827 387 4885 riis
416 4828 797 4906 relinquere.
835 4830 1185 4890 Consensus
1228 4833 1437 4891 tamen
1465 4832 1542 4893 ab
1572 4833 1644 4894 iis
1675 4841 1815 4915 post
1912 4834 2233 4897 tei-cedere
2263 4834 2424 4894 inter
2469 4836 2708 4912 patrem
2737 4878 2752 4908 ,
2798 4836 2861 4892 et
2898 4831 3097 4891 filium
3136 4832 3441 4909 spurium.

290 4925 541 4980 mortem
592 4920 787 4997 patris
834 4923 1146 5000 praestitus
1198 4930 1590 5003 operaretur,
1645 4929 1811 5008 quod
1913 4930 2040 4989 Nec
2071 4928 2278 4988 obstat
2305 4926 2403 4985 lex
2435 4941 2477 4986 1.
2511 4943 2566 4986 c.
2600 4924 2670 4985 de
2695 4924 3063 4984 naturalibus
3091 4923 3305 4998 liberis,
3340 4924 3446 4985 ubi

291 5012 523 5091 spurius
556 5013 638 5071 ab
680 5013 755 5071 iis
803 5019 1014 5092 posset
1061 5014 1194 5092 jam
1244 5035 1316 5075 ea
1357 5016 1523 5078 bona
1567 5021 1813 5099 accipe·
1912 5020 2247 5099 emptionis
2277 5019 2510 5077 mentio
2541 5020 2647 5079 flt:
2684 5017 2930 5076 namibi
2961 5035 3081 5076 non
3114 5022 3209 5076 est
3239 5035 3445 5078 sermo

287 5123 370 5177 re,
402 5106 657 5184 quando
706 5125 828 5165 non
874 5106 1245 5184 prohibetur
1290 5110 1568 5188 accipere
1601 5132 1636 5171 a
1662 5131 1809 5172 con·
1913 5114 1991 5174 de
2022 5113 2337 5191 emptione
2368 5112 2530 5172 inter
2555 5111 2722 5189 ipsos
2746 5157 2761 5186 ,
2812 5110 2923 5168 sed
2951 5109 3098 5188 quia
3129 5114 3307 5186 pater
3335 5126 3448 5187 per

289 5198 638 5276 sanguineis
666 5199 884 5277 patris
931 5200 1020 5259 Ita
1051 5200 1279 5261 Sanch.
1317 5220 1459 5261 cum
1492 5203 1626 5265 aliis
1657 5206 1806 5268 dub.
1913 5227 2020 5283 se,
2065 5207 2163 5266 vel
2198 5224 2311 5285 per
2357 5204 2786 5282 interpositam
2826 5220 3159 5281 personam
3207 5202 3445 5281 aliquid

291 5305 419 5351 xxx.
1911 5300 2052 5360 filiis
2077 5346 2092 5375 ,
2125 5300 2223 5359 vel
2256 5316 2474 5358 eorum
2503 5297 2689 5356 matri
2737 5300 2973 5355 emerat
3003 5312 3218 5355 eorum
3250 5296 3445 5356 nomi-

107 5387 176 5445 lll
362 5383 708 5460 Septimum
741 5383 1000 5442 dubium
1029 5388 1141 5462 est,
1177 5391 1384 5447 utrum
1417 5394 1594 5466 pater
1619 5393 1815 5470 possit
1914 5411 2011 5453 ne.
2048 5392 2224 5464 Quod
2259 5396 2466 5451 tamen
2497 5389 2753 5467 intelligi
2774 5388 2981 5463 debet,
3005 5389 3247 5448 seclusa
3276 5389 3446 5450 frau-

290 5493 537 5535 uxorem
568 5477 679 5535 filii
724 5476 918 5556 spurii
943 5524 957 5552 ,
1005 5477 1101 5537 vel
1145 5478 1349 5539 virum
1395 5481 1537 5542 filiae
1579 5485 1808 5562 spurioe
1911 5486 2011 5561 de,
2046 5490 2107 5545 ct
2138 5485 2287 5544 dum
2316 5486 2672 5545 contractus
2703 5499 3003 5542 onerosus
3041 5500 3164 5541 non
3193 5481 3440 5560 majori,

289 5566 596 5628 haeredem
652 5569 1029 5629 instituere?
1082 5573 1440 5633 Communis
1499 5578 1805 5638 sententia
1905 5579 2001 5638 vel
2049 5577 2273 5637 minori
2324 5576 2521 5655 pretio
2567 5575 2786 5637 intuitu
2835 5573 3025 5655 spurii
3069 5574 3436 5651 celebretur,
