4263 6376
167 3219 200 3276 Φ

99 3342 250 3547 ia}

1169 196 1174 202 ’
1286 219 1757 284 DISPUTATIO
1802 219 2018 292 xxm,
2067 220 2344 284 snc'rlo
2392 222 2551 286 vul.

327 396 702 476 emancipati
766 399 1113 460 succedunt
1167 398 1646 460 ascendentibus
1665 445 1680 474 ,
1765 398 1852 458 ita

327 494 592 550 econtra
614 489 1023 552 ascendentes
1064 491 1411 552 succedunt
1438 491 1517 551 ab
1559 491 1850 551 intestato

325 582 589 660 posteris
618 584 1046 662 emancipatis.
1080 588 1174 645 An
1198 602 1347 645 vero
1378 583 1513 644 haec
1542 582 1850 643 successio

326 675 699 736 extendatur
719 676 922 737 solum
937 677 1013 736 ad
1028 682 1270 756 patrem
1289 681 1350 738 et
1365 694 1538 752 avOS,
1565 675 1727 736 etibi
1742 676 1850 736 sis-

323 772 418 828 tat
432 766 705 828 dubitari
721 775 929 846 posset
941 770 1224 848 exemplo
1245 774 1493 848 sumpto
1507 788 1579 829 ex
1597 768 1851 829 descen·

328 860 635 933 dentibuS,
671 879 938 939 quorum
975 862 1400 923 successiones
1439 862 1518 923 ab
1559 862 1849 922 intestato

324 952 515 1031 aliqui
541 952 814 1014 limitant
838 953 918 1014 ad
948 953 1108 1014 filios
1133 958 1195 1015 et
1222 959 1502 1034 nepoteS,
1525 954 1602 1014 de
1624 954 1850 1032 quibus

328 1045 474 1105 solis
501 1045 737 1107 mentio
768 1047 839 1106 fit
866 1046 931 1105 in
956 1047 1012 1124 ἓ.
1046 1046 1195 1106 Item
1232 1055 1503 1122 vetustas,
1551 1046 1749 1107 Instit.
1783 1043 1853 1106 de

322 1136 585 1198 lzoeredit.
617 1156 747 1218 quoe
768 1136 841 1198 ab
865 1138 1156 1214 intestato,
1182 1142 1245 1200 et
1261 1138 1400 1199 aliis
1424 1138 1693 1219 juribus,
1718 1141 1851 1200 Hoc

324 1234 531 1290 tamen
581 1230 645 1290 in
698 1231 1223 1314 descendentibus
1279 1231 1502 1292 merito
1557 1232 1853 1310 reprobat

323 1324 629 1383 Antonius
677 1325 927 1400 Gomez,
973 1342 1160 1403 quem
1207 1326 1407 1398 affert,
1466 1328 1530 1385 et
1571 1323 1853 1403 sequitur

324 1418 611 1495 vasquez
666 1435 805 1495 cap.
841 1434 902 1477 v.
934 1415 1004 1476 de
1031 1417 1381 1476 testamentis
1407 1417 1462 1496 §-
1511 1434 1555 1478 1.
1607 1436 1712 1478 nu.
1750 1419 1845 1478 13.

324 1510 469 1588 quia
494 1509 561 1568 in
594 1509 731 1569 aliis
752 1508 1000 1587 juribus
1036 1527 1163 1570 non
1212 1509 1513 1571 limitatur
1557 1508 1638 1570 ad
1687 1509 1851 1570 solos

325 1606 604 1680 nepotes,
656 1600 765 1660 sed
813 1600 1166 1662 extenditur
1211 1602 1275 1660 in
1321 1602 1654 1676 infinitum,
1690 1605 1760 1662 ut
1786 1601 1889 1660 in.

322 1693 700 1755 Anthentico
730 1693 803 1753 In
827 1694 1194 1769 successione,
1228 1696 1294 1756 C.
1329 1693 1398 1755 de
1423 1695 1562 1771 suile,
1598 1703 1653 1757 et
1664 1693 1851 1773 leyiti-

322 1786 429 1845 mis
453 1784 799 1862 leoeredibus,
834 1789 898 1847 et
924 1785 985 1846 in
1016 1787 1057 1847 l.
1090 1786 1530 1848 Jurecomuleus
1548 1789 1597 1866 ἓ.
1628 1786 1852 1847 Paren-

323 1890 421 1951 τρε,
456 1881 519 1940 ff.
554 1878 628 1939 de
670 1877 968 1959 yradibus,
1003 1880 1151 1940 etin
1184 1880 1354 1941 dicto
1393 1880 1582 1941 etiam
1618 1881 1673 1957 ἓ.
1705 1879 1852 1939 Item

321 1982 594 2049 vetustas,
628 1977 691 2033 et
716 1972 888 2032 alibi.
924 1972 1042 2033 Ubi
1069 1977 1279 2033 autem
1315 1972 1393 2032 de
1418 1973 1566 2033 solis
1593 1972 1756 2047 filiis,
1792 1975 1855 2033 et

324 2066 656 2145 nepotibus
684 2065 754 2125 fit
781 2064 1035 2140 mentio,
1075 2069 1168 2125 est
1197 2065 1342 2143 quia
1370 2065 1433 2125 id
1458 2066 1657 2126 solum
1686 2082 1853 2124 com-

322 2159 597 2219 muniter
625 2156 874 2217 evenire
904 2162 1131 2236 potest.
1190 2157 1371 2219 Unde
1398 2162 1854 2236 consequenter

323 2252 782 2312 successionem
811 2249 1282 2311 ascendentium
1309 2251 1647 2311 extendere
1668 2249 1852 2311 debe-

323 2363 458 2404 mus
485 2344 549 2403 in
583 2343 917 2418 infinitum,
943 2346 1006 2403 et
1031 2343 1171 2403 ideo
1196 2343 1259 2403 in
1290 2343 1454 2404 dicto
1477 2342 1850 2404 Anthentico

323 2439 398 2497 de
422 2436 788 2497 haeredihus
810 2436 890 2496 ab
921 2435 1238 2512 intestato,
1271 2437 1326 2515 ἓ.
1377 2436 1456 2497 Si
1482 2435 1693 2515 ἐρίων,
1729 2454 1853 2496 non

323 2530 629 2591 limitatur
656 2528 735 2588 ad
765 2546 939 2603 avoS,
962 2528 1070 2587 sed
1096 2528 1175 2588 de
1205 2529 1496 2589 omnibus
1518 2528 1856 2588 ascenden-

323 2623 484 2684 tibus
512 2622 580 2682 id
629 2622 693 2682 in
737 2622 1098 2681 universum
1147 2621 1459 2682 deciditur
1492 2641 1505 2682 :
1538 2620 1855 2681 rarissime

324 2720 530 2777 tamen
591 2716 692 2775 vel
760 2731 1083 2792 nunquam
1133 2713 1472 2792 continget,
1550 2731 1854 2791 proavum

323 2807 684 2882 succedere,
735 2825 878 2867 cum
910 2805 1012 2867 hic
1067 2806 1405 2866 succedere
1450 2823 1573 2866 non
1631 2806 1857 2883 posssit

324 2905 575 2962 extante
622 2898 831 2978 aliquo
878 2902 1159 2976 parente,
1206 2898 1301 2958 vel
1329 2916 1471 2974 avo,
1513 2902 1576 2958 et
1604 2897 1854 2957 difficile

327 2998 449 3068 est,
503 2993 711 3053 solum
773 3008 1076 3070 proavum
1133 3009 1457 3069 superesse
1479 3037 1495 3067 ,
1570 2989 1855 3050 extinctis

328 3086 640 3160 omnibus,
674 3089 738 3145 et
764 3082 1126 3162 parentibus
1155 3088 1219 3144 et
1247 3083 1401 3144 avis.

405 3179 587 3242 Circa
640 3178 802 3238 hanc
854 3169 1313 3238 successionem
1370 3174 1714 3237 notandum
1762 3178 1855 3237 est

329 3273 551 3351 primo,
589 3289 729 3331 eam
757 3269 988 3329 habere
1015 3269 1221 3349 locum
1251 3269 1440 3329 etiam
1468 3272 1755 3346 respectu
1784 3268 1859 3327 fi-

329 3366 390 3425 lii
417 3362 739 3445 posthumi
765 3363 974 3423 statim
1004 3361 1256 3438 mortui,
1289 3381 1348 3421 v.
1383 3380 1445 3439 g.
1482 3363 1665 3422 Petro
1687 3379 1858 3421 mor-

328 3462 431 3519 tuo
459 3461 648 3517 natus
676 3459 771 3515 est
814 3454 1184 3532 posthumus
1215 3472 1287 3513 ex
1316 3471 1509 3513 uxore
1529 3471 1857 3533 praegnan-

328 3555 420 3612 te:
461 3550 512 3610 is
539 3549 724 3610 vivus
753 3551 936 3608 natus
965 3548 1173 3608 statim
1195 3543 1489 3622 moritur,
1530 3551 1734 3608 mater
1753 3566 1858 3607 su-

328 3647 562 3721 perstes
592 3640 873 3702 succedit
898 3639 977 3716 ei,
1028 3633 1215 3718 atque
1245 3638 1402 3700 adeo
1433 3638 1702 3723 acquirit
1729 3657 1858 3699 om-

329 3737 428 3796 nia
459 3734 660 3815 patris
688 3732 874 3807 bona,
894 3732 957 3791 in
987 3731 1214 3811 quibus
1241 3731 1405 3791 filius
1433 3731 1640 3792 statim
1673 3736 1856 3792 natus

327 3827 625 3889 successit
641 3826 800 3904 patri
825 3830 1095 3899 mortuo,
1120 3827 1183 3884 et
1207 3824 1337 3903 ipse
1363 3823 1572 3885 statim
1583 3824 1858 3885 moriens

329 3921 622 3982 transfert
647 3918 730 3979 ad
756 3922 1023 3978 matrem
1080 3917 1502 3994 superstitem.
1538 3917 1586 3976 E
1642 3922 1860 3979 contra

328 4016 377 4075 si
402 4018 611 4074 mater
634 4012 697 4071 in
727 4008 1058 4089 puerperio
1087 4007 1371 4084 moritur,
1402 4008 1566 4068 filius
1592 4012 1743 4069 tunc
1771 4009 1858 4068 vi-

329 4126 440 4168 vus
466 4110 654 4167 natus
682 4102 961 4165 succedit
989 4101 1070 4176 ei,
1105 4100 1209 4179 qui
1232 4100 1284 4160 si
1322 4100 1532 4161 statim
1562 4106 1702 4179 post
1727 4119 1858 4160 ma-

329 4204 484 4259 trem
503 4197 834 4271 moriatur,
866 4192 1164 4256 transfert
1191 4192 1271 4251 ad
1302 4195 1545 4270 patrem
1560 4192 1858 4271 supersti-

304 4295 450 4352 -tem
479 4289 693 4351 omnia
709 4288 877 4348 bona
910 4288 1221 4360 materna,
1272 4301 1347 4344 ex
1392 4284 1433 4344 l.
1464 4301 1533 4345 11.
1568 4290 1632 4345 et
1658 4300 1753 4347 111.
1786 4287 1853 4347 C.

329 4382 396 4443 de
445 4380 647 4444 koered
677 4376 1061 4440 instituendis.
1102 4379 1191 4437 De
1247 4374 1384 4456 iure
1440 4375 1720 4438 Castellae
1776 4375 1857 4436 ad

330 4475 492 4536 hunc
518 4475 812 4536 effectum
840 4470 1197 4549 requiritur,
1245 4468 1414 4547 quod
1466 4468 1631 4528 filius
1688 4467 1861 4530 vivat

329 4560 855 4646 vigentiquatuor
882 4563 1075 4638 horiS,
1109 4560 1552 4641 etbaptisetur,
1579 4561 1857 4639 alioquin

331 4679 552 4739 parens
578 4662 894 4738 superstes
924 4673 1048 4716 non
1076 4653 1356 4715 succedit
1382 4653 1463 4729 ei,
1488 4670 1693 4732 neque
1723 4654 1856 4733 ipse

3366 224 3472 285 ¹11

1950 397 2224 477 aequales
2269 399 2407 459 fieri
2462 399 2755 477 debeant,
2819 403 2973 480 quot
3022 405 3168 463 sunt
3194 417 3478 480 personae

1948 491 2422 552 ascendentium
2480 496 2543 553 et
2570 493 2829 554 fratrum
2859 493 2966 572 qui
3012 493 3376 554 succedunt.
3409 495 3480 553 In

1949 580 2068 643 hac
2123 587 2333 643 autem
2362 584 2646 663 portione
2687 603 2878 664 quam
2909 585 3103 646 frater
3158 584 3350 646 habet
3404 602 3480 645 ex

1948 673 2137 736 fratre
2170 674 2486 753 defunct0,
2508 677 2642 756 ejus
2661 676 3092 754 ascendenteS,
3117 677 3179 737 in
3211 695 3480 758 quorum

1949 771 2256 845 potestate
2308 768 2466 830 forte
2547 768 2881 845 invenitur,
2962 788 3087 830 non
3160 769 3483 831 habebunt

1948 879 2131 920 usum
2150 860 2445 938 fructum,
2479 880 2622 922 cum
2643 862 2777 943 jam
2795 862 2912 943 ipsi
2933 868 3176 941 partem
3206 863 3482 924 habeant

1949 953 2158 1032 quoad
2205 954 2652 1033 proprietatem
2736 955 3018 1036 ejusdem
3067 955 3476 1032 haereditatiS,

1948 1063 2089 1123 quoe
2118 1045 2329 1106 omnia
2357 1045 2667 1108 habentur
2692 1049 2755 1108 in
2785 1048 2950 1108 dicto
3006 1048 3383 1109 Anthentico
3412 1047 3483 1108 de

1947 1135 2270 1198 laer-edibus
2295 1138 2367 1198 ab
2396 1138 2663 1201 intestato
2690 1141 2746 1220 §-
2773 1139 2852 1201 Si
2876 1141 3080 1220 ἐρίων.
3116 1141 3291 1203 Circa
3326 1158 3476 1220 quo-

1948 1248 2089 1290 rum
2121 1231 2430 1298 ultimum,
2459 1231 2702 1294 dubitat
2755 1232 2984 1293 Molina
3014 1233 3123 1294 ubi
3169 1251 3383 1312 supra,
3416 1233 3473 1313 ς.

1950 1323 2061 1384 ult.
2104 1342 2186 1383 an
2216 1323 2318 1383 ille
2347 1325 2755 1401 ususfructuS,
2790 1326 2894 1404 qui
2927 1331 3194 1404 negatur
3223 1326 3383 1404 patri
3415 1326 3479 1386 in

1949 1416 2237 1493 portione
2279 1416 2388 1476 filii
2437 1417 2828 1478 succedentis
2855 1417 3055 1494 fratri,
3090 1417 3477 1497 intelligatur

1949 1508 2151 1568 solum
2182 1508 2259 1568 de
2307 1508 2657 1586 usufructu,
2685 1509 2790 1588 qui
2821 1509 2899 1570 de
2929 1528 3091 1571 novo
3122 1515 3480 1590 competere

1949 1600 2223 1661 debebat
2250 1601 2412 1686 patri
2443 1602 2611 1662 circa
2656 1601 2760 1662 illa
2788 1603 2976 1677 bona,
3012 1621 3153 1682 quae
3175 1602 3310 1682 ejus
3354 1602 3480 1664 filio

1951 1692 2393 1771 acquiruntur:
2426 1712 2505 1754 an
2559 1713 2706 1756 vero
2757 1694 2835 1755 de
2884 1696 3232 1773 usufructu,
3292 1713 3482 1775 quem

1942 1785 2077 1865 jam
2097 1785 2268 1862 prius
2298 1785 2572 1848 habehat
2600 1786 2766 1847 circa
2800 1787 3021 1847 eadem
3057 1788 3246 1865 bona,
3283 1807 3484 1867 quan-

1951 1877 2031 1937 do
2079 1881 2260 1937 erant
2298 1877 2406 1937 filii
2467 1878 2765 1956 defuncti,
2826 1880 2930 1959 qui
2962 1885 3141 1942 erant
3173 1881 3362 1942 etiam
3417 1881 3482 1940 in

1951 1969 2233 2048 ejusdem
2263 1970 2455 2048 patris
2483 1977 2812 2050 potestate,
2848 1973 2934 2034 ita
2982 1978 3049 2035 ut
3080 1973 3246 2033 hunc
3292 1974 3483 2034 etiam

1951 2062 2406 2123 usumfructum
2461 2063 2689 2125 debeat
2742 2066 3029 2126 amittere
3081 2066 3246 2126 circa
3290 2067 3483 2127 talem

1950 2154 2328 2234 portionem,
2364 2159 2425 2216 et
2457 2157 2589 2234 ipse
2618 2157 2848 2217 Molina
2877 2159 3078 2238 magis
3124 2159 3186 2218 in
3216 2159 3484 2236 primam

1951 2252 2194 2326 partem
2224 2249 2592 2326 propendet,
2653 2251 2938 2329 quamvis
2962 2251 3345 2332 jurispuritis
3375 2251 3479 2311 de-

1951 2339 2295 2399 finiendum
2325 2341 2659 2420 relinquat.
2694 2344 2771 2403 Et
2798 2343 2951 2402 mihi
2983 2344 3172 2404 etiam
3199 2363 3349 2423 pars
3370 2343 3479 2403 illa

1952 2432 2155 2510 magis
2192 2432 2530 2494 conformis
2573 2435 2825 2497 videtur
2876 2436 3088 2496 verbis
3135 2437 3313 2516 legis,
3343 2454 3483 2515 quae

1950 2525 2155 2585 solum
2183 2525 2432 2587 videtur
2453 2527 2754 2605 impedire
2784 2530 3242 2589 usumfructum
3272 2529 3348 2589 de
3379 2548 3486 2590 no-

1951 2635 2027 2677 vo
2058 2617 2511 2697 acquirendum
2541 2638 2617 2679 ex
2659 2619 3049 2698 portionibus
3104 2621 3369 2682 aliorum
3414 2621 3483 2682 fi-

1949 2708 2200 2785 liorum,
2250 2710 2395 2789 quia
2439 2710 2549 2770 filii
2578 2715 2744 2785 sunt,
2778 2730 2901 2772 non
2932 2730 3083 2774 vcro
3115 2713 3481 2792 extinguere

1952 2803 2407 2863 usumfructum
2428 2804 2563 2882 jam
2594 2804 2966 2883 acquisitum
3013 2822 3086 2865 ex
3114 2805 3233 2865 illis
3276 2806 3480 2884 boniS,

1953 2894 2060 2973 qui
2121 2894 2382 2955 effectus
2442 2897 2642 2975 magis
2702 2915 2991 2977 expresse
3068 2897 3485 2960 declarandus

1953 2986 2193 3063 fuisset,
2226 2987 2276 3047 si
2293 2987 2743 3065 intenderetur,
2768 3007 2911 3050 cum
2941 2992 3245 3052 correctio
3273 2991 3486 3070 legum

1954 3079 2021 3138 in·
2047 3079 2238 3141 dubio
2258 3098 2381 3141 non
2417 3086 2853 3162 praesumatur.
2886 3083 2963 3145 Et
2990 3084 3346 3145 confirmari
3376 3102 3488 3162 po-

1953 3174 2095 3247 test,
2128 3172 2277 3252 quia
2305 3174 2556 3253 quando
2597 3179 2777 3254 pater
2808 3179 2870 3236 et
2898 3180 3098 3237 mater
3142 3176 3488 3239 succedunt

1954 3265 2138 3326 simul
2178 3265 2240 3325 in
2269 3265 2449 3327 bonis
2478 3267 2610 3343 filii,
2646 3272 2823 3345 pater
2853 3286 2977 3329 non
3011 3268 3245 3331 amittit
3273 3288 3484 3330 usum-

1956 3357 2259 3434 fructum,
2308 3377 2495 3438 quem
2544 3358 2676 3439 jam
2724 3360 2896 3438 prius
2940 3359 3217 3423 habebat
3257 3362 3322 3422 in
3363 3361 3485 3422 illis

1955 3450 2159 3527 boniS,
2191 3470 2394 3531 neque
2424 3451 2611 3513 debet
2637 3452 2812 3512 illum
2859 3454 2938 3512 ad
2969 3453 3340 3515 divisionem
3371 3455 3483 3515 de-

1955 3544 2209 3620 ducere,
2243 3544 2578 3629 sedsolam
2625 3545 3093 3624 proprietatem,
3153 3552 3222 3608 ut
3274 3549 3486 3609 statim

1957 3636 2329 3697 videbimus
2354 3636 2557 3697 Minus
2586 3654 2737 3715 ergo
2761 3636 2947 3700 debet
2974 3637 3150 3699 illum
3172 3640 3480 3717 amittere,

1957 3719 2209 3808 qu‘ando
2250 3730 2530 3791 succedit
2555 3730 2739 3790 simul
2767 3749 2910 3789 cum
2951 3730 3100 3807 fllio,
3148 3725 3256 3811 qui
3284 3732 3485 3811 magis

1957 3839 2030 3880 ex
2047 3819 2261 3881 favore
2290 3820 2642 3881 admittitur
2669 3821 2750 3882 ad
2775 3822 3259 3900 succedendum,
3293 3842 3485 3903 quam

1955 3917 2179 3974 mater.
2206 3913 2487 3991 Denique
2525 3913 2691 3975 circa
2722 3913 2841 3973 hoc
2868 3913 2944 3972 ad
2957 3918 3143 3991 verte,
3176 3915 3323 3977 licet
3364 3917 3485 3978 fra-

1954 4008 2080 4066 tres
2111 4004 2453 4066 succedant
2493 4004 2667 4065 fratri
2699 4005 2882 4066 simul
2913 4023 3058 4066 cum
3095 4008 3495 4072 ascendenti-

1952 4096 2092 4172 buS,
2127 4114 2252 4157 non
2298 4101 2508 4159 tamen
2556 4098 2894 4158 succedere
2924 4099 3084 4159 filios
3140 4101 3350 4164 fratris
3378 4102 3485 4164 de-

1953 4188 2173 4266 functi,
2217 4192 2288 4250 ut
2350 4190 2626 4251 fatentur
2702 4191 3117 4253 communiter
3171 4194 3479 4274 doctoreS,

1956 4282 2103 4361 quia
2131 4281 2252 4345 hoc
2281 4281 2483 4342 solum
2509 4283 2875 4344 conceditur
2901 4284 3196 4347 fratribus
3221 4289 3483 4350 extanti-

1951 4373 2092 4450 bus,
2128 4378 2194 4435 ut
2220 4378 2464 4436 constat
2492 4391 2564 4434 ex
2582 4375 2700 4435 illis
2717 4376 2962 4438 verbis:
2990 4376 3068 4437 Si
3081 4397 3216 4439 vero
3235 4400 3364 4443 cum
3393 4401 3483 4443 as-

1954 4464 2320 4527 cendentibus
2372 4467 2742 4527 inveniantur
2785 4468 3025 4548 fratres,
3086 4481 3188 4532 aut
3228 4491 3477 4553 sorores,

1955 4561 2075 4619 etc.
2095 4558 2182 4619 illi
2200 4559 2388 4637 enim,
2422 4560 2526 4639 qui
2548 4560 2780 4622 mortui
2802 4559 2939 4640 jam
2965 4568 3132 4641 sunt,
3167 4584 3292 4626 non
3313 4566 3484 4628 inve·
3554 4628 3564 4638 ,

1955 4648 2240 4712 niuntur.

332 4754 526 4815 haeres
554 4756 844 4814 censetur
869 4747 1146 4827 parentis
1174 4746 1559 4825 praemortui,
1618 4746 1682 4805 in
1723 4746 1849 4825 leg.

332 4862 461 4907 xm.
493 4844 695 4907 Tauri.
730 4842 885 4903 Vide
913 4839 1209 4903 Molinam
1239 4838 1398 4916 disp.
1433 4853 1640 4898 chm.
1674 4838 1732 4916 ἓ.
1768 4855 1811 4899 1.

408 4938 763 5001 Notandum
789 4933 1096 5009 secundo,
1129 4932 1183 4993 si
1211 4930 1540 4992 defunctus
1582 4929 1860 4993 habebat

2037 4743 2393 4805 Notandum
2448 4744 2651 4822 terti0,
2685 4746 2937 4825 quando
2966 4754 3166 4827 pater,
3199 4753 3296 4813 vel
3327 4772 3480 4815 avus
3628 4765 3746 4828 180

1954 4837 2240 4942 succedit
2261 4838 2554 4943 cum-alio
2585 4839 2961 4901 ascendente
3018 4842 3080 4901 in
3135 4843 3314 4905 bonis
3344 4846 3475 4907 des·
3525 4890 3591 4935 An
3611 4871 3827 4947 compute-L

1954 4928 2706 5002 cendent1S,d1V1dendam
2719 4949 2854 4993 esse
2869 4933 3299 4997 haereditatem
3313 4939 3478 4999 inter
3575 4950 3648 4987 ιω·
3665 4944 3770 5000 ruri

132 4967 221 5028 ¹79
1255 5024 1267 5037 ,
1958 5020 1970 5033 ·
2556 5022 2568 5034 ⁵
3728 5004 3810 5051 m·

334 5033 573 5108 fratres,
632 5029 732 5090 vel
785 5045 1032 5088 sorores
1086 5028 1304 5085 mortis
1381 5027 1686 5103 tempore,
1751 5040 1858 5085 eos
1955 5021 2094 5081 ilios
2123 5022 2333 5100 quoad
2362 5026 2827 5101 proprletatem,
2881 5042 3002 5084 non
3034 5027 3240 5105 quoad
3268 5048 3478 5090 usum·
3554 5052 3624 5106 qui
3649 5052 3688 5094 ,ι
3715 5052 3800 5106 im

107 5094 292 5190 ’ἔῖἒρ-
336 5124 666 5185 succedere
695 5121 884 5183 etiam
904 5136 1049 5180 cum
1077 5119 1359 5197 parente,
1389 5116 1488 5176 vel
1518 5114 1858 5175 ascenden·
1954 5113 2227 5174 fructum
2264 5132 2452 5192 quem
2471 5113 2605 5194 jam
2635 5119 2832 5193 pater,
2868 5117 2968 5177 vel
2997 5136 3151 5180 avus
3205 5121 3481 5186 habebat
3527 5105 3824 5202 ffssss‘ssffl·

107 5194 254 5242 htu-

107 5251 276 5298 Qu·
1956 5206 2019 5265 in
2047 5206 2228 5267 bonis
2257 5205 2555 5283 defuncti,
2598 5211 2661 5267 et
2687 5208 2794 5286 qui
2815 5213 3016 5271 morte
3046 5211 3481 5279 descendentis

1956 5316 2079 5359 non
2109 5298 2356 5360 finitur:
2377 5298 2540 5359 hunc
2555 5299 2722 5359 enim
2734 5299 2878 5380 jure
2907 5320 3020 5363 suo
3048 5304 3339 5386 retinent,
3366 5328 3482 5373 nec

1956 5397 2357 5470 computatur
2383 5392 2445 5453 in
2477 5411 2695 5454 eorum
2751 5395 3059 5473 portione,
3119 5403 3190 5461 ut
3241 5408 3485 5466 constat
3563 5447 3572 5460 .

336 5223 394 5281 te
422 5216 627 5291 simul,
661 5218 723 5276 et
749 5213 1034 5292 accipere
1062 5209 1413 5290 portionem
1439 5225 1620 5268 suam
1649 5226 1725 5268 ex
1752 5207 1860 5269 bo-

337 5311 428 5372 nis
454 5308 659 5371 fratris
686 5304 975 5367 defuncti·
1004 5322 1120 5382 per
1146 5301 1373 5381 capita,
1407 5304 1469 5362 et
1500 5318 1623 5361 non
1654 5300 1857 5361 solum

334 5423 443 5483 per
462 5403 741 5481 stirpem,
790 5398 880 5459 ita
904 5401 977 5458 ut
1000 5400 1094 5459 tot
1121 5392 1439 5476 portiones
1476 5392 1858 5455 haereditatis
