4263 6376
1227 393 1698 457 DlSPU'l'A'I'IO
1739 393 2042 471 XXXVII,
2087 394 2363 457 SECTIO
2406 396 2567 457 XIII.

295 569 475 632 tione
504 570 761 631 oriatur.
799 569 925 632 Sed
960 586 1185 631 revera
1209 567 1561 634 differentia
1585 571 1837 633 videtur

295 682 440 725 esse
469 663 635 725 inter
666 666 1000 742 utrumque
1031 681 1250 723 casum
1277 683 1290 724 :
1334 663 1636 743 quamdiu
1668 666 1836 725 enim

286 757 493 837 judex
523 761 636 833 est,
680 774 806 817 non
834 756 1088 818 videtur
1114 775 1297 835 posse
1327 758 1715 838 distinguere
1749 759 1838 819 in-

293 856 400 912 ter
427 870 493 911 se
524 850 662 910 illas
697 850 854 911 duas
885 868 1211 929 personaS,
1261 855 1324 913 et
1348 852 1554 913 facere
1611 857 1679 915 ut
1710 853 1837 934 pri-

291 948 487 1005 vatus
514 943 746 1024 aliqua,
780 943 1010 1024 quibus
1037 944 1259 1024 positis
1283 946 1589 1025 procedat
1615 952 1835 1026 postea

292 1041 374 1098 ut
392 1035 609 1115 judex.
645 1037 940 1116 Alioquin
972 1037 1021 1096 si
1065 1041 1134 1098 ut
1162 1038 1443 1116 privatus
1476 1040 1836 1103 extraheret

296 1128 686 1208 aliquemab
732 1129 998 1191 ecclesia
1041 1130 1103 1190 vi
1155 1130 1255 1191 vel
1313 1132 1561 1210 fraude,
1622 1139 1836 1213 posset

291 1226 521 1301 postea
575 1227 645 1286 ut
683 1223 881 1302 judex
936 1227 1157 1285 contra
1213 1223 1389 1285 illum
1444 1227 1787 1305 procedere
1813 1249 1826 1290 :

288 1314 449 1393 quia
474 1316 620 1377 licet
646 1319 968 1396 peccasset
994 1316 1424 1391 extrahendo;
1454 1317 1588 1399 jam
1617 1324 1834 1382 tamen

288 1407 543 1472 invenit
582 1413 930 1471 extractum
962 1427 999 1469 a
1026 1410 1295 1488 private,
1349 1411 1482 1472 sine
1531 1430 1833 1491 cooperan

288 1503 467 1565 tione
494 1503 613 1579 sui,
639 1502 970 1582 utjudicis;
1005 1504 1174 1583 quod
1211 1506 1428 1566 tamen
1457 1525 1644 1568 nemo
1677 1525 1830 1570 con·

290 1597 499 1657 cedet.
525 1595 706 1657 Ratio
736 1600 949 1657 autem
973 1615 1108 1657 esse
1137 1600 1521 1678 potest,quia
1546 1600 1827 1662 Ecclesia

290 1688 540 1768 obligat
558 1689 840 1768 judicem
868 1709 994 1751 non
1059 1691 1260 1752 solum
1315 1710 1392 1752 ne
1445 1692 1736 1755 extrahat
1764 1698 1833 1756 ut

279 1782 510 1861 judex,
542 1782 655 1844 sed
683 1801 762 1844 ne
787 1782 1098 1860 extrahat,
1144 1788 1205 1847 et
1240 1803 1318 1846 ne
1345 1789 1566 1848 contra
1594 1786 1683 1847 sic
1725 1805 1832 1848 ex-

285 1879 566 1938 tractum
622 1894 659 1936 a
695 1893 763 1938 se
820 1877 1151 1956 procedat.
1203 1877 1305 1940 Sic
1352 1879 1542 1941 etiam
1588 1880 1833 1960 justitia

288 1969 536 2048 obligat
584 1967 891 2049 judicem,
959 1988 1042 2031 ne
1102 1971 1235 2032 sine
1290 1971 1550 2034 infamia
1596 1992 1829 2053 praece·

285 2063 482 2124 dente
502 2062 797 2142 inquirat,
831 2062 951 2124 hoc
973 2067 1088 2141 est,
1119 2063 1252 2125 sine
1281 2064 1546 2127 infamia
1573 2067 1827 2129 aliunde

282 2156 569 2232 inventa,
604 2174 796 2235 quam
837 2156 972 2235 ipse
992 2155 1192 2236 judex
1232 2176 1355 2218 non
1379 2164 1573 2239 ponat
1600 2160 1730 2221 sive
1760 2165 1831 2222 ut

276 2249 506 2329 judex,
539 2250 670 2310 sive
696 2253 767 2311 ut
812 2250 1114 2329 privatus.
1152 2251 1447 2332 Alioquin
1513 2254 1612 2313 lex
1665 2259 1830 2318 esset

285 2342 518 2417 inaniS,
551 2360 696 2403 cum
721 2346 933 2422 posset
957 2348 1026 2405 ut
1052 2344 1333 2422 privatus
1362 2363 1620 2424 ponere,
1661 2352 1724 2409 et
1754 2352 1825 2411 ut

275 2435 485 2513 judex
526 2435 888 2513 procedere.
951 2438 1129 2498 Nunc
1171 2436 1310 2515 jam
1366 2438 1711 2501 dicendum
1747 2441 1827 2502 de

283 2527 595 2607 injustitia
622 2528 1033 2607 probationiS,
1072 2548 1214 2609 quae
1240 2536 1506 2611 apparet
1536 2533 1599 2593 in
1628 2536 1828 2596 tortu·

284 2639 361 2680 ra
386 2619 619 2699 injuste
646 2621 837 2683 illata.

722 3057 1138 3144 sEcho
1218 3060 1397 3149 XIII.

384 3366 477 3428 De
508 3374 759 3443 tortura,
792 3376 848 3428 et
873 3367 998 3448 ejus
1008 3367 1271 3448 justitia,
1303 3369 1393 3430 vel
1415 3368 1724 3450 injustitia.

374 3634 491 3696 Hic
519 3639 614 3697 est
639 3633 798 3695 alius
827 3633 1051 3697 modus
1074 3679 1090 3710 ,
1142 3651 1265 3713 quo
1293 3634 1580 3715 probatio
1610 3653 1828 3697 cense-

281 3732 397 3791 tur
424 3746 551 3789 non
579 3728 879 3807 legitima,
913 3732 977 3789 et
997 3727 1137 3787 ideo
1165 3744 1495 3807 processus
1515 3728 1577 3790 in
1599 3747 1673 3789 ea
1693 3729 1828 3790 fun·

188 3812 224 3897 ζ·
285 3821 427 3882 dari
459 3839 583 3883 non
627 3825 833 3900 potest
877 3820 1009 3880 sine
1062 3820 1294 3899 injuria
1342 3825 1403 3883 et
1449 3821 1828 3900 obligatione

282 3912 701 3985 restituendi3
737 3912 988 3992 quando
1017 3912 1255 3974 scilicet
1277 3931 1390 3991 per
1405 3917 1712 3975 torturam
1727 3932 1829 3974 ex·

281 4009 459 4070 torta
492 4010 605 4082 est,
642 4022 781 4084 quae
828 4005 996 4085 juste
1049 4004 1336 4067 adhiberi
1385 4024 1508 4066 non
1553 4011 1823 4086 poterat.

282 4104 412 4162 Pro
442 4118 564 4179 quo
594 4098 938 4160 notandum
969 4103 1082 4175 est,
1115 4102 1423 4160 torturam
1451 4099 1679 4161 debitis
1707 4100 1829 4161 cir-

281 4193 680 4255 cumstantiis
736 4192 1254 4265 concurrentibus
1277 4237 1293 4268 ,
1353 4192 1588 4269 licitam
1639 4212 1829 4274 repu-

279 4284 435 4361 tari,
470 4285 617 4365 quia
640 4284 790 4347 licet
826 4284 1125 4346 delictum
1172 4284 1453 4346 nondum
1491 4284 1827 4364 probatum

280 4378 410 4451 sit;
442 4378 576 4438 sine
603 4378 712 4438 illa
738 4381 949 4440 tamen
995 4377 1363 4437 audaciores
1404 4378 1690 4438 homines
1731 4397 1828 4439 es-

280 4474 432 4532 sent
454 4471 535 4531 ad
565 4469 1047 4548 deliquendum‚
1096 4488 1239 4530 cum
1283 4470 1652 4549 plerumque
1700 4489 1825 4531 non

279 4563 530 4645 possint
540 4563 769 4624 delicta
780 4562 962 4641 plene
975 4561 1233 4641 probari
1254 4563 1386 4622 sine
1402 4563 1657 4641 propria
1680 4582 1825 4625 con-

281 4657 581 4733 fessione,
618 4660 681 4718 et
712 4655 847 4717 haec
875 4673 1002 4715 non
1044 4654 1384 4715 haberetur
1411 4656 1827 4717 communiter

280 4749 427 4812 sine
456 4752 716 4810 tortura.
752 4750 980 4825 Quare,
1029 4747 1177 4809 licet
1224 4747 1573 4826 periculum
1619 4748 1699 4809 sit
1745 4767 1824 4809 ne

281 4845 657 4905 innocentes
685 4845 1118 4920 torqueantur,
1172 4845 1234 4901 et
1269 4860 1348 4901 ne
1378 4840 1595 4902 dolore
1625 4841 1823 4902 coacti

279 4936 604 4997 fateantur
630 4934 800 5013 quod
831 4952 954 4994 uon
971 4936 1348 5012 peccarunt;
1381 4933 1587 4994 minus
1615 4937 1826 4994 tamen

277 5033 615 5108 reputatur
645 5028 766 5089 boc
794 5027 1028 5087 malum
1049 5072 1065 5103 ,
1100 5044 1288 5105 quam
1320 5026 1488 5105 quod
1520 5045 1594 5085 ex
1621 5027 1825 5106 impu-

277 5124 488 5193 nitate
513 5122 822 5187 scelerum
869 5119 1224 5198 respublica
1264 5118 1541 5179 humana
1581 5123 1827 5198 patere-

277 5223 422 5289 tum
457 5235 532 5277 ex
561 5216 806 5276 duobus
836 5217 1048 5275 autem
1093 5213 1275 5274 malis
1321 5213 1529 5273 minus
1577 5216 1672 5274 est
1715 5213 1826 5274 eli-

275 5309 589 5392 gendum,
623 5307 876 5388 quando
898 5311 1231 5386 utrumque
1248 5306 1437 5368 vitari
1453 5325 1578 5367 non
1594 5309 1820 5386 potest.

280 5403 449 5478 Quia
475 5407 688 5464 tamen
719 5400 839 5462 hoc
879 5400 1158 5460 medium
1188 5399 1530 5461 violentum
1569 5404 1631 5460 et
1658 5400 1826 5480 peri-

277 5497 575 5561 culosum
602 5499 718 5572 est,
777 5512 904 5555 non
961 5498 1055 5554 est
1081 5493 1473 5570 tentandum,
1526 5493 1644 5553 nisi
1682 5511 1828 5555 cum

277 5607 521 5670 magno
572 5587 981 5652 fundamento
1015 5586 1411 5667 praeeedente
1448 5590 1667 5648 contra
1722 5585 1826 5646 de·

3351 399 3469 459 ‘129

1935 572 2359 651 linquentem,
2411 590 2635 650 nempe
2681 571 3030 652 semiplena
3074 573 3471 652 probatione,

1937 682 2077 745 quae
2109 665 2447 745 aliquando
2474 665 2742 727 babetur
2770 684 2847 726 ex
2891 666 3245 728 testimonio
3290 668 3475 728 unius

1936 758 2108 819 testis
2141 758 2309 818 omni
2340 758 2701 836 exceptione
2728 758 2988 838 majoris
3011 806 3026 836 ,
3074 760 3179 839 qui
3212 763 3476 822 testatur

1936 850 2013 910 de
2051 850 2210 927 visu,
2244 869 2470 929 nempe
2501 869 2568 911 se
2614 850 2839 911 vidisse
2894 852 3005 912 tali
3048 852 3205 913 bora
3246 857 3309 915 et
3335 853 3473 915 loco

1934 945 2188 1004 Petrum
2219 942 2418 1004 occidi
2437 945 2727 1005 aJoanne
2754 943 2919 1005 :imo
2949 945 3290 1025 aliquando
3311 966 3474 1007 unus

1933 1036 2110 1097 testis
2137 1055 2261 1097 non
2308 1037 2625 1098 sufficeret
2677 1042 2897 1099 contra
2953 1057 3287 1117 personam
3318 1039 3473 1101 alio-

1935 1130 2085 1209 quin
2114 1130 2298 1191 bonae
2327 1130 2511 1191 famae
2536 1176 2553 1208 ,
2599 1135 2668 1193 ut
2696 1150 2839 1191 cum
2889 1132 3215 1194 Simancas
3242 1132 3351 1194 lib.
3388 1133 3473 1193 in-

1931 1223 2116 1285 stitut.
2152 1223 2215 1282 in
2244 1241 2406 1284 novo
2437 1224 2529 1285 tit.
2563 1240 2725 1284 LXVI.
2781 1244 2842 1287 n.
2889 1228 2988 1286 23.
3033 1231 3208 1288 notat
3237 1225 3467 1289 Sanch.

1930 1315 2040 1378 lib.
2075 1317 2178 1377 vl.
2218 1314 2438 1378 Consil.
2472 1335 2527 1377 c.
2563 1332 2657 1377 111.
2692 1317 2841 1378 dub.
2877 1337 2978 1380 xv.
3015 1337 3076 1381 n.
3111 1323 3170 1381 3.
3205 1321 3332 1379 Nec
3353 1320 3475 1380 suf-

1934 1410 2064 1470 ficit
2091 1411 2523 1472 testimonium
2565 1411 2888 1489 complicis
2931 1413 2994 1472 in
3042 1412 3291 1489 delicto,
3325 1413 3473 1492 quia

1935 1520 2008 1562 eo
2039 1502 2174 1581 ipso
2206 1503 2399 1565 habet
2426 1503 2749 1563 infamiam
2779 1505 2927 1565 facti
2952 1550 2968 1581 ,
3020 1509 3083 1566 et
3122 1505 3332 1565 timeri
3358 1524 3472 1584 po-

1929 1598 2051 1656 test
2076 1614 2157 1655 ne
2186 1595 2251 1656 id
2279 1596 2468 1657 faciat
2494 1597 2592 1656 vel
2641 1614 2714 1656 ex
2762 1597 2928 1674 odio,
2961 1598 3082 1674 vel,
3125 1597 3296 1677 quod
3345 1597 3471 1676 ple-

1929 1706 2197 1767 rumque
2227 1689 2458 1765 evenit,
2494 1693 2561 1749 ut
2590 1688 2836 1749 facilius
2862 1689 3094 1751 habeat
3121 1708 3300 1769 spem
3328 1708 3471 1750 eva-

1930 1780 2122 1841 dendi
2151 1781 2744 1843 condemnationem
2768 1827 2784 1859 ,
2836 1782 3185 1861 praesertim
3227 1782 3280 1842 si
3317 1781 3471 1843 socii

1927 1878 2213 1953 potentes
2237 1875 2381 1936 sint.

2008 1967 2339 2029 Sufficiunt
2366 1967 2558 2029 etiam
2585 1966 2820 2028 indicia
2847 1985 2971 2028 non
3003 1968 3322 2046 quaelibet,
3355 1968 3466 2030 sed

1926 2078 2066 2140 quae
2077 2061 2310 2122 faciant
2329 2060 2735 2138 semiplenam
2756 2061 3213 2139 probationem.
3236 2064 3469 2135 Quam-

1924 2154 2018 2214 vis
2038 2154 2205 2213 enim
2218 2155 2387 2215 Lesa
2405 2154 2513 2216 lib.
2532 2155 2606 2217 11.
2628 2172 2684 2215 c.
2705 2171 2872 2215 xxix.
2897 2154 3048 2216 dub.
3070 2172 3223 2216 xvn.
3244 2159 3459 2218 n.156.

1927 2246 2116 2323 dicat,
2151 2245 2679 2307 sufficereindicia
2704 2247 2947 2309 minora
2975 2267 3163 2326 quani
3181 2249 3466 2327 semiple-

1927 2358 2074 2399 nam
2102 2338 2576 2418 probationem;
2612 2341 2902 2420 exempla
2928 2345 3138 2401 tamen
3163 2359 3303 2421 quae
3322 2342 3463 2402 sub·

1917 2432 2076 2512 jicit,
2112 2433 2261 2494 talia
2289 2436 2470 2508 sunt,
2523 2436 2594 2493 ut
2641 2433 2853 2493 omnia
2899 2434 3134 2497 faciant
3177 2434 3465 2512 semiple-

1925 2544 2072 2586 nam
2100 2525 2573 2605 probationem;
2617 2527 2823 2597 Quare
2879 2525 2985 2586 alii
3043 2527 3466 2588 communiter

1924 2619 2202 2696 exigunt,
2239 2617 2335 2678 vel
2365 2636 2560 2678 unum
2599 2622 2823 2681 testem
2848 2664 2864 2696 ,
2898 2619 2998 2679 vel
3048 2619 3277 2680 indicia
3324 2637 3464 2698 quae

1922 2711 2158 2773 faciant
2195 2710 2606 2789 semiplenam
2650 2711 3089 2789 probationem
3114 2756 3130 2787 ,
3169 2712 3269 2773 vel
3298 2711 3356 2771 ei
3384 2730 3464 2772 ω-

1926 2804 2287 2885 quivaleant
2307 2850 2324 2880 ‚
2359 2808 2427 2866 ut
2457 2822 2601 2865 cum
2629 2804 2766 2866 aliis
2794 2810 3016 2867 notant
3044 2804 3326 2867 Sanchez
3355 2804 3461 2866 ubi

1923 2914 2115 2978 supra
2143 2915 2316 2958 num.
2355 2900 2411 2959 1.
2447 2901 2508 2959 et
2534 2900 2593 2959 8.
2627 2898 2912 2976 Fagund.
2953 2901 3267 2976 praecepto
3297 2899 3457 2960 VIII.

1923 3007 1978 3051 c.
2012 3006 2139 3050 xx1.
2173 3009 2235 3050 n.
2271 2992 2675 3052 11.12.et13.
2700 2989 2881 3052 Unde
2902 2990 3132 3051 sufficit
3162 2989 3463 3051 indicium

1923 3081 2287 3158 vehemens,
2310 3101 2372 3144 v,
2404 3101 2467 3161 g.
2494 3081 2796 3162 juvenem
2822 3083 3148 3144 inventum
3167 3102 3301 3143 esse
3318 3101 3462 3144 cum

1923 3176 2159 3237 femina
2185 3175 2248 3236 in
2274 3175 2413 3238 loco
2445 3180 2684 3238 secreto
2736 3179 2881 3256 apto
2912 3176 2994 3237 ad
3045 3176 3459 3255 peccandum,

1926 3273 2045 3330 etc.
2079 3269 2247 3329 fama
2275 3269 2528 3348 publica
2550 3315 2566 3345 ,
2623 3269 2676 3329 si
2723 3269 3034 3349 aliquibus
3066 3270 3463 3330 adminiculis

1926 3359 2280 3439 adjuvetur,
2313 3364 2384 3422 ut
2412 3362 2756 3422 assertione
2785 3363 2962 3425 testis
2991 3363 3199 3424 minus
3226 3362 3459 3439 idonei,

1924 3453 2024 3513 vel
2053 3453 2398 3533 compliciS,
2435 3454 2696 3533 vestigio
2725 3454 3021 3515 facinoris
3062 3455 3126 3516 iu
3155 3458 3329 3516 veste
3357 3455 3459 3515 vel

1923 3546 2137 3607 armis.
2173 3547 2318 3608 Sola
2345 3550 2555 3608 tamen
2586 3546 2753 3607 fama
2781 3548 2952 3609 nuda
2972 3566 3098 3610 non
3121 3549 3459 3623 sufficeret,

1926 3638 2157 3700 sufficit
2173 3639 2362 3700 etiam
2374 3639 2677 3700 confessio
2690 3639 2779 3700 rei
2798 3643 2970 3701 extra
2984 3640 3293 3720 judicium
3314 3658 3460 3718 pro-

1923 3730 2073 3791 bata
2100 3749 2214 3810 per
2242 3731 2400 3792 duos
2429 3734 2619 3792 testes
2649 3731 2821 3792 omni
2863 3732 3230 3810 exceptione
3259 3731 3461 3811 majo-

1925 3841 2048 3900 reS,
2082 3824 2180 3883 vel
2211 3823 2402 3884 etiam
2433 3824 2739 3884 confessio
2787 3823 2954 3886 facta
2996 3842 3211 3884 coram
3245 3823 3462 3904 judice

1926 3934 2052 3976 non
2081 3916 2483 3994 competenti,
2517 3934 2643 3977 non
2672 3921 2883 3978 tamen
2925 3922 3096 3978 metu
3126 3920 3462 3979 tormento·

1923 4027 2086 4070 rum.
2121 4009 2239 4071 Ubi
2270 4012 2420 4069 nota
2439 4027 2581 4069 cum
2608 4009 2819 4070 Lessio
2851 4029 2914 4070 n.
2952 4012 3087 4070 159.
3123 4009 3464 4072 confessio-

1926 4119 2070 4161 nem
2100 4099 2636 4179 extrajudicialem
2667 4119 2793 4162 non
2823 4100 3027 4162 facere
3059 4104 3128 4162 ut
3156 4101 3461 4162 confessio

1924 4195 2047 4255 alia
2081 4194 2364 4273 ejusdem
2392 4193 2669 4254 criminis
2697 4193 2761 4254 in
2790 4197 3032 4255 tortura
3061 4193 3348 4268 sufficiat,
3383 4194 3460 4254 li-

1925 4290 2025 4348 cet
2051 4290 2269 4365 postea
2324 4304 2448 4347 non
2502 4285 2865 4363 ratificetur,
2914 4291 2986 4349 ut
3022 4286 3220 4366 aliqui
3248 4286 3464 4347 volue-

1923 4383 2071 4440 runt
2103 4400 2115 4440 ε
2152 4378 2300 4458 quia
2327 4376 2626 4438 nimirum
2651 4379 2956 4440 confessio
2978 4379 3081 4440 illa
3100 4379 3466 4459 praecedens

1925 4472 2127 4533 solum
2158 4471 2433 4532 deservit
2461 4475 2769 4550 quantum
2796 4473 3143 4552 semiplena
3172 4472 3460 4552 probatio

1926 4564 2006 4625 ad
2026 4563 2497 4644 justificandam
2530 4567 2838 4625 torturam
2872 4582 2887 4627 :
2922 4564 3315 4643 praecedente
3355 4582 3463 4624 au-

1925 4660 2053 4718 tem
2082 4656 2429 4736 semiplena
2454 4655 2864 4735 probatione,
2914 4656 3221 4718 confessio
3269 4660 3463 4720 tortu-

1923 4769 2011 4811 rae
2040 4768 2166 4811 non
2196 4748 2447 4824 sufficit,
2481 4749 2598 4809 nisi
2625 4748 2991 4810 ratificetur.

2004 4841 2250 4904 Sufficit
2276 4841 2466 4902 etiam
2501 4840 2827 4902 inimicitia
2845 4841 3054 4920 gravis
3070 4842 3456 4922 praecedenS,

1926 4953 2051 4996 non
2078 4934 2213 4995 sola
2239 4932 2345 4994 sed
2380 4951 2523 4994 cum
2551 4932 2690 4993 aliis
2718 4933 2987 5009 iudiciis,
3021 4937 3089 4995 ut
3116 4933 3166 4993 si
3187 4934 3463 4996 minatus

1925 5031 2081 5105 erat,
2115 5032 2179 5088 et
2197 5028 2397 5088 soleat
2422 5027 2625 5087 minas
2675 5027 2936 5105 exequi,
2985 5026 3039 5086 si
3083 5027 3463 5107 praeparavit

1924 5139 2122 5197 arma,
2157 5125 2221 5181 et
2248 5120 2416 5180 circa
2442 5119 2617 5179 illum
2646 5120 2851 5179 locum
2881 5118 3052 5180 visus
3080 5124 3176 5182 est
3203 5138 3276 5182 eo
3307 5126 3461 5181 tem·

1924 5233 2095 5294 pore.
2133 5211 2375 5275 Sufficit
2403 5212 2592 5273 etiam
2622 5211 2871 5273 abunde
2901 5212 2955 5273 si
2982 5212 3153 5273 visus
3183 5217 3277 5273 est
3292 5213 3462 5274 exire

1923 5307 2137 5368 stricto
2168 5324 2317 5366 ense
2346 5322 2421 5364 ex
2449 5304 2585 5365 loco
2634 5304 2696 5363 in
2748 5322 2871 5383 quo
2928 5304 3168 5366 occisus
3218 5306 3459 5384 reperi-

1923 5404 2045 5461 tur.
2080 5397 2358 5469 Sufficit,
2409 5395 2461 5457 si
2513 5414 2611 5455 res
2657 5396 2819 5456 furto
2860 5395 3071 5457 ablata
3112 5396 3462 5474 reperiatur

1926 5492 2093 5571 apud
2121 5491 2351 5569 ipsum,
2386 5506 2501 5549 nec
2529 5488 2758 5550 reddat
2798 5489 3111 5550 rationem
3151 5488 3316 5549 unde
3349 5490 3463 5549 ha-

1924 5584 2131 5646 buerit
2161 5603 2176 5643 :
2210 5581 2327 5643 nisi
2356 5582 2514 5642 forte
2544 5579 2625 5641 sit
2657 5580 2748 5642 vir
2792 5580 2974 5642 bonae
3020 5581 3226 5656 famae,
3260 5581 3462 5660 potuit

3617 1983 3731 2042 154

3534 2106 3631 2159 Quae
3644 2108 3792 2151 indicia

3516 2162 3721 2204 sufficiant
3760 2162 3811 2205 ul

3557 2220 3771 2259 tertuum.
