4263 6376
1380 329 1848 390 DlsPU'rA'rlo
1893 328 2110 404 XXIII,
2160 328 2434 390 SECTIO
2477 330 2581 391 lv.
3491 338 3544 395 '3

369 506 484 582 tio,
517 504 667 586 quia
697 505 891 569 etiam
918 506 1054 568 sine
1082 506 1510 586 acceptatione
1540 512 1796 567 externa
1825 504 1914 565 in-

368 598 676 677 telligitur
696 598 1002 660 connexio
1023 599 1330 660 sensibilis
1345 598 1658 660 sufficiens
1680 599 1761 658 ad
1777 599 1911 658 sun-

371 691 657 751 dandum
688 709 924 752 novum
946 691 1051 771 jus
1088 692 1433 751 humanum
1467 711 1480 752 :
1531 692 1717 752 datur
1745 691 1912 751 enim

368 782 829 861 promissiS,vel
858 783 1111 845 donatio
1129 784 1437 845 sensibilis
1457 784 1746 845 donantis
1762 830 1778 859 ,
1811 784 1911 843 vel

371 876 800 954 promittentis
827 875 1203 938 sensibiliter
1229 877 1626 939 manifestata
1655 877 1912 937 donata-

371 969 493 1044 ri0,
526 967 627 1027 vel
658 968 1060 1046 promissario
1086 1015 1102 1045 ‚
1154 987 1292 1048 quae
1322 968 1551 1030 sufficit
1580 968 1659 1028 ad
1688 986 1913 1028 conne-

370 1060 629 1121 xionem
657 1060 1038 1135 sensibilem,
1073 1065 1136 1121 et
1163 1061 1241 1120 ad
1263 1059 1653 1121 fundandum
1681 1077 1913 1120 novum

363 1152 475 1233 jus
504 1153 711 1233 posita
731 1154 1158 1232 acceptatione
1188 1152 1432 1214 interna
1449 1152 1781 1228 donatarii,
1814 1151 1912 1211 vel

372 1246 789 1324 promissarii.
824 1248 1038 1324 Neque
1070 1264 1324 1306 necesse
1354 1249 1466 1321 est,
1504 1246 1673 1324 quod
1702 1246 1782 1306 sit
1807 1263 1913 1304 ex·
1951 1271 1968 1287 ·

375 1346 563 1400 terna
623 1342 686 1399 et
731 1337 1041 1398 sensibilis
1083 1338 1221 1416 ipsa
1266 1338 1456 1398 etiam
1507 1337 1769 1399 intentio
1816 1356 1915 1398 ac-

376 1430 672 1511 quirendi
697 1428 803 1509 jus
831 1430 929 1490 vel
959 1430 1331 1491 dominium.
1382 1433 1540 1490 Nam
1565 1478 1581 1506 ,
1631 1435 1915 1509 utsupra

374 1523 677 1599 diximus,
711 1523 1054 1601 acceptatio
1084 1523 1147 1581 in
1175 1527 1420 1584 tantum
1447 1524 1818 1602 requiritur,
1853 1522 1914 1582 in

376 1621 689 1695 quantum
736 1633 918 1675 nemo
966 1614 1199 1675 invitus
1225 1615 1545 1694 cogendus
1581 1620 1676 1676 est
1701 1615 1783 1676 ad
1813 1632 1917 1674 ac-

373 1707 759 1788 quirendum
789 1706 1024 1787 aliquid
1054 1706 1133 1767 de
1164 1725 1326 1768 novo
1360 1728 1373 1768 :
1426 1708 1506 1767 ad
1553 1707 1674 1768 hoc
1705 1713 1915 1769 autem

374 1800 615 1861 sufficit
642 1817 983 1861 consensus
1013 1802 1074 1859 et
1111 1799 1458 1878 acceptatio
1490 1800 1757 1875 interna,
1793 1818 1915 1878 qua

375 1893 586 1972 posita
606 1939 621 1969 ,
647 1892 780 1972 jam
807 1892 1108 1952 connexio
1137 1891 1239 1951 illa
1270 1891 1529 1952 fundata
1559 1891 1622 1952 in
1652 1892 1916 1970 promis-

375 1985 559 2047 sione
590 1990 845 2046 externa
886 1988 1092 2062 potest
1118 1983 1498 2044 sufficienter
1525 1984 1789 2045 fundare
1811 1985 1916 2064 jus

374 2077 765 2156 praelationis
795 2080 857 2137 et
881 2075 1138 2137 dominii
1169 2075 1458 2153 humani,
1492 2095 1635 2137 cum
1668 2095 1781 2155 per
1809 2076 1915 2137 do-

375 2171 703 2232 nationem
733 2168 833 2229 vel
879 2167 1356 2245 promissionem
1397 2174 1719 2229 externam
1761 2169 1917 2230 mihi

375 2264 734 2325 intimatam
780 2260 966 2321 fuerit
985 2260 1119 2338 jam
1162 2278 1264 2320 res
1293 2260 1458 2321 facta
1484 2261 1641 2321 mihi
1667 2262 1915 2323 morali-

374 2362 478 2419 ter
505 2372 819 2435 proesenS‚
861 2359 925 2415 et
952 2352 1245 2435 posita'in
1275 2372 1466 2414 manu
1495 2373 1636 2414 mea
1670 2372 1685 2414 τ
1721 2373 1914 2435 quare

375 2451 547 2512 sicut
572 2446 992 2527 apprehensio
1020 2445 1283 2524 physica
1324 2446 1555 2508 sufficit
1593 2447 1673 2507 ad
1703 2448 1915 2526 acqui-

376 2542 653 2604 rendum
707 2539 1054 2600 dominium
1086 2538 1289 2617 posita
1319 2540 1641 2601 voluntate
1670 2540 1916 2602 interna

377 2633 660 2697 sensibili
681 2679 697 2709 ,
730 2632 820 2692 sic
850 2630 1266 2711 apprehensio
1296 2631 1400 2692 illa
1429 2632 1685 2694 moralis
1708 2680 1722 2709 ,
1775 2652 1914 2712 quae

379 2728 452 2790 fit
478 2745 595 2807 per
622 2724 1101 2805 promissionem
1129 2724 1284 2784 mihi
1310 2723 1662 2787 intimatam
1685 2772 1700 2801 ,
1747 2727 1915 2787 suffi-

381 2821 505 2882 ciet
523 2819 728 2898 posita
747 2817 1065 2878 voluntate
1085 2816 1330 2878 interna
1348 2818 1740 2897 acceptandi,
1769 2819 1916 2898 quia

382 2914 520 2974 haec
540 2910 805 2972 intentio
826 2910 1207 2971 sufficienter
1223 2911 1293 2971 fit
1315 2910 1645 2988 sensibiliS,
1679 2916 1741 2972 et
1761 2931 1915 2990 prae-

380 3005 651 3066 sumitur
678 3020 930 3081 semper
955 3001 1016 3061 in
1046 3002 1333 3081 gratuitis
1353 3048 1368 3078 ,
1403 3004 1645 3082 quoties
1674 3010 1916 3066 contra-

381 3097 544 3159 rium
576 3115 703 3158 non
730 3094 1137 3174 significatur.

460 3193 700 3252 Contra
743 3187 862 3249 hoe
902 3192 1112 3249 tamen
1155 3187 1337 3266 argui
1363 3193 1570 3267 potest
1594 3188 1676 3250 ab
1706 3188 1915 3251 incon-

381 3283 658 3345 venienti
686 3281 853 3361 quod
882 3281 1059 3360 sequi
1081 3280 1331 3342 videtur
1359 3298 1374 3339 ε
1410 3281 1557 3360 quia
1586 3282 1639 3342 si
1669 3301 1791 3343 non
1819 3302 1915 3344 re-

384 3377 655 3458 quiritur
684 3374 1030 3453 acceptatio
1061 3378 1318 3435 externa
1343 3373 1653 3434 sensibilis
1679 3374 1762 3450 ad
1781 3394 1919 3455 per-

382 3469 720 3532 ficiendam
774 3466 1220 3545 obligationem
1249 3543 1254 3548 ὁ
1280 3484 1355 3525 ex
1425 3461 1760 3550 donffi'q‘ne
1816 3468 1915 3528 vel

381 3561 799 3644 promissione
823 3607 839 3637 ,
890 3558 1382 3642 sequiturflu'od
1401 3549 1712 3634 *sissetrns
1738 3565 1917 3622 ante-

382 3657 684 3718 cedenter
738 3657 1024 3731 acceptet
1069 3650 1376 3731 quidquid
1421 3651 1509 3710 illi
1555 3654 1914 3731 promiseris

380 3750 481 3811 vel
509 3745 865 3822 donaveris,
900 3749 963 3806 et
988 3749 1057 3806 tu
1075 3749 1292 3823 postea
1321 3743 1379 3803 ei
1408 3743 1652 3805 absenti
1679 3744 1913 3823 aliquid

381 3840 714 3921 promittas
742 3837 842 3898 vel
871 3837 1068 3898 dones
1087 3882 1102 3912 ,
1136 3853 1261 3896 non
1290 3836 1524 3915 poteris
1554 3837 1913 3915 promissio-

382 3951 530 3995 nem
560 3933 656 3992 vel
700 3931 1107 3991 donationem
1135 3947 1465 4004 revocare,
1514 3930 1702 3991 etiam
1745 3936 1913 3992 ante-

380 4044 573 4107 quam
614 4027 800 4086 Petro
828 4023 1157 4103 promissio
1188 4022 1290 4081 vel
1331 4021 1584 4083 donatio
1627 4027 1735 4083 tua
1773 4023 1912 4085 inti-

376 4123 591 4180 metur
621 4137 636 4177 ε
679 4116 814 4197 jam
860 4115 1026 4176 enim
1056 4115 1267 4193 posita
1295 4119 1390 4175 est
1418 4116 1765 4193 acceptatio
1800 4119 1912 4176 Pe-

373 4212 483 4288 tri,
517 4229 657 4291 quae
677 4211 809 4270 sola
824 4207 1166 4269 desiderari
1189 4206 1541 4284 videbatur,
1572 4212 1633 4268 et
1659 4207 1910 4268 aliunde

373 4304 586 4385 posita
613 4308 708 4364 est
732 4301 1063 4382 promissio
1094 4305 1202 4362 tua
1232 4305 1489 4360 externa
1516 4319 1655 4379 quae
1685 4301 1913 4362 sufficit

374 4398 460 4459 ad
482 4395 869 4457 fundandam
891 4393 1340 4455 connexionem
1371 4392 1468 4452 vel
1490 4391 1595 4471 jus
1614 4392 1678 4452 in
1700 4395 1905 4470 Petr0,

375 4492 429 4553 si
461 4490 595 4570 ipse
627 4493 930 4568 acceptet.
967 4486 1341 4566 Respondeo
1372 4486 1660 4563 negando
1690 4504 1910 4564 seque-

371 4584 504 4645 lam
537 4603 551 4644 :
588 4582 667 4642 ad
705 4581 810 4662 jus
839 4579 1007 4641 enim
1045 4578 1501 4659 acquirendum
1529 4596 1654 4638 non
1682 4579 1912 4641 sufficit

372 4678 626 4755 signum
655 4674 859 4736 solum
891 4678 1215 4733 externum
1239 4689 1314 4731 ex
1342 4676 1519 4749 parte
1547 4671 1910 4750 promitten-

370 4770 452 4832 tis
486 4769 585 4829 vel
613 4767 907 4828 donantis
929 4816 943 4841 ,
992 4765 1111 4826 nisi
1151 4764 1305 4826 illud
1334 4765 1582 4842 signum
1610 4763 1909 4825 manifes-

369 4867 545 4925 tetur
588 4865 649 4922 et
677 4860 1005 4921 intimetur
1032 4857 1150 4938 ipsi
1178 4859 1362 4918 Petro
1387 4903 1403 4933 ‚
1454 4856 1562 4935 qui
1581 4855 1688 4936 jus
1718 4856 1909 4918 debet

372 4954 706 5033 acquirere
732 4974 748 5026 ς
783 4951 1082 5032 quamdiu
1114 4951 1281 5010 enim
1310 4968 1435 5010 non
1466 4949 1522 5010 ei
1551 4949 1905 5026 intimatur,

370 5048 575 5108 solum
608 5046 802 5106 habet
827 5043 1179 5122 significare
1208 5042 1388 5121 quasi
1416 5041 1479 5101 in
1508 5046 1649 5101 actu
1678 5041 1903 5120 prim0,

373 5140 657 5201 nondum
677 5155 830 5198 vero
852 5135 1160 5214 significat
1187 5134 1248 5195 in
1268 5139 1410 5195 actu
1431 5133 1730 5208 secundo,
1764 5151 1907 5194 cum

373 5232 652 5294 nondum
683 5229 1069 5310 percipiatur
1112 5228 1192 5289 ab
1239 5245 1312 5288 eo
1361 5227 1460 5289 cui
1486 5230 1590 5288 tua
1619 5227 1908 5287 voluntas

371 5325 558 5388 debet
584 5322 927 5402 significari
958 5342 974 5395 3
1007 5339 1201 5401 quare
1230 5320 1478 5382 interim
1495 5319 1773 5380 revocari
1795 5336 1908 5397 po-

371 5420 511 5481 terit
539 5416 801 5479 donatio
831 5415 931 5476 vel
958 5414 1309 5495 promissio,
1344 5413 1492 5494 quia
1517 5412 1725 5473 adhuc
1752 5410 1902 5472 nulli

2013 504 2388 583 acquisitum
2433 512 2527 567 est
2564 506 2669 586 jus
2714 507 2969 588 aliquod
3013 527 3088 569 ex
3133 513 3243 571 tua
3285 511 3545 590 promis-

2014 597 2209 674 sione,
2240 597 2338 657 vel
2370 598 2725 661 donatione.

2093 689 2273 750 Dices
2293 735 2308 765 ,
2341 690 2680 771 aliquando
2710 693 3040 771 promissio
3070 694 3177 756 illa
3216 697 3287 757 fit
3310 695 3549 758 irrevo-

2015 781 2270 857 cabiliS,
2324 783 2575 861 quando
2622 784 2914 846 nimirum
2962 787 3273 866 promittis
3313 788 3547 850 civitati

2014 873 2113 933 vel
2143 874 2500 954 reipublicae
2546 877 2735 937 etiam
2778 884 3118 961 antequam
3164 881 3370 941 eidem
3406 882 3548 943 inti-

2014 971 2240 1041 metur,
2275 973 2345 1028 ut
2363 967 2675 1046 colligitur
2690 988 2761 1029 ex
2777 969 3026 1049 juribus
3051 973 3253 1036 citatis
3275 973 3548 1036 sectione

2015 1059 2415 1137 praecedenti,
2450 1079 2598 1139 ergo
2631 1064 2973 1142 acceptatio
3006 1084 3128 1125 non
3156 1067 3441 1145 requitur
3468 1068 3548 1127 ad

2014 1151 2294 1212 valorem
2327 1156 2389 1213 et
2418 1153 2863 1231 obligationem
2894 1159 3346 1237 promissionis,
3380 1161 3549 1241 quod

2015 1242 2151 1319 ejus
2207 1244 2427 1305 notitia
2481 1248 2835 1324 pervenerit
2902 1249 2984 1309 ad
3052 1252 3544 1330 promissarium.
3644 1278 3652 1287 ·

2015 1336 2408 1414 Respondeo‚
2434 1337 2570 1415 jam
2598 1339 2683 1398 ibi
2714 1346 3031 1402 ostensum
3062 1362 3230 1421 esse,
3277 1346 3445 1424 quod
3475 1366 3550 1406 cx

2014 1427 2135 1487 illis
2163 1428 2405 1506 legibus
2448 1447 2571 1488 non
2603 1430 2915 1510 colligitur
2943 1434 3211 1497 defuisse
3241 1437 3428 1498 talem
3456 1439 3552 1498 in·-

2014 1520 2425 1597 timationem,
2460 1527 2523 1582 et
2543 1523 2847 1586 notitiam.
2883 1526 3061 1599 Quod
3081 1547 3296 1590 rursus
3325 1530 3553 1590 confir-

2015 1613 2177 1671 mari
2204 1617 2412 1691 potest
2437 1633 2511 1674 ex
2540 1613 2813 1678 absurdo
2844 1637 3033 1698 supra
3063 1620 3335 1682 indicato
3355 1668 3371 1698 ,
3405 1623 3548 1701 quia

2015 1704 2064 1764 si
2095 1705 2267 1765 nulla
2303 1706 2611 1768 intimatio
2641 1709 3070 1789 requireretur
3095 1713 3177 1774 ad
3206 1714 3551 1793 perfectam

2015 1795 2462 1876 obligationem
2502 1804 2564 1860 et
2591 1800 3181 1866 irrevocabilitatem
3204 1853 3219 1883 ,
3255 1826 3548 1886 sequere-

2015 1893 2115 1949 tur
2145 1889 2312 1968 quod
2344 1891 2592 1952 etiamsi
2619 1900 2884 1973 secrete,
2920 1901 2983 1959 et
3008 1898 3142 1958 sine
3171 1904 3328 1961 teste
3360 1901 3551 1961 dixis-

2015 2000 2113 2042 ses
2143 2000 2296 2043 voce
2328 1984 2638 2058 sensibili;
2679 2005 2783 2066 eqo
2821 1990 3106 2068 promitto
3153 1991 3385 2053 civitati
3421 2012 3551 2054 cen-

2015 2082 2157 2150 tum,
2191 2092 2315 2134 non
2345 2093 2559 2153 posses
2587 2079 2855 2157 amplius
2885 2080 3048 2143 hanc
3071 2084 3551 2162 promissionem

2014 2184 2312 2227 revocare
2340 2187 2356 2239 ;
2413 2169 2582 2246 quod
2627 2170 2991 2234 incredibile
3040 2179 3170 2251 est,
3226 2182 3289 2238 et
3333 2184 3552 2238 contra

2016 2258 2294 2320 omnium
2325 2266 2600 2321 mentem
2630 2283 2642 2323 :
2690 2282 2813 2324 non
2845 2284 2994 2344 ergo
3038 2268 3266 2330 sufficit
3292 2271 3546 2349 promis-

2012 2351 2104 2410 sio
2135 2350 2336 2411 solum
2367 2357 2641 2431 externa,
2678 2356 2798 2416 nisi
2825 2358 2907 2419 sit
2933 2358 3238 2437 intimata,
3274 2380 3416 2422 cum
3445 2363 3552 2423 ad-

2016 2442 2140 2503 huc
2185 2443 2264 2503 de
2296 2444 2461 2505 facto
2507 2446 2660 2506 nihil
2690 2447 3152 2526 significaverit.
3205 2455 3432 2515 Fateor
3455 2458 3551 2515 ta-

2013 2553 2200 2612 men,
2255 2538 2541 2614 quamvis
2586 2539 2664 2598 de
2711 2541 2875 2601 facto
2923 2542 3094 2622 leges
3135 2544 3217 2605 ibi
3261 2546 3550 2608 adductae

2013 2645 2139 2687 non
2170 2628 2470 2706 probent,
2514 2631 2990 2708 promissionem
3030 2654 3155 2696 non
3197 2636 3550 2699 intimatam

2013 2720 2419 2799 promissario
2472 2739 2607 2782 esse
2635 2722 3112 2789 irrevocabilem
3135 2775 3151 2806 ,
3203 2730 3452 2809 quando
3480 2732 3552 2793 fit

2014 2811 2271 2888 civitati,
2307 2830 2512 2874 causae
2543 2814 2684 2893 piae,
2721 2817 2816 2877 vel
2846 2818 3090 2898 infanti,
3125 2826 3193 2882 ut
3220 2822 3302 2883 ibi
3336 2828 3545 2884 osten-

2014 2904 2220 2964 dimus
2249 2924 2263 2977 ;
2296 2906 2610 2984 loquendo
2631 2912 2842 2970 tamen
2875 2911 2952 2971 de
2972 2914 3253 2992 possibili
3272 2916 3547 2995 potuisse

2013 2997 2153 3075 lege
2183 2998 2497 3058 communi
2525 2999 2591 3059 id
2619 3002 2829 3078 statui,
2861 3009 2930 3066 ιιι
2958 3004 3264 3085 ejusmodi
3287 3009 3551 3088 promis·

2014 3090 2220 3150 siones
2240 3090 2338 3150 vel
2359 3091 2747 3169 donationeS,
2769 3114 2891 3156 non
2918 3098 3173 3176 quidem
3192 3105 3337 3162 ante
3357 3101 3549 3161 ullam

2014 3200 2268 3261 prorsus
2297 3182 2751 3246 intimationem
2776 3234 2791 3264 ,
2825 3190 2924 3249 vel
2952 3191 3542 3271 manifestationem,

2013 3275 2453 3336 irrevocabiles
2483 3282 2545 3337 et
2571 3279 2896 3356 completae
2926 3289 3167 3361 essent,
3199 3285 3309 3345 sed
3338 3291 3409 3347 ut
3435 3304 3548 3346 an-

2012 3373 2268 3447 tequam
2297 3369 2698 3446 promissario
2727 3372 2847 3450 ipsi
2873 3420 2888 3450 ,
2921 3375 3020 3435 vel
3049 3376 3376 3440 donatario
3406 3380 3546 3441 inti-

2012 3466 2357 3539 marentur,
2383 3463 2636 3525 omnino
2659 3465 3030 3544 obligarent,
3056 3474 3388 3551 postquam
3410 3473 3546 3533 aliis

2012 3553 2584 3633 manifestarentur,
2619 3557 2723 3635 qui
2755 3559 3008 3620 nomine
3040 3563 3425 3638 promissarii
3447 3566 3545 3626 vel

2014 3645 2319 3706 donatarii
2351 3653 2770 3725 acceptarent.
2820 3653 3194 3731 Respublica
3222 3656 3411 3733 enim,
3444 3658 3544 3717 vel

2011 3738 2331 3818 princepS‚
2385 3740 2489 3818 qui
2523 3741 2874 3805 voluntates
2903 3746 3297 3808 subditorum
3325 3749 3545 3810 mode-

2011 3832 2139 3891 rari
2168 3835 2230 3891 et
2256 3831 2607 3910 gubernare
2634 3839 2876 3913 potest,
2925 3855 3157 3917 easque
3208 3842 3272 3900 in
3320 3841 3540 3901 ordine

2012 3923 2092 3983 ad
2122 3928 2477 3984 contractus
2506 3925 2825 3987 continere
2855 3929 3105 3990 videtur
3125 3977 3140 4008 ,
3173 3932 3402 4009 poterit
3431 3934 3543 3993 ali-

2012 4013 2238 4093 quibus
2266 4014 2531 4076 subditis
2559 4018 2889 4094 providere
2919 4027 3240 4084 curatores
3266 4024 3365 4084 vel
3395 4044 3543 4104 pro-

2012 4111 2329 4167 curatores
2348 4152 2362 4181 ,
2417 4108 2525 4186 qui
2554 4126 2772 4170 eorum
2803 4114 3058 4175 nomine
3089 4116 3246 4177 tales
3275 4118 3542 4195 promis-

2011 4200 2217 4260 siones
2244 4200 2343 4259 vel
2370 4200 2740 4263 donationes
2769 4211 3132 4286 acceptent,
3181 4228 3375 4288 quare
3424 4228 3536 4289 po-

2007 4292 2231 4354 tuisset
2259 4292 2546 4353 omnibus
2576 4293 2695 4355 hoc
2722 4315 2952 4358 munus
2980 4299 3363 4363 demandare
3382 4349 3398 4379 ,
3447 4309 3541 4366 at-

2009 4403 2130 4465 que
2174 4385 2332 4445 adeo
2375 4384 2581 4446 facere
2625 4389 2793 4466 quod
2840 4391 3128 4453 intimata
3182 4396 3533 4474 promissi0,

2006 4477 2107 4537 vel
2137 4477 2389 4538 donatio
2420 4478 2608 4539 etiam
2640 4479 2776 4541 aliis
2804 4500 2843 4542 a
2861 4484 3284 4564 promissario,
3318 4487 3418 4547 vel
3433 4488 3540 4551 do-

2008 4570 2249 4631 natario
2286 4570 2591 4648 potuisset
2619 4572 2698 4632 ab
2727 4574 2802 4634 iis
2829 4576 3034 4637 valide
3066 4580 3400 4657 acceptari.
3436 4581 3533 4643 Si-

2007 4669 2114 4725 cut
2153 4663 2232 4723 de
2277 4663 2443 4725 facto
2488 4671 2855 4742 procurator
2886 4669 3091 4731 valide
3120 4677 3423 4751 acceptat,
3475 4679 3538 4736 et

2004 4755 2212 4816 reddit
2241 4756 2714 4817 irrevocabilem
2743 4761 3220 4836 promissionem
3240 4811 3255 4841 ,
3297 4766 3394 4826 vel
3425 4766 3536 4827 do-

2007 4849 2323 4911 nationem
2344 4847 2572 4909 factam
2600 4849 2663 4910 in
2682 4851 2961 4913 favorem
2983 4853 3166 4932 illius,
3199 4857 3375 4936 cujus
3396 4877 3534 4937 pro-

2008 4947 2256 5003 curator
2283 4945 2395 5001 est.
2448 4943 2604 5002 Cum
2632 4943 2842 5023 itaque
2873 4946 2933 5005 in
2966 4965 3039 5007 eo
3069 4967 3217 5009 casu
3247 4950 3384 5029 lege
3414 4970 3530 5030 pu-

2005 5037 2169 5097 blica
2188 5080 2203 5109 ,
2257 5051 2472 5094 omnes
2518 5040 2580 5096 et
2605 5035 2833 5116 singuli
2864 5047 3299 5117 procuratores
3328 5050 3536 5107 essent

2005 5125 2323 5192 constituti
2353 5126 2639 5202 civitatis,
2674 5129 2772 5189 vel
2802 5149 3005 5193 causae
3028 5134 3168 5211 piae,
3201 5140 3310 5196 aut
3334 5137 3533 5199 infan-

2002 5221 2121 5294 tis;
2182 5218 2411 5297 singuli
2479 5227 2735 5297 possent
2784 5224 2990 5285 valide
3046 5228 3526 5304 promissiones:

2002 5314 2101 5377 vel
2151 5312 2519 5373 donationes
2575 5313 2711 5374 illas
2769 5321 3097 5394 acceptare
3153 5324 3215 5381 et
3265 5321 3532 5383 reddere

2003 5404 2476 5480 irrevocabile-S,
2525 5406 2577 5466 si
2605 5406 2667 5467 id
2700 5408 2785 5469 ita
2812 5409 2950 5488 lege
2971 5456 2985 5481 ,
3036 5411 3135 5472 vel
3163 5415 3530 5477 auctoritate

3595 823 3695 866 «lure
3708 822 3894 886 ,positivo

3637 877 3856 987 ”stis
