4263 6376
714 5339 790 5398 33

893 321 1016 382 540

897 499 1122 572 totum,
1155 494 1310 555 nihil
1337 494 1524 556 debet
1576 493 1842 570 solvere,
1883 493 1977 554 vel
2022 493 2193 554 illam
2235 493 2435 554 solam

898 593 1164 669 partem,
1225 588 1534 666 reliquum
1591 605 1738 647 vero
1795 604 2162 648 (economus
2210 586 2430 663 solvet,

901 681 1017 742 nisi
1073 681 1231 742 forte
1280 679 1734 741 rationalibiter
1792 679 2116 758 negotium
2199 677 2437 739 domini

901 773 1182 854 gesserit,
1214 773 1362 834 licet
1387 791 1488 834 res
1517 791 1641 833 non
1657 790 1955 852 prospere
1980 771 2257 847 cesserit,
2291 774 2439 832 tunc

902 867 1069 928 enim
1095 870 1295 928 totum
1316 884 1350 926 a
1381 866 1636 928 domino
1664 866 1791 944 peti
1822 868 2027 943 potest
2054 864 2301 925 actione
2336 881 2440 923 ne-

902 958 1215 1038 gotiorum
1243 961 1586 1037 gestorum.
1623 957 1687 1020 Si
1718 961 1929 1019 autem
1974 956 2249 1017 creditor
2284 955 2442 1016 scie-

903 1051 1012 1112 bat
1039 1069 1172 1111 rem
1201 1069 1337 1111 esse
1364 1051 1658 1125 alienam,
1694 1050 1884 1111 debet
1912 1048 2170 1129 quidem
2200 1049 2258 1108 ei
2287 1048 2443 1109 solvi

904 1144 1210 1220 debitum,
1245 1146 1609 1204 nontamen
1633 1142 1825 1202 habet
1854 1143 1959 1220 jus
2003 1141 2316 1203 retinendi
2356 1140 2445 1219 pi-

904 1255 1066 1316 gnus
1098 1255 1112 1296 :
1158 1255 1191 1296 e
1222 1240 1441 1297 contra
1469 1254 1641 1311 vero,
1674 1235 1728 1295 si
1770 1234 2042 1295 creditor
2085 1232 2439 1312 ignorabat,

906 1333 969 1391 et
998 1328 1250 1389 domino
1282 1327 1516 1390 sciente
1546 1346 1620 1389 ac
1650 1331 1896 1388 tacente
1939 1346 2041 1387 res
2096 1326 2213 1386 tuit
2256 1324 2436 1403 oppi-

905 1425 1192 1501 gnorata,
1226 1425 1439 1481 manet
1485 1419 1922 1499 oppignorata,
1976 1417 2221 1479 etiamsi
2266 1416 2444 1477 debi-

905 1519 1041 1577 tum
1099 1533 1222 1575 non
1270 1513 1349 1575 sit
1402 1514 1462 1573 in
1517 1514 1754 1574 domini
1802 1512 2130 1575 utilitatem
2186 1527 2447 1571 conver-

910 1627 1071 1684 sum,
1104 1611 1357 1686 propter
1397 1606 1703 1682 fraudem,
1746 1604 1844 1666 cui
1876 1607 2248 1684 cooperatus
2301 1620 2449 1663 cen-

910 1704 1101 1776 setur,
1133 1700 1174 1761 l.
1209 1716 1278 1760 11.
1313 1701 1378 1760 C.
1428 1698 1485 1758 si
1518 1698 1708 1758 aliena
1748 1716 1839 1757 res
1872 1696 2138 1778 piqnori,
2198 1699 2316 1757 etc.
2351 1693 2447 1755 Ad

912 1794 1287 1855 creditorem
1354 1794 1566 1853 autem
1650 1794 1893 1869 spectat
1945 1789 2214 1870 probare
2272 1786 2443 1867 quod

913 1887 1167 1948 domino
1198 1885 1433 1947 sciente
1463 1885 1697 1946 lactum
1734 1884 1944 1945 fuerit.

993 1981 1210 2053 Tutor,
1241 1978 1340 2038 vel
1386 1981 1656 2054 curator,
1715 1976 1766 2037 si
1823 1975 2070 2055 agendo
2128 1972 2451 2052 negotium

915 2071 1131 2151 pupilli
1158 2071 1258 2131 vel
1287 2070 1565 2147 minoriS,
1611 2074 1674 2131 et
1713 2070 2061 2130 non'suum
2093 2066 2447 2145 proprium;

916 2184 1015 2225 res
1042 2164 1305 2225 mobiles
1348 2182 1470 2225 non
1529 2164 1834 2242 pretiosas
1882 2159 2165 2235 minoriS,
2207 2157 2454 2238 pignori

916 2257 1227 2337 subjiciat,
1272 2257 1478 2318 valide
1526 2255 1588 2314 id
1619 2256 1786 2329 facit,
1821 2272 1946 2314 non
1992 2257 2204 2313 tamen
2234 2252 2459 2310 immo-

916 2351 1092 2426 biles,
1126 2350 1226 2410 vel
1271 2348 1533 2409 mobiles
1579 2348 1907 2426 pretiosas,
1960 2363 2099 2424 quae
2148 2342 2455 2404 servando

918 2442 1154 2503 servari
1191 2444 1470 2520 possunt,
1496 2440 1628 2500 sine
1659 2439 1891 2519 judicis
1933 2438 2209 2498 decreto,
2259 2435 2324 2496 Si
2364 2438 2460 2494 ta-

917 2554 1061 2595 men
1083 2553 1195 2613 pro
1217 2538 1434 2594 mutuo
1458 2532 1750 2593 habendo
1782 2531 1998 2591 datum
2021 2533 2188 2591 esset
2202 2528 2451 2608 pignuS,

918 2631 1159 2707 spectat
1210 2625 1290 2686 ad
1363 2626 1738 2686 creditorem
1819 2622 2109 2702 probare,
2171 2625 2460 2681 mutuum

920 2738 1290 2782 conversum
1321 2738 1453 2780 esse
1485 2718 1547 2778 in
1583 2717 1915 2779 utilitatem
1962 2715 2248 2790 minoris,
2307 2712 2459 2773 alio-

921 2813 1070 2893 quin
1100 2812 1395 2891 obligatio
1426 2811 1708 2891 pignoris
1746 2808 1918 2869 nulla
1965 2812 2061 2868 est
2094 2828 2106 2868 z
2155 2812 2344 2886 atque
2372 2806 2462 2866 ita

923 2905 1239 2967 conciliari
1267 2905 1456 2967 debet
1482 2905 1581 2965 lex
1627 2918 1697 2964 11.
1733 2904 1799 2965 C.
1822 2900 2054 2983 quando
2084 2919 2161 2960 ex
2186 2900 2345 2980 facto
2373 2908 2460 2958 tu·

923 2998 1087 3075 toris,
1120 2998 1230 3058 ubi
1258 2997 1336 3058 de
1392 3002 1610 3057 mutuo
1659 2999 1754 3057 est
1812 3011 2043 3069 sermn,
2103 3011 2247 3054 cum
2295 2992 2455 3070 lege,

929 3091 1211 3168 curator,
1242 3092 1309 3152 C.
1339 3089 1394 3149 si
1419 3089 1607 3150 aliena
1650 3106 1742 3148 res
1773 3087 2015 3169 pi9nor.
2065 3091 2128 3148 et
2167 3087 2210 3147 l.
2258 3085 2311 3146 T
2307 3093 2460 3144 utor.

927 3184 989 3245 in
1018 3183 1347 3263 principio,
1379 3184 1444 3244 ff.
1484 3181 1554 3242 de
1576 3181 1882 3263 piqnorat.
1929 3179 2175 3257 actione,
2219 3178 2282 3239 in
2327 3177 2466 3258 qui-

927 3278 1045 3338 bus
1091 3277 1292 3337 solum
1329 3276 1597 3355 exigitur
1624 3274 1793 3355 quod
1832 3273 2158 3351 negotium
2205 3270 2465 3331 minoris

930 3370 1146 3450 egerit,
1182 3368 1348 3448 quod
1370 3368 1624 3449 quidem
1652 3367 1787 3428 fieri
1816 3367 2041 3446 potuit,
2073 3365 2222 3426 licet
2247 3382 2370 3425 non
2401 3363 2464 3422 in

932 3462 1158 3523 minori
1187 3461 1451 3524 utilitate
1482 3478 1854 3524 conversum
1883 3459 2102 3531 fuerit3
2129 3458 2216 3518 ibi
2254 3462 2467 3519 tamen

932 3555 1200 3618 traditur
1216 3553 1433 3634 regula
1475 3554 1785 3633 generalis
1824 3551 1900 3611 de
1942 3551 2076 3612 aliis
2141 3548 2468 3611 contracti-

934 3650 1076 3725 buS‚
1108 3651 1180 3708 ut
1205 3647 1447 3709 notavit
1474 3646 1707 3708 Molina
1738 3646 1898 3723 disp.
1932 3649 2071 3706 531.
2106 3645 2162 3722 ἓ.
2204 3643 2406 3704 Tutor.

1019 3742 1085 3804 Si
1112 3760 1213 3802 res
1241 3740 1671 3820 oppignorata,
1705 3740 1801 3798 vel
1830 3737 2254 3817 hypothecata
2270 3734 2469 3794 varia-

869 3899 889 3927 s
939 3836 1170 3897 tionem
1202 3833 1506 3910 accipiat,
1557 3832 1765 3892 adhuc
1797 3831 1858 3890 id
1889 3830 2057 3909 quod
2086 3831 2372 3898 remanet
2397 3845 2472 3885 ex

792 3951 833 3979 ra
854 3952 876 3979 a
942 3948 1036 4004 ea,
1070 3927 1297 3988 retinet
1324 3925 1614 3986 eamdem
1643 3922 2093 4002 obligationem
2118 3967 2134 3997 ,
2185 3925 2254 3981 ut
2281 3920 2331 3979 si
2362 3919 2472 3979 do-

807 4005 835 4088 e.
940 4041 1080 4081 mus
1140 4018 1565 4098 hypothecata
1619 4021 1873 4078 corruat
1905 4064 1919 4091 ,
1992 4014 2196 4074 solum
2266 4012 2473 4071 adhuc

941 4114 1143 4192 ipsum
1177 4115 1391 4171 manet
1418 4109 1937 4188 hypothecatum,
1970 4107 2013 4167 l.
2047 4105 2271 4181 Deme,
2306 4105 2373 4165 ff.
2406 4102 2475 4163 de

935 4208 1213 4288 piqnorat
1266 4203 1487 4263 actione
1513 4221 1541 4278 ,·
1581 4202 1679 4263 vel
1720 4202 1770 4262 si
1817 4202 2002 4261 vinea
2044 4198 2470 4272 comburatur,

942 4299 1140 4362 autin
1171 4298 1467 4359 olivetum
1496 4300 1793 4357 mutetur.
1826 4296 1958 4354 Imo
1988 4295 2191 4354 totum
2221 4290 2282 4350 id
2306 4290 2475 4369 quod

944 4391 1244 4455 accrescit
1269 4393 1483 4450 manet
1507 4390 2013 4468 oppignoratum.
2049 4386 2111 4447 Si
2145 4389 2353 4445 tamen
2386 4383 2475 4441 iu-

945 4489 1332 4548 crementum
1362 4482 1537 4558 illud,
1572 4486 1635 4542 et
1662 4480 2009 4541 melioratio
2039 4479 2207 4539 facta
2226 4477 2324 4552 sit,
2352 4495 2475 4536 nou

945 4600 983 4642 a
1013 4578 1295 4640 debitore
1325 4576 1434 4637 sed
1468 4575 1546 4635 ab
1578 4574 1698 4634 alio
1730 4574 1912 4635 tertio
1943 4588 2334 4652 possessore,
2370 4568 2477 4647 qui

946 4692 1081 4735 rem
1112 4671 1303 4746 illam,
1338 4690 1397 4730 v.
1430 4688 1494 4748 g.
1532 4667 2023 4746 hypothecatam
2054 4663 2240 4738 emit,
2297 4662 2481 4722 datur

949 4768 1003 4829 ei
1034 4764 1227 4846 optiO‚
1262 4769 1331 4825 ut
1353 4763 1452 4824 vel
1482 4761 1683 4822 solvat
1711 4759 1994 4820 debitum
2043 4775 2240 4836 usque
2289 4756 2370 4816 ad
2419 4754 2482 4813 id

950 4860 1120 4941 quod
1163 4877 1263 4919 res
1308 4856 1415 4916 illa
1461 4855 1594 4915 sine
1635 4853 1745 4914 tali
1798 4851 2229 4912 melioratione
2276 4848 2483 4909 valere

950 4955 1216 5034 poterat,
1249 4950 1351 5010 vel
1379 4948 1648 5027 accipiat
1674 4964 1711 5007 a
1739 4945 2047 5006 creditore
2080 4943 2143 5003 id
2166 4941 2333 5022 quod
2355 4959 2487 5000 me-

949 5047 1197 5109 lioratio
1229 5044 1437 5105 valere
1468 5044 1706 5122 potest,
1759 5042 1827 5100 ut
1864 5056 2006 5098 cum
2040 5035 2339 5114 Gregorio
2368 5038 2488 5095 Lo-

952 5159 1067 5222 pez
1097 5140 1279 5201 docet
1315 5141 1535 5199 contra
1565 5131 2013 5197 Covarruviam
2059 5130 2293 5192 Molina
2321 5128 2485 5206 disp.

1042 5330 1195 5390 Cum
1225 5325 1463 5386 dictum
1505 5322 1618 5398 sit,
1670 5339 1802 5381 rem
1856 5317 2233 5397 hypothecae
2289 5314 2492 5393 subje-

963 5427 1129 5483 ctam
1177 5420 1421 5481 deferre
1460 5434 1706 5495 semper
1760 5431 1972 5475 secum
2024 5429 2182 5470 onus
2235 5407 2387 5468 illud
2434 5410 2495 5468 et

965 5513 1410 5592 obligationem
1439 5510 1708 5585 realem,
1756 5508 1903 5568 hinc
1946 5506 2019 5568 fit
2056 5508 2127 5565 ut
2156 5502 2234 5563 ad
2278 5518 2496 5581 quem-

2056 319 2160 379 DE
2200 316 2557 380 JUSTITIA
2603 316 2704 377 ET
2748 317 2948 380 JURE

2535 511 2804 572 cumque
2836 509 3258 571 possessorem
3291 491 3640 569 transierit,
3680 494 3838 571 possit
3867 513 3948 556 ere-
3987 555 3990 558 ,

2535 585 2703 648 ditor
2730 586 3012 647 debitum
3041 605 3118 646 ex
3157 585 3263 646 illa
3316 586 3589 665 exigere.
3630 587 3870 659 Quamvis
3888 607 3949 648 atr

2535 683 2663 742 tem
2693 680 2770 740 de
2793 678 2935 759 jure
2964 679 3245 759 antiquo,
3279 677 3535 758 quando
3562 679 3865 758 hypotheca
3878 681 3952 740 tus

2535 778 2636 833 rat
2662 790 2976 851 expressa,
3009 776 3220 851 posset
3247 770 3525 832 creditor
3546 789 3729 850 agere
3752 772 3956 832 adversm
3987 779 3988 786 ’

2536 865 2791 926 tertium
2821 882 3267 943 possessorem,
3313 883 3441 925 non
3470 864 3635 924 facta
3661 865 3957 942 priusexcus·

2538 957 2712 1018 sione
2740 958 2804 1017 in
2832 957 3013 1018 bonis
3041 956 3345 1017 debitoris
3366 1003 3382 1032 ,
3443 956 3486 1018 l.
3521 957 3629 1017 ult.
3663 959 3726 1017 C.
3754 956 3811 1016 de
3835 967 3912 1018 act.
3930 973 3961 1018 a

2539 1048 2718 1130 obliy.
2754 1053 2972 1130 postea
3016 1055 3227 1111 tamen
3277 1049 3341 1109 id
3389 1055 3734 1110 correctum
3760 1055 3863 1124 est,
3895 1070 3962 1110 net

2541 1147 2745 1222 potest
2801 1142 2990 1204 etiam
3033 1143 3094 1202 in
3139 1142 3502 1221 hypotheca
3553 1161 3819 1220 expressa
3847 1161 3965 1220 agere

2542 1236 2815 1297 creditor
2841 1235 3142 1296 adversus
3172 1235 3429 1297 tertium
3461 1254 3876 1313 possessorem,
3898 1237 3968 1294 nisi

2544 1329 2939 1408 praecedente
2969 1328 3334 1389 excussione
3380 1328 3443 1388 in
3477 1327 3656 1388 honis
3683 1328 3970 1388 debitor-isa

2542 1423 3012 1501 fidejussorum,
3050 1426 3111 1482 et
3140 1439 3356 1482 eorum
3387 1420 3709 1481 haeredum
3731 1467 3746 1495 ,
3779 1421 3972 1481 uthale

2544 1519 2646 1576 tur
2676 1516 2736 1575 in
2767 1514 3147 1576 Anthentico
3179 1514 3250 1574 de
3275 1512 3733 1594 fidq’ussoribus,
3759 1514 3807 1592 ἓ.
3827 1512 3976 1573 δαίμ

2545 1626 2675 1689 que.
2709 1607 2907 1667 Debet
2935 1626 3084 1686 ergo
3116 1607 3384 1686 probare
3417 1607 3709 1681 creditor,
3740 1625 3847 1666 rem
3869 1607 3976 1665 illam

2544 1701 2734 1762 fuisse
2763 1701 3060 1761 debitoris
3091 1706 3373 1778 tempore
3405 1700 3713 1760 contracti
3737 1699 3904 1774 debiti,
3919 1699 3979 1758 rel

2547 1798 2787 1873 postea,
2820 1798 2882 1856 et
2909 1793 3098 1854 fuisse
3130 1793 3658 1871 comprehensam
3686 1793 3743 1851 in
3770 1791 3981 1870 hypothe

2549 1905 2661 1958 ca3
2697 1887 3051 1965 factamque
3083 1904 3217 1946 esse
3248 1883 3984 1945 excussioneminbonisde-

2549 1979 2768 2040 biteris
2798 1983 2861 2040 et
2897 1978 3337 2058 fidejussorum
3363 2025 3379 2054 ,
3433 1982 3497 2038 et
3544 1976 3597 2037 si
3637 1995 3902 2054 possessor
3930 1976 3985 2033 rei

2552 2073 2990 2151 hypothecatae
3013 2075 3274 2151 cogatur
3292 2071 3564 2146 solvere,
3590 2069 3764 2132 debet
3777 2070 3823 2129 ei
3839 2068 3986 2130 cedere

2553 2166 2826 2227 creditor
2848 2165 2951 2244 jus
2983 2165 3151 2245 quod
3184 2164 3462 2226 habebat
3489 2167 3707 2224 contra
3733 2162 3990 2222 debitorem

2551 2259 2959 2339 principalem
2989 2263 3051 2318 et
3077 2258 3505 2336 fidejussores,

2634 2351 2928 2411 Doctrina
2958 2350 3093 2410 haec
3123 2368 3247 2410 non
3276 2350 3566 2428 procedit
3594 2348 3657 2408 in
3683 2348 3849 2408 fundo
3871 2365 3998 2423 super

2555 2463 2678 2525 quo
2708 2462 2931 2504 census
2960 2442 3532 2522 aliquisimpositus
3563 2447 3661 2502 est
3693 2461 3706 2501 :
3749 2441 3835 2500 bic
3867 2440 3994 2507 euim,

2557 2539 2608 2598 si
2635 2537 2945 2597 vendatur
2973 2536 3071 2596 vel
3101 2536 3440 2609 alienetur,
3495 2534 3699 2594 defert
3743 2534 3815 2593 ita
3854 2549 3996 2591 secum

2558 2649 2715 2692 onus
2743 2630 2918 2707 illud,
2954 2634 3023 2690 ut
3052 2648 3174 2689 non
3223 2629 3455 2689 debeat
3500 2628 3678 2707 prius
3702 2647 3737 2686 a
3762 2625 3998 2686 venditore

2559 2743 2781 2784 census
2811 2723 2939 2801 peti
2969 2721 3206 2783 reditus
3231 2767 3246 2797 ,
3295 2721 3406 2780 sed
3455 2720 3809 2780 immediate
3833 2718 3894 2777 ab
3913 2718 4000 2794 ipso

2556 2817 2740 2879 tertio
2770 2833 3150 2895 possessore.
3169 2817 3384 2893 Neque
3406 2812 3578 2873 enim
3596 2812 3702 2873 illa
3728 2815 3812 2872 est
3827 2809 4001 2890 proprie
4103 2805 4104 2836 ¹

2559 2908 2915 2988 hypotheca
2946 2907 3023 2968 de
3053 2926 3175 2986 qua
3204 2907 3453 2985 agimus
3477 2952 3495 2980 ,
3548 2905 3663 2966 sed
3700 2912 3784 2966 est
3808 2901 4004 2963 venditio
4105 2889 4106 2920 ¹

2560 3001 2839 3080 partialis
2881 2999 3139 3060 dominii
3172 3000 3337 3060 utilis
3369 2997 3535 3058 iuius
3564 2997 3768 3073 fundi,
3797 3001 3854 3056 ut
3876 2994 4008 3074 expli·
4106 2973 4108 3020 ¹

2560 3096 2802 3156 cuimus
2833 3098 3088 3172 agentes
3129 3094 3208 3154 de
3255 3092 3571 3153 censibuS.
3607 3090 3787 3152 Aliud
3814 3105 4012 3149 verues-

2563 3193 2656 3251 set
2683 3188 2759 3249 de
2790 3187 2969 3249 bonis
3000 3186 3167 3260 aliis,
3216 3205 3356 3266 quae
3404 3184 3763 3264 hypotheca
3811 3178 4010 3263 generali

2563 3282 2838 3361 obligata
2892 3285 3038 3342 sunt
3091 3298 3205 3359 pro
3261 3279 3602 3340 securitate
3661 3296 3863 3340 census
3889 3297 3900 3335 ε
3925 3274 4012 3334 haet

2565 3376 2731 3436 enim
2760 3374 2809 3434 si
2857 3376 3180 3435 transeant
3222 3372 3304 3432 ad
3350 3371 3612 3433 tertium
3654 3383 4011 3450 possessorem.

2565 3487 2688 3529 non
2737 3467 2971 3527 debent
3031 3465 3207 3525 illum
3251 3465 3536 3543 obligare
3585 3464 3666 3525 ad
3711 3460 4016 3525 solvendum.

2567 3561 2681 3621 nisi
2724 3561 2888 3621 facta
2935 3560 3106 3638 prius
3152 3558 3520 3620 excussione
3578 3557 3878 3636 praedicta,
3921 3549 4017 3630 quia

2565 3654 2671 3715 illa
2719 3672 2841 3714 non
2889 3657 3036 3713 sunt
3059 3652 3350 3728 vendita,
3402 3651 3514 3712 sed
3561 3652 3763 3712 solum
3789 3643 4020 3724 hypothe-

2568 3751 2728 3809 cata.

2647 3844 2735 3903 De
2763 3840 3068 3901 fructibus
3095 3837 3406 3918 pignoriS,
3441 3856 3525 3897 an
3563 3841 3626 3898 et
3654 3831 3935 3917 quomodo
3954 3828 4025 3886 de-
4099 3838 4113 3893 2

2567 3935 2759 3995 beant
2786 3934 2846 3993 in
2878 3937 3110 3993 sortem
3153 3931 3506 4010 computari
3537 3976 3554 4006 ,
3608 3934 3669 3990 et
3696 3929 3772 3989 de
3810 3919 4024 4003 expensi-⁴
4089 3962 4112 4001 fl

2570 4027 2737 4089 circa
2766 4027 2918 4087 illud
2948 4044 2984 4085 a
3013 4024 3319 4085 creditore
3349 4024 3532 4085 factis
3554 4070 3569 4099 ‚
3625 4017 3916 4102 quomodo
3947 4015 4028 4072 sint
4071 4028 4113 4107 ἐξ

2572 4120 2997 4195 extrahendae,
3034 4123 3093 4178 et
3121 4118 3198 4178 de
3228 4122 3413 4196 pacto
3443 4117 3602 4196 legis
3633 4107 4026 4177 commissoriae,
4071 4104 4074 4109 ⁴

2572 4220 2635 4276 et
2664 4213 2799 4273 aliis
2826 4211 3131 4273 similibus
3155 4256 3170 4286 ,
3217 4209 3343 4269 dixi
3388 4210 3515 4271 late
3545 4227 3738 4286 supra
3763 4206 3903 4283 disp.
3928 4216 4029 4261 nx.

2571 4306 2640 4367 de
2667 4316 2864 4366 mutuo
2891 4313 2944 4366 ct
2972 4324 3150 4365 usura
3171 4350 3187 4380 ,
3238 4308 3390 4364 sect.
3424 4307 3481 4364 8.
3527 4301 3786 4375 Quando
3812 4313 3936 4356 vero
3957 4310 4031 4351 ex·

2574 4418 2787 4480 presse
2809 4446 2824 4475 ,
2857 4398 2954 4457 vel
2985 4397 3170 4458 tacite
3217 4406 3549 4455 censeatur
3590 4393 3854 4455 creditor
3875 4385 4034 4449 remit·

2574 4498 2705 4554 tere
2727 4491 2832 4571 jus
2861 4491 3140 4569 pignoris
3169 4488 3266 4548 vel
3301 4487 3673 4566 hypothecae
3700 4532 3717 4557 ,
3767 4487 3827 4544 et
3849 4477 4036 4561 quaudo

2577 4583 2883 4664 ejusmodi
2945 4581 3242 4659 obligatio
3296 4580 3556 4641 liniatur
3576 4627 3593 4652 ,
3657 4576 3846 4638 videri
3893 4572 4040 4652 potest

2576 4679 2700 4739 late
2730 4676 2899 4755 apud
2931 4674 3229 4736 Molinam
3274 4673 3435 4751 disp.
3478 4676 3616 4733 237.
3669 4676 3764 4731 est
3801 4668 3942 4728 enim
3973 4680 4041 4722 res

2580 4790 2752 4832 mere
2783 4773 3072 4847 spectans
3101 4767 3183 4827 ad
3213 4766 3420 4827 forum
3451 4769 3808 4839 externum,
3838 4765 3894 4821 et
3914 4755 4042 4819 nobis

2581 4882 2805 4946 parum
2835 4861 3002 4923 utilis
3029 4866 3143 4921 aut
3170 4859 3548 4921 necessaria.
3582 4860 3671 4917 De
3702 4855 3964 4916 facultate
3985 4852 4043 4907 ta-

2582 4976 2725 5019 men
2754 4954 3066 5016 vendendi
3095 4953 3344 5032 pignus,
3377 4951 3525 5031 quia
3554 4949 3633 5010 ad
3661 4954 3966 5024 utrumque
3986 4940 4045 5001 fe-

2584 5070 2725 5113 rum
2754 5048 3043 5129 pertinet,
3075 5046 3309 5126 aliquid
3344 5044 3703 5106 dicendum.
