4263 6376
1255 283 1724 347 DISPU'PATIO
1770 281 2041 355 xxxvl,
2090 282 2365 343 SEc'rlo
2411 282 2513 343 lv.

307 459 663 537 potestatem
693 456 1063 536 disponendi
1091 456 1154 516 in
1185 457 1290 521 illo
1318 456 1587 520 defectu.
1633 456 1822 521 Idcir-

305 569 370 611 co
396 550 444 609 si
472 549 728 609 inferior
747 549 943 627 judex
997 550 1205 628 capiat
1250 548 1715 628 delinquentem
1760 548 1823 608 in

305 643 492 702 alieno
521 641 834 703 territorio
870 662 883 707 ε
920 661 1042 703 non
1091 647 1299 719 potest
1339 643 1632 720 princeps
1674 642 1823 702 reti-

304 753 439 795 nere
487 734 660 795 illum
718 753 898 794 reum
950 734 1029 794 ab
1071 734 1346 795 inferiori
1393 741 1667 814 captum,
1712 733 1823 793 sed

303 828 479 888 debet
505 846 651 888 eum
677 828 1006 889 restituere
1033 828 1100 888 in
1129 827 1402 905 primum
1430 828 1662 902 locum,
1706 826 1825 893 nisi

301 920 447 980 sorte
491 921 780 999 princeps
832 921 1136 998 potuisset
1187 938 1332 983 eum
1386 921 1449 980 in
1497 920 1602 981 illo
1633 919 1824 980 etiam

302 1013 600 1074 territorio
656 1013 1227 1092 comprehendere,
1289 1013 1367 1074 de
1425 1032 1548 1092 quo
1622 1011 1824 1073 videri

300 1110 549 1184 possunt
566 1104 830 1184 juristae‚
890 1124 1046 1184 quos
1075 1107 1268 1168 refert
1310 1106 1491 1168 Card.
1540 1105 1824 1167 Tuschus

301 1204 441 1259 tom.
489 1215 533 1259 1.
560 1198 958 1278 practicarum
1011 1198 1458 1274 conclusionum,
1490 1198 1697 1260 littera
1750 1200 1818 1259 C.

301 1290 564 1351 concluS.
598 1295 695 1352 72.
726 1295 788 1352 et
812 1296 897 1353 to.
933 1307 1002 1353 11.
1037 1293 1246 1356 littera
1277 1295 1349 1353 D.
1375 1292 1650 1355 conclus,
1681 1295 1816 1353 183.

301 1383 470 1445 Ratio
499 1388 709 1445 autem
736 1384 983 1445 videtur
1012 1403 1145 1446 esse
1175 1385 1322 1464 quia
1351 1404 1446 1461 ea,
1481 1403 1620 1463 quae
1628 1384 1824 1465 judex

301 1476 546 1537 inferior
572 1476 723 1538 facit
749 1478 1118 1540 auctoritate
1159 1477 1431 1557 publica,
1483 1478 1689 1539 facere
1730 1479 1825 1539 vi-

301 1570 473 1631 detur
515 1570 770 1630 nomine
815 1571 1113 1650 principis
1159 1571 1518 1650 superioriS,
1588 1573 1695 1651 qui
1749 1590 1822 1633 eo

299 1662 425 1740 ipso
455 1662 627 1741 quod
669 1669 1156 1742 prosequeretur
1191 1665 1608 1725 retentionem
1657 1666 1822 1726 illius

299 1755 733 1835 delinquentis,
771 1756 865 1815 vel
892 1760 1175 1817 uteretur
1217 1756 1462 1818 actione
1508 1758 1826 1836 praeterita

293 1846 534 1926 judicis,
566 1841 886 1908 videretur
914 1866 1053 1908 eam
1082 1852 1284 1909 ratam
1315 1848 1571 1926 hahere,
1608 1856 1670 1911 et
1716 1869 1826 1928 per

299 1958 681 2019 consequens
707 1940 1125 2019 imputaretur
1150 1942 1259 2002 illi.
1306 1942 1567 2014 Quando
1615 1948 1824 2005 autem

297 2033 569 2105 privatus
586 2033 811 2112 aliquis
831 2033 983 2094 illud
998 2034 1169 2113 prius
1191 2035 1441 2096 fecisset
1457 2054 1472 2106 ;
1498 2041 1647 2097 tunc
1665 2037 1832 2114 prin-

297 2144 455 2204 ceps,
491 2127 590 2186 vel
611 2125 809 2205 judex
837 2131 1021 2189 utens
1051 2132 1266 2204 postea
1295 2127 1401 2187 illa
1449 2128 1690 2204 notitia,
1726 2130 1825 2190 vel

296 2218 542 2297 capiens
569 2218 745 2278 illum
772 2237 973 2294 reum,
1006 2237 1195 2298 quem
1239 2219 1300 2280 in
1349 2239 1462 2281 suo
1509 2222 1823 2284 territorio

295 2309 617 2372 inveniunt
639 2331 654 2383 3
688 2329 814 2372 non
843 2312 984 2372 ideo
1015 2317 1351 2373 censentur
1370 2317 1572 2373 ratam
1589 2313 1823 2375 habere

293 2404 600 2469 actionem
645 2403 941 2483 injustam
995 2405 1159 2465 illius
1216 2406 1488 2466 hominis
1543 2407 1818 2486 privati:

292 2516 471 2558 nemo
524 2498 692 2558 enim
746 2502 953 2558 ratum
999 2497 1232 2558 habere
1283 2503 1489 2576 potest
1546 2499 1608 2558 id
1654 2499 1824 2578 quod

290 2588 479 2668 ipsius
510 2590 765 2649 nomine
809 2607 933 2649 non
976 2594 1070 2652 est
1114 2598 1382 2668 gestum,
1426 2590 1608 2669 juxta
1654 2610 1826 2652 com-

290 2700 545 2743 munem
598 2681 882 2759 regulam
924 2681 1212 2761 juris;et
1241 2684 1374 2743 haec
1431 2702 1565 2744 esse
1620 2690 1827 2764 potest

289 2775 444 2836 ratio
476 2773 857 2837 discriminis
903 2775 1065 2838 inter
1110 2794 1324 2837 casum
1369 2778 1664 2855 primum,
1698 2796 1823 2858 quo

287 2867 568 2946 privatus
590 2885 702 2945 per
743 2867 1100 2929 violentiam
1153 2869 1252 2929 vel
1297 2868 1510 2929 dolum
1558 2871 1828 2934 extrahit

288 2976 462 3020 reum
493 2960 574 3020 de
621 2960 905 3036 ecclesia,
939 2964 1002 3021 et
1047 2978 1262 3023 casum
1308 2962 1654 3024 secundum
1701 2982 1825 3043 quo

281 3051 475 3132 judex
503 3052 764 3119 inferior
790 3053 852 3119 id
880 3054 1051 3117 facit.

770 3563 1190 3650 SECTIO
1253 3566 1370 3653 lv,

286 3885 344 3949 (l
342 3894 504 3946 trum
510 3883 706 3966 judex·
723 3882 922 3949 debeat
929 3882 1210 3965 judicare
1221 3882 1528 3948 secundum
1548 3884 1821 3966 allevata,

876 4000 931 4051 et
946 3988 1225 4072 probata.

360 4259 523 4319 Dum
555 4258 705 4322 sunt
730 4254 1127 4335 quaestione&

66 4295 118 4352 Η
176 4421 186 4431 ‚
355 4351 599 4424 Prima,
632 4367 713 4409 an
740 4348 927 4412 liceat
954 4347 1142 4426 iudici
1174 4347 1598 4410 condemnare
1620 4367 1823 4428 reum,

52 4421 210 4525 22¹ss
275 4444 388 4522 qui
413 4461 537 4522 per
563 4445 753 4505 testes
782 4440 1059 4518 legitime
1097 4440 1405 4518 probatur
1433 4460 1577 4506 reus
1625 4441 1827 4503 crimi-

52 4528 226 4625 ffiffi'.
274 4538 394 4612 niS,
430 4552 626 4615 quem
653 4537 866 4598 tamen
886 4532 1080 4614 judex
1109 4538 1280 4598 certo
1310 4533 1427 4595 scit
1465 4552 1600 4597 esse
1648 4536 1828 4598 inno-

58 4633 227 4730 {2200211-
272 4629 583 4692 centem?

353 4721 659 4786 Secunda
688 4719 949 4800 quaestio
996 4723 1110 4796 est,
1143 4737 1225 4781 an
1279 4719 1464 4784 liceat
1518 4739 1552 4782 e
1609 4725 1830 4784 contra

269 4816 709 4882 condemnare
762 4814 960 4891 illum,
1029 4831 1220 4892 quem
1284 4817 1454 4876 certo
1506 4814 1627 4878 scit
1691 4832 1827 4876 esse

267 4927 458 4976 reum
518 4906 820 4983 criminis,
852 4907 1000 4970 licet
1043 4924 1171 4968 non
1216 4907 1663 4986 comprobetur
1718 4925 1831 4986 per

268 5009 495 5078 testes,
558 5002 657 5063 vel
717 5001 874 5062 alias
926 5000 1240 5079 legitimas
1287 5001 1713 5078 probationes,
1748 5001 1827 5062 de

266 5116 395 5178 qua
423 5096 715 5158 dicemus
744 5094 1018 5156 sectione
1050 5093 1357 5172 sequenti.

346 5190 545 5254 Circa
569 5186 841 5265 primam
872 5184 1286 5265 quaestionem
1314 5190 1561 5248 cer-tum
1600 5187 1664 5248 in
1704 5188 1826 5267 pri·

262 5285 389 5346 mis
420 5283 544 5356 est,
579 5297 722 5340 eum
770 5278 1054 5359 judicem
1103 5278 1305 5342 teneri
1362 5279 1573 5342 omnia
1615 5280 1825 5342 media

260 5381 543 5445 tentare,
578 5377 643 5433 et
670 5390 924 5433 omnem
953 5372 1345 5450 diligentiam
1384 5373 1687 5436 adhihere
1743 5374 1823 5435 ad

260 5466 677 5534 liberandum
704 5483 883 5525 reum
918 5465 1111 5525 illum.

1998 453 2208 516 Primo
2256 453 2669 533 excogitando
2717 473 2937 525 causas
2966 454 3345 531 sufficientes
3376 456 3456 529 ad

1918 547 2347 625 repellendam
2376 549 2861 617 accusationem.

2001 639 2314 718 Secund0‚
2340 641 2616 703 maxima
2643 641 3013 703 dexteritate
3042 642 3457 709 examinando

1920 736 2110 794 testes
2157 735 2442 812 exemplo
2496 734 2767 801 Danielis
2785 780 2802 810 ‚
2860 733 3308 812 interrogando
3339 734 3459 795 cir-

1920 824 2328 887 cumstantias
2355 827 2474 888 loci
2502 872 2517 898 ‚
2552 827 2851 906 temporis
2874 872 2889 903 ,
2943 831 3060 889 etc.
3116 827 3319 893 donec
3350 847 3459 888 eos

1920 917 2293 980 dissidentes
2321 918 2618 981 inveniat.

1999 1012 2209 1073 Tertio
2239 1012 2489 1091 poterit,
2513 1012 2564 1072 si
2592 1012 2727 1072 fieri
2755 1012 2951 1091 possit
2977 1012 3110 1073 sine
3131 1013 3452 1089 scandale,

1920 1104 2315 1165 dissimulare
2343 1104 2405 1163 in
2435 1104 2703 1165 carceris
2731 1104 3037 1182 custodia,
3072 1106 3159 1166 ita
3189 1109 3257 1167 ut
3285 1106 3457 1166 inno-

1920 1214 2068 1258 cens
2094 1197 2312 1275 fugere
2342 1201 2572 1275 posset.

2001 1291 2236 1361 Quarto
2261 1336 2276 1367 ‚
2310 1289 2629 1351 remittere
2658 1308 2913 1350 causam
2943 1289 3025 1350 ad
3044 1289 3328 1369 judicem
3356 1309 3459 1359 su-

1919 1382 2233 1461 periorem
2257 1427 2273 1458 ‚
2326 1391 2388 1443 et
2433 1401 2647 1443 coram
2677 1383 2780 1443 illo
2810 1383 3130 1444 testificari
3162 1384 3460 1451 innocen—

1920 1475 2082 1535 ciam
2110 1475 2205 1535 rei
2232 1494 2422 1554 quam
2446 1476 2579 1554 ipse
2607 1476 2744 1536 scit.

2000 1567 2267 1644 Quinto,
2326 1568 2377 1627 si
2417 1567 2613 1647 judex
2660 1568 2739 1629 sit
2781 1586 3113 1646 supremus
3141 1569 3455 1647 princeps,

1921 1661 2152 1738 poterit
2178 1660 2421 1720 facilius
2449 1678 2627 1720 reum
2656 1660 2982 1721 absolvere
3029 1661 3107 1721 de
3151 1665 3459 1740 potestate

1920 1752 2206 1813 absoluta
2224 1798 2239 1829 ‚
2300 1752 2646 1813 secundum
2693 1771 2884 1832 quam
2931 1757 3137 1831 potest
3171 1754 3461 1833 princeps

1922 1844 2256 1924 aliquando
2287 1863 2539 1922 poenam
2569 1844 2845 1905 debitam
2866 1846 3245 1906 condonare.
3282 1846 3459 1919 Quod

1922 1940 1992 1997 ut
2014 1936 2269 1997 suavius
2295 1938 2434 2013 fiat,
2485 1937 2713 2015 poterit
2741 1955 2953 1998 coram
2985 1938 3218 2017 populo
3251 1938 3460 1999 testifi-

1920 2029 2050 2090 cari
2078 2034 2141 2090 et
2160 2029 2406 2109 jurare,
2439 2029 2614 2089 illum
2642 2029 2961 2090 hominem
2990 2048 3126 2091 esse
3159 2030 3460 2090 innocen-

1920 2128 2069 2186 tem.
2104 2123 2193 2182 Ex
2211 2121 2438 2201 quibus
2454 2122 2743 2182 omnibus
2776 2127 2948 2201 patet
2974 2122 3292 2184 rarissime
3322 2141 3462 2202 pos-

1920 2233 1986 2275 se
2015 2215 2402 2292 contingere,
2437 2213 2605 2292 quod
2626 2213 2822 2292 judex
2851 2230 2974 2276 non
3010 2215 3205 2294 possit
3231 2215 3462 2281 libera-

1917 2326 1986 2382 re
2016 2325 2162 2367 eum
2192 2325 2380 2385 quem
2409 2311 2579 2367 certo
2610 2307 2784 2369 novit
2810 2308 3233 2369 innocentem.
3296 2311 3456 2373 Dato

1920 2404 2130 2460 tamen
2159 2399 2264 2460 illo
2294 2417 2465 2475 casu,
2499 2398 2651 2478 quid
2679 2401 2908 2479 poterit
2935 2418 3149 2479 agere.

1998 2495 2151 2552 Tres
2178 2496 2326 2552 sunt
2352 2491 2693 2570 potissimas
2746 2493 2808 2552 in
2862 2492 2984 2553 hoc
3029 2498 3261 2571 puncto
3314 2513 3460 2555 sen-

1917 2585 2151 2647 tentiae.

2000 2679 2209 2740 Prima
2237 2683 2444 2757 negat,
2478 2696 2757 2758 unquam
2786 2678 2973 2738 licere
2996 2677 3197 2758 judici
3228 2678 3463 2757 profer·
3550 2707 3621 2737 sen
3642 2708 3692 2737 eu
3713 2709 3746 2759 i·

1919 2789 1988 2831 re
2017 2771 2393 2834 sententiam
2422 2776 2640 2832 contra
2686 2789 2830 2830 eum
2889 2790 3075 2850 quem
3125 2776 3295 2833 certo
3346 2770 3464 2832 scit
3522 2760 3749 2844 „ossnenssffffss
3796 2834 3807 2845 ,

1921 2882 2055 2924 esse
2084 2865 2504 2924 innocentem.
2565 2865 2684 2924 Pro
2736 2864 2856 2924 hac
2897 2863 3123 2925 citatur
3170 2866 3352 2942 Hugo
3385 2863 3462 2924 de

1922 2957 2096 3018 Celso
2124 2957 2191 3016 in
2219 2957 2341 3034 leg.
2376 2954 2632 3030 Proetor,
2677 2955 2743 3016 ff.
2778 2955 2848 3017 de
2867 2954 3166 3035 jurisdict.
3201 2956 3461 3019 omnium

1909 3048 2200 3131 judicum,
2234 3048 2598 3110 Calderinus
2626 3048 2691 3109 in
2723 3067 2779 3109 c.
2812 3048 3158 3122 Pastor-alis,
3195 3047 3265 3108 de
3293 3048 3459 3131 offic,

1920 3141 2190 3222 deleyati.
2223 3141 2469 3202 Rosella
2502 3141 2671 3203 verb.
2704 3140 2922 3218 luder,
2956 3142 3255 3221 AngeluS,
3289 3142 3467 3216 hira-.-

1919 3256 2059 3313 nu3‚
2095 3235 2437 3297 Panormit.
2491 3239 2555 3297 et
2580 3235 2685 3296 alii
2716 3255 2872 3315 quos
2916 3237 3100 3298 affert
3124 3236 3374 3297 Lessius
3404 3255 3460 3299 c.

1918 3345 2085 3393 xxix.
2122 3348 2227 3389 nu.
2261 3332 2360 3389 84.

1994 3421 2287 3482 Secunda
2314 3419 2625 3482 sententia
2654 3424 2932 3481 extreme
2955 3420 3270 3483 contraria
3300 3419 3467 3481 affir-

1919 3519 2071 3587 mat,
2107 3532 2291 3593 posse
2315 3513 2598 3593 judicem
2627 3532 2877 3592 semper
2906 3514 3188 3592 proferre
3218 3517 3470 3578 senten-

1920 3607 2072 3669 tiam
2101 3607 2166 3666 in
2197 3624 2595 3685 quacumque
2623 3624 2815 3666 causa
2838 3651 2854 3682 ,
2895 3605 3078 3685 juxta
3109 3606 3379 3685 allegata
3407 3609 3471 3666 et

1920 3699 2208 3777 probata.
2268 3701 2446 3759 Hanc
2475 3702 2647 3762 tenet
2693 3700 2757 3761 S.
2791 3699 3016 3761 Thom.
3049 3698 3212 3762 infra
3241 3702 3461 3778 quoest.

1921 3808 2109 3867 van,
2143 3795 2261 3852 art.
2297 3794 2357 3853 2.
2392 3793 2617 3854 Covar.
2656 3791 2959 3853 latissime
2987 3792 3095 3856 lib.
3130 3793 3178 3853 1.
3230 3790 3463 3858 Vam'ar.

1921 3903 2059 3963 cap.
2084 3901 2127 3946 1.
2156 3903 2218 3944 n.
2243 3887 2304 3947 6.
2337 3885 2670 3962 Cajetanus
2701 3888 2763 3950 et
2792 3885 2898 3945 alii
2919 3884 3277 3948 Summistoe
3301 3901 3469 3944 com-

1921 3977 2234 4051 muniter;
2294 3976 2516 4037 Palud.
2548 3981 2611 4039 et
2638 3978 2884 4038 Alensis
2907 4023 2922 4054 ,
2984 3997 3141 4058 quos
3185 3976 3382 4039 refert
3409 3979 3473 4036 et

1923 4072 2207 4150 sequitur
2253 4072 2439 4133 Sotus
2470 4072 2541 4133 V.
2596 4069 2667 4130 de
2679 4070 2921 4150 justitia
2966 4075 3190 4151 quaest.
3225 4088 3312 4132 lv.
3347 4072 3467 4131 art.

1924 4168 1982 4226 2.
2017 4166 2188 4225 Bart.
2225 4163 2288 4224 in
2316 4164 2357 4225 l.
2391 4162 2675 4236 illicitas,
2732 4166 2796 4228 ff.
2852 4163 2922 4224 de
2948 4164 3148 4246 officio
3168 4161 3467 4245 praesidii-t.

1922 4259 1955 4320 J
1964 4276 2199 4318 oannes
2226 4257 2513 4318 Andreas
2542 4256 2606 4315 in
2632 4255 2759 4318 suis
2789 4257 3050 4318 novellis
3078 4257 3238 4320 titul.
3272 4255 3351 4316 de
3383 4254 3476 4314 al—

1923 4351 2291 4429 legationib.
2326 4352 2642 4410 Navarrus
2669 4349 2733 4409 in
2755 4349 3025 4411 manuali
3048 4369 3188 4430 cap.
3222 4352 3322 4418 25.
3360 4368 3466 4409 nu.

1927 4447 2024 4505 10.
2071 4445 2304 4505 Anton.
2339 4445 2396 4504 3.
2432 4447 2594 4521 part.
2644 4442 2739 4505 tit.
2775 4459 2860 4504 ιχ.
2894 4460 3034 4522 cap.
3072 4461 3139 4504 11.
3174 4445 3230 4522 ἓ.
3266 4460 3354 4504 1v.
3412 4445 3476 4502 et

1924 4555 2063 4615 cap.
2099 4554 2160 4598 v.
2196 4539 2253 4615 ἓ.
2286 4541 2345 4599 2.
2397 4537 2639 4614 Burgos
2668 4535 2747 4597 de
2777 4537 2899 4596 Paz
2944 4536 3010 4595 in
3049 4537 3359 4615 prooemio
3390 4535 3475 4602 le-

1925 4648 2077 4708 gum
2112 4629 2301 4690 Tauri
2325 4647 2432 4689 nu.
2467 4630 2604 4688 161.
2646 4629 2848 4688 Julius
2879 4628 3097 4690 Clarus
3127 4629 3281 4690 alios
3311 4630 3476 4696 refe-

1926 4741 2071 4783 rens
2090 4724 2163 4785 V.
2199 4721 2563 4784 sententiar.
2595 4721 2650 4799 ἓ.
2675 4721 2845 4782 final.
2880 4728 2944 4783 et
2972 4721 3035 4781 in
3054 4723 3326 4802 practica
3355 4726 3475 4785 cri-

1925 4815 2139 4876 minali
2161 4819 2382 4894 quaest.
2412 4829 2576 4875 va1.
2610 4833 2718 4875 nu.
2754 4817 2812 4878 2.
2849 4817 2912 4876 et
2951 4814 3163 4893 plures
3196 4815 3472 4897 theologi

1926 4927 2002 4969 ac
2023 4907 2302 4988 juristae,
2355 4908 2465 4987 qui
2508 4908 2643 4968 sine
2689 4908 2880 4968 dubio
2928 4908 2992 4968 in
3023 4906 3187 4970 hanc
3227 4913 3475 4988 partem

1927 5001 2347 5063 communiter
2399 5001 2704 5062 inclinant
2758 5019 2771 5059 ε
2851 5000 3077 5080 quibus
3133 5002 3474 5065 novissime

1927 5094 2172 5155 accedit
2198 5094 2473 5156 Thomas
2503 5093 2784 5160 Sane-,hez
2806 5093 2912 5155 lib.
2934 5095 3037 5158 vl.
3074 5091 3294 5157 Consil.
3329 5114 3469 5176 cap.

1926 5204 1971 5250 1.
2008 5187 2159 5252 dub.
2196 5190 2295 5248 17.

2010 5279 2221 5342 Tertia
2261 5279 2572 5348 sententia
2615 5279 2827 5341 media
2863 5277 3191 5358 distinguit
3219 5279 3297 5344 de
3326 5298 3478 5352 cau-

1924 5373 2008 5434 sis
2039 5372 2500 5449 criminalibuS,
2551 5373 2615 5432 in
2663 5373 2892 5452 quibus
2939 5373 3147 5450 agitur
3174 5373 3252 5434 de
3284 5393 3475 5453 poena

1922 5468 2088 5544 vitas,
2120 5466 2218 5527 vel
2248 5465 2656 5527 mutilationis
2681 5511 2697 5542 ,
2758 5471 2820 5528 et
2860 5466 2923 5524 in
2964 5465 3039 5524 iis
3069 5471 3260 5545 negat
3285 5467 3475 5529 licere

3339 283 3454 341 687
3574 322 3580 328 -
