4263 6376
810 293 923 350 114

809 466 1123 545 utrinque,
1156 464 1271 524 nisi
1301 464 1364 524 in
1388 464 1706 539 fratribuS,
1739 464 1837 523 vel
1866 463 2009 523 filiis
2038 464 2331 534 frati-unu

807 579 948 640 quas
1006 559 1215 621 omnia
1271 578 1349 618 ex
1402 557 1565 620 dicto
1604 556 1979 618 Autlientico
2041 556 2343 634 colligunt

806 654 1060 732 Melina,
1115 656 1177 715 et
1220 654 1504 731 vasquez
1560 670 1705 711 cum
1759 650 1919 728 aliis,
1980 650 2133 710 locis
2187 649 2339 710 cita-

807 747 905 809 tis.

887 840 1217 901 Dubitatur
1245 838 1409 899 circa
1438 837 1743 917 praedicta
1770 836 1995 915 primo,
2030 855 2108 895 an
2142 853 2338 916 quan-

486 966 728 1011 Filiiunius
805 935 886 995 do
916 934 1025 994 filii
1082 934 1345 994 fratrum
1403 949 1525 991 non
1576 933 1959 992 concurrunt
2012 949 2156 989 cum
2204 929 2340 989 aliis

475 1021 615 1064 “²²⁶⁸
632 1034 740 1064 ⁰⁰¹¹·
803 1029 1099 1090 fratribus
1128 1025 1403 1086 defuncti
1447 1025 1819 1101 viventibuS,
1873 1023 1981 1084 sed
2031 1042 2174 1083 cum
2205 1023 2339 1082 aliis

499 1080 711 1172 811338111ῗὲ
802 1121 945 1182 filiis
976 1121 1240 1181 aliorum
1268 1119 1530 1179 fratrum
1560 1118 2023 1193 defunctorum,
2068 1115 2342 1176 debeant

485 1185 727 1286 trsslffigfussu
803 1214 1137 1276 succedere
1157 1231 1270 1292 per
1289 1216 1568 1290 stirpem,
1601 1211 1700 1270 vel
1723 1229 1833 1289 per
1853 1210 2103 1288 capita?
2130 1209 2340 1268 Prima

484 1290 723 1402 ῥᾞξξῗᾷἷ
802 1307 1111 1370 sententia
1140 1305 1291 1367 satis
1321 1304 1670 1366 communis
1713 1303 1895 1379 dicit,
1945 1303 2174 1362 debere
2207 1319 2339 1361 suc-

804 1404 1025 1465 cedere
1055 1420 1169 1480 per
1195 1400 1476 1477 stirpem,
1531 1416 1721 1477 quam
1750 1415 1891 1456 cum
1923 1395 2222 1456 Accursio
2255 1402 2340 1456 tc-

804 1501 954 1558 nent
980 1494 1289 1569 BartoluS‚
1335 1493 1565 1552 Anton.
1615 1493 1863 1566 Gomez,
1918 1492 1981 1550 et
2022 1488 2123 1548 alii
2174 1488 2341 1566 apud

802 1593 993 1669 Vasq.
1029 1588 1195 1649 dicto
1223 1588 1278 1666 ἓ.
1315 1601 1408 1645 111.
1459 1603 1565 1645 1111.
1599 1586 1698 1644 58.
1754 1583 1899 1661 quia
1948 1582 2009 1641 in
2040 1581 2339 1660 praedicto

803 1682 1179 1745 Autlientico
1209 1680 1351 1740 filiis
1400 1679 1661 1738 fratrum
1709 1676 1894 1736 datur
1934 1680 2342 1754 repraesenta-

804 1778 890 1839 tio
919 1775 1134 1856 patrie,
1169 1780 1230 1834 et
1258 1770 1566 1834 successio
1598 1788 1708 1848 per
1737 1769 2015 1847 stirpem.
2053 1769 2344 1829 Secunda

803 1869 1114 1932 sententia
1142 1865 1522 1946 probabilior
1543 1863 1715 1940 dicit,
1751 1862 1981 1923 debere
2003 1862 2341 1922 succedere

804 1984 916 2045 per
944 1963 1179 2042 capita3
1234 1977 1422 2039 quam
1451 1961 1667 2019 tenent
1694 1959 1878 2017 Azor.
1915 1961 1977 2016 ct
2004 1955 2134 2032 alii,
2186 1974 2343 2034 quos

804 2058 1015 2130 refert,
1070 2060 1131 2117 et
1159 2053 1439 2133 sequitur
1466 2051 1613 2112 Mol.
1649 2051 1813 2110 dicta
1845 2049 2004 2128 disp.
2042 2065 2248 2110 cmxv.
2281 2049 2337 2128 ξ.

803 2152 877 2212 In
905 2144 1517 2219 contrariasententia,
1548 2147 1610 2204 et
1634 2143 2059 2222 sequentibus,
2095 2147 2347 2202 eteam-

808 2245 954 2305 dem
999 2242 1220 2303 stando
1269 2239 1331 2299 in
1388 2237 1598 2298 verbis
1653 2237 1808 2314 legis
1856 2236 2343 2315 probabiliorem

807 2339 988 2416 putat
1014 2337 1299 2413 Vasquez
1330 2350 1501 2391 num.
1534 2333 1632 2392 59.
1671 2333 1733 2389 et
1760 2333 1858 2389 60.
1896 2328 2045 2407 quia
2072 2347 2217 2388 cum
2247 2348 2346 2388 re-

807 2433 1190 2510 praesentare
1235 2428 1500 2506 patrem,
1563 2427 1626 2485 et
1672 2422 2009 2482 succedere
2053 2441 2169 2501 per
2207 2423 2344 2483 stir-

807 2542 976 2603 pem,
1021 2521 1207 2582 fuerit
1235 2518 1514 2597 exceptio
1547 2537 1582 2577 a
1614 2515 1931 2577 communi
1960 2518 2181 2593 regula
2211 2535 2347 2577 om-

808 2617 981 2678 nium
1011 2612 1483 2687 collateralium,
1539 2628 1664 2670 non
1709 2609 1900 2669 habet
1945 2609 2177 2686 locum,
2228 2609 2345 2668 nisi

808 2729 922 2790 pro
952 2728 1121 2784 casu,
1170 2726 1284 2786 pro
1315 2724 1435 2785 quo
1480 2722 1777 2765 concessa
1804 2703 1940 2778 fuit,
1989 2703 2105 2763 fuit
2136 2708 2345 2765 autem

808 2802 1011 2883 posita
1058 2800 1260 2861 solum
1313 2817 1427 2878 pro
1477 2797 1622 2856 liliis
1678 2795 1883 2857 fratris
1929 2796 2158 2856 mortui
2202 2815 2345 2856 con·

810 2895 1202 2959 currentibus
1245 2891 1713 2952 cumfratribus
1761 2889 2037 2949 defuncti
2082 2890 2345 2950 viventi-

811 2991 953 3065 buS‚
987 2993 1058 3049 ut
1084 2989 1329 3048 constat
1358 3004 1433 3044 ex
1467 2985 1523 3061 ἓ.
1554 2980 1915 3062 Hujusmocli
1939 3001 2095 3058 vem,
2129 2982 2194 3041 in
2227 2983 2346 3042 illis

810 3083 1018 3146 verbis
1080 3101 1093 3142 :
1155 3079 1279 3141 Sed
1308 3081 1371 3139 et
1396 3076 1545 3156 ipsis
1574 3077 1838 3137 fratrum
1880 3076 2022 3135 filiis
2050 3080 2199 3137 tunc
2229 3077 2348 3137 1106

810 3175 1184 3239 beneficium
1206 3171 1603 3245 conferimus,
1638 3169 1890 3249 quando
1913 3186 2056 3230 cum
2077 3171 2348 3249 propriis

810 3273 1118 3332 vocantur
1144 3266 1394 3328 Theiois
1426 3267 1568 3344 (iioc
1589 3252 1703 3339 cst,
1738 3263 1998 3342 patruis)
2030 3265 2343 3340 masculis,

814 3367 877 3424 et
904 3362 1170 3437 feminiS,
1229 3360 1357 3421 sive
1388 3357 1653 3436 paterni,
1711 3358 1842 3416 sive
1902 3358 2165 3417 materni
2200 3359 2342 3419 sint.

812 3458 922 3518 Ille
952 3473 1101 3532 ergo
1134 3452 1290 3513 alius
1323 3471 1503 3512 casus
1533 3469 1656 3510 non
1686 3450 1802 3510 fuit
1844 3449 2111 3527 (16615115,
2161 3458 2349 3529 atquc

814 3549 956 3610 ideo
987 3546 1360 3625 relinquitur
1388 3545 1622 3623 regula}
1653 3543 1994 3618 communi,
2035 3549 2097 3603 et
2125 3551 2349 3604 ca-tcra

814 3642 1009 3703 verba
1039 3640 1322 3719 ejusdem
1366 3638 1554 3716 legis,
1614 3635 1866 3715 quando
1917 3636 2020 3694 illa
2062 3637 2349 3698 limitatio

814 3736 1047 3799 omissa
1075 3737 1190 3809 est,
1249 3732 1483 3792 debent
1536 3728 1820 3805 intelligi,
1876 3727 2051 3807 juxta
2109 3730 2247 3789 haic
2288 3732 2350 3789 in

815 3829 1040 3910 quibus
1068 3844 1364 3906 expressa
1393 3824 1509 3885 fuit
1537 3822 1845 3883 limitatio·
1894 3824 2020 3880 Nec
2051 3840 2208 3899 opus
2237 3824 2353 3884 fuit

813 3920 1436 4003 repraesentationem
1493 3916 1681 3978 etiam
1740 3916 1799 3974 in
1859 3934 1932 3976 eo
1991 3934 2140 3976 casu
2173 3916 2344 3993 dare,

815 4036 959 4078 cum
989 4015 1053 4075 in
1083 4033 1156 4075 eo
1185 4032 1309 4073 non
1332 4010 1649 4089 agendum
1675 4013 1835 4069 esset
1858 4012 2073 4068 contra
2094 4015 2350 4086 patruos

816 4111 1037 4171 fratres
1067 4105 1366 4181 defuncti,
1428 4104 1537 4164 sed
1592 4107 1811 4164 contra
1863 4103 2018 4162 alios
2076 4103 2349 4180 {equales

815 4202 877 4263 in
936 4201 1158 4263 eodem
1212 4197 1435 4278 gradu,
1508 4200 1577 4258 ut
1628 4196 1787 4256 bene
1841 4196 2066 4273 probat
2120 4196 2350 4257 Melina

815 4295 923 4358 ibi.

567 4388 685 4463 1'90
897 4387 1230 4450 Dubitatur
1258 4383 1556 4459 secunde,
1589 4383 1641 4443 si
1675 4382 1755 4444 sit
1783 4386 2043 4461 patruus
2073 4381 2350 4443 defuncti

493 4524 745 4571 mmmm
814 4483 1008 4544 frater
1036 4481 1170 4562 ejus
1198 4479 1414 4559 patrie,
1474 4477 1573 4538 vel
1602 4476 1837 4552 matriS,
1904 4479 1966 4536 ct
1991 4476 2113 4536 sint
2161 4476 2347 4537 etiam

468 4583 762 4646 unpraeremp-
813 4577 924 4638 filii
953 4575 1279 4656 cujusdam
1326 4572 1517 4650 ipsius
1564 4570 1771 4630 fratris
1814 4569 2112 4646 defuncti,
2173 4590 2252 4630 an
2283 4570 2350 4630 hi

510 4637 718 4745 ωιῖιιῐιῗῖὲῖη
812 4668 1189 4752 praeferendi
1216 4666 1339 4727 sint
1380 4665 1644 4744 patruo?
1698 4663 1930 4725 Melina
1976 4664 2081 4723 ubi
2130 4682 2344 4743 snpra,

808 4768 867 4846 ἓ.
902 4764 1057 4825 Mihi
1082 4761 1330 4836 videtur,
1374 4764 1436 4819 et
1457 4758 1743 4836 Vasquez
1774 4758 1938 4817 dicto
1968 4757 2023 4834 ἓ.
2059 4774 2154 4817 111.
2191 4758 2339 4819 dub.

808 4864 868 4921 2.
904 4877 1049 4920 cum
1079 4854 1345 4917 Antonio
1379 4855 1607 4913 Gomez
1654 4852 1892 4926 dicunt,
1946 4851 2191 4910 excludi
2237 4869 2348 4929 pa-

807 4958 1017 5015 truum
1049 4947 1323 5011 defuncti
1379 4966 1418 5007 a
1461 4945 1602 5006 filiis
1655 4944 1864 5005 fratris
1917 4942 2198 5023 ejusdem
2243 4944 2345 5005 de-

807 5046 1025 5107 functi.
1061 5043 1294 5105 Probat
1330 5040 1531 5119 primo
1568 5038 1877 5099 Antonius
1910 5039 2165 5114 Gomez,
2198 5038 2347 5117 quia

804 5140 916 5200 filii
943 5137 1152 5199 fratris
1181 5134 1636 5213 repraesentant
1687 5137 1931 5210 patrem
1977 5148 2182 5207 suum,
2244 5130 2346 5191 hic

807 5236 1016 5293 autem
1045 5230 1406 5292 excluderet
1432 5232 1765 5306 patruum;
1802 5243 1952 5303 ergo
1984 5229 2047 5285 et
2072 5224 2206 5303 ejus
2236 5223 2343 5284 filii

805 5325 980 5385 illum
1009 5322 1366 5385 excludunt.
1421 5319 1544 5382 Sed
1575 5319 1709 5378 haec
1757 5317 1915 5379 ratio
1960 5317 2208 5376 infirma
2253 5320 2347 5379 est

807 5438 882 5479 ex
912 5418 1217 5498 principio
1247 5416 1433 5495 paulo
1464 5417 1608 5475 ante
1638 5411 1863 5491 posit0,
1915 5411 2083 5490 quod
2112 5429 2340 5489 reprae-

804 5512 1071 5576 sentatio
1102 5511 1305 5573 solum
1334 5512 1428 5572 est
1455 5526 1566 5586 pro
1604 5524 1752 5567 casu
1785 5522 2075 5584 expresso
2104 5524 2143 5565 a
2172 5505 2331 5585 lege,

561 842 675 902 189

1969 287 2068 346 DE
2110 284 2467 348 JUST1'1‘1A
2515 288 2614 346 ΕΤ
2657 287 2856 349 Jmffl

2440 463 2502 522 in
2534 482 2659 542 qua
2687 464 2886 525 solum
2939 463 3124 524 datur
3154 465 3404 543 quando
3450 466 3560 525 filii
3610 467 3818 528 fratris
3863 469 3973 527 de-

2440 557 2634 617 functi
2663 563 3043 622 concurrunt
3070 576 3211 617 cum
3245 559 3534 620 fratribus
3567 561 3920 623 viventibus
3954 583 3967 621 :

2441 669 2751 729 nusquam
2781 655 2990 712 autem
3021 651 3168 713 data
3197 653 3446 713 videtur
3491 654 3571 713 ad
3601 673 3972 714 concursum

2439 761 2580 803 cum
2613 749 2835 821 patruo
2866 743 3165 805 defuncti.
3227 745 3515 806 Secundo
3581 748 3854 826 probant
3902 769 3972 808 ex

2440 837 2604 897 dicto
2631 837 3028 914 Autlicntico,
3080 839 3134 915 ἓ.
3171 837 3334 898 Illud
3367 839 3593 919 palam,
3647 842 3754 900 sed
3808 845 3973 902 certe

2441 930 2575 1008 ejus
2602 931 2657 1008 g.
2707 931 2900 990 verba
2929 932 3130 1008 magis
3160 950 3386 991 nocere
3417 933 3711 993 videntur
3741 933 3970 1012 praedi-

2441 1031 2555 1085 cta:
2585 1024 2932 1100 sententiae,
2984 1030 3356 1103 comparant
3382 1026 3548 1085 enim
3579 1027 3737 1088 filios
3766 1029 3974 1088 fratris

2440 1136 2584 1178 cum
2612 1121 2835 1196 patruo
2866 1117 3179 1194 defuncto,
3218 1136 3343 1178 non
3374 1137 3516 1179 eum
3546 1125 3770 1197 patruo
3806 1121 3968 1182 vive.

2441 1211 2649 1270 Verba
2677 1213 2820 1270 sunt
2867 1210 3001 1270 haec
3062 1231 3074 1271 ε
3149 1231 3174 1266 «
3205 1210 3358 1270 lllud
3403 1212 3610 1291 palam
3659 1217 3774 1290 cst,
3832 1215 3976 1292 quia

2440 1303 2689 1364 Tlieiois
2719 1304 3029 1364 defunctis
3057 1305 3369 1382 masculis,
3426 1309 3488 1366 et
3515 1306 3787 1382 feminis,
3842 1309 3974 1368 sive

2444 1415 2478 1455 a
2527 1401 2722 1474 patre,
2798 1397 2927 1457 sive
2974 1416 3012 1456 a
3065 1402 3286 1473 matre,
3344 1403 3821 1477 praeponuntur,
3889 1403 3976 1462 sic

2442 1489 2629 1550 ctiam
2659 1490 2744 1548 illi
2776 1491 3029 1550 tertium
3058 1490 3342 1551 similiter
3389 1493 3781 1569 cognationis
3816 1495 3977 1556 obti-

2441 1587 2631 1642 neant
2656 1582 2943 1660 gradum.
2978 1605 3006 1640 »
3047 1583 3225 1645 Unde
3255 1586 3603 1663 retorqueri
3636 1594 3852 1664 posset
3881 1608 3978 1647 ar-

2440 1681 2831 1755 gumentum,
2866 1677 3013 1755 quia
3039 1676 3268 1737 frustra
3296 1677 3631 1739 adderetur
3654 1681 3844 1742 dictio
3877 1682 3977 1742 illa

2442 1769 2754 1850 defunctiS,
2787 1770 2837 1828 si
2869 1770 3026 1830 vivis
3058 1771 3244 1829 etiam
3277 1772 3555 1850 praeponi
3585 1773 3867 1837 deberet.
3903 1779 3980 1837 Ut

2442 1868 2650 1925 tamen
2697 1880 2914 1922 verum
2956 1863 3186 1939 fatear,
3248 1864 3650 1927 vehementer
3693 1869 3979 1946 suspicor

2441 1956 2712 2016 litteram
2743 1955 2905 2015 illius
2935 1959 3138 2017 textus
3169 1958 3540 2018 mendosam
3572 1978 3727 2035 esse,
3769 1967 3836 2022 ct
3869 1981 3976 2040 pro

2441 2050 2649 2110 verbis
2679 2049 2798 2109 illis
2856 2068 2869 2108 :
2937 2049 2988 2109 T
2984 2049 3160 2109 helois
3203 2049 3508 2130 defunctiS,
3567 2052 3688 2132 legi
3719 2053 3974 2132 debere,

2449 2143 2673 2204 Tleez'ois
2700 2142 2978 2221 defient-li.
3015 2139 3243 2219 Primo,
3279 2144 3426 2223 quia
3454 2146 3515 2205 in
3549 2147 3842 2208 omnibus
3872 2169 3980 2209 an-

2442 2238 2891 2312 tecedentibuS,
2928 2236 3177 2314 quando
3210 2237 3287 2296 de
3320 2239 3558 2315 patruis
3588 2240 3871 2303 defuncti
3899 2243 3979 2303 lo·

2445 2331 2676 2409 quitur,
2709 2329 2964 2390 additur
2991 2328 3283 2408 desemctz',
3333 2331 3475 2410 quia
3514 2333 3786 2413 alioquin
3820 2343 3976 2397 esset

2444 2423 2877 2502 aequivocatiO,
2915 2425 2976 2483 et
2997 2422 3257 2483 dubium
3283 2423 3359 2482 de
3382 2423 3562 2504 cujus
3594 2432 3819 2504 patruo
3854 2449 3981 2490 ser-

2444 2535 2545 2577 mo
2579 2521 2760 2576 esset.
2807 2515 2910 2576 Sic
2936 2516 2999 2575 in
3026 2516 3116 2596 ἓξ.
3153 2517 3434 2594 proxime
3472 2521 3980 2598 praecedentihus

2445 2610 2523 2669 de
2552 2610 2801 2670 Tlieiois
2831 2628 2954 2668 non
2984 2609 3281 2685 defuncti,
3317 2611 3425 2670 sed
3443 2612 3845 2674 cohaeredum
3877 2617 3979 2676 ad-

2437 2703 2743 2782 jungitur,
2766 2702 3054 2782 propriz'S,
3089 2702 3140 2762 si
3171 2709 3379 2762 autem
3407 2704 3470 2763 in
3493 2708 3810 2784 praedictis
3845 2729 3980 2769 ver-

2446 2797 2539 2857 bis
2569 2814 2691 2856 non
2722 2795 3171 2873 adjungeretur
3200 2794 3479 2876 defuncti,
3513 2805 3769 2877 possent
3798 2821 3979 2882 {eque

2446 2891 2604 2950 bene.
2636 2888 2894 2966 intelligi
2924 2889 3001 2948 dc
3030 2890 3267 2967 patruis
3318 2890 3594 2966 ipsorum
3626 2893 3976 2968 haeredum,

2446 2982 2671 3062 quibus
2699 2981 2808 3041 filii
2835 2981 3041 3041 fratris
3073 2983 3348 3060 proeponi
3381 2983 3696 3062 dicuntur,
3742 2987 3894 3049 licet
3923 2989 3977 3047 in

2448 3076 2669 3137 eodem
2701 3074 2880 3135 tertio
2910 3075 3110 3152 gradu
3141 3075 3262 3136 sint
3296 3096 3308 3137 :
3361 3082 3615 3154 possent
3644 3081 3809 3140 enim
3847 3103 3978 3142 6556

2447 3168 2655 3250 patrui
2705 3168 2924 3230 horum
2955 3168 3300 3247 haeredum,
3352 3174 3651 3233 ettamen
3699 3173 3979 3238 1111611110

2405 3336 2411 3343 ἢ
2447 3264 2647 3343 gradu
2678 3282 2811 3323 6556
2841 3282 2981 3323 611111
3013 3263 3328 3340 defuncte,
3361 3264 3492 3326 siv.
3513 3284 3576 3343 g.
3611 3274 3820 3331 essent
3839 3289 3981 3331 con-

2451 3358 2686 3418 sobrini
2743 3356 3051 3433 defuncti,
3110 3357 3234 3418 nati
3279 3376 3503 3437 nempe
3551 3379 3625 3420 ex
3657 3363 3850 3424 fratre
3880 3386 3983 3445 pa-

2448 3451 2642 3512 rentis.
2689 3450 2971 3529 ejusdem
3009 3450 3309 3527 defuncti,
3363 3457 3554 3532 atque
3575 3456 3734 3517 adeo
3771 3468 3980 3520 essent

2450 3546 2511 3603 in
2545 3543 2722 3603 tertio
2751 3543 2951 3621 gradu
2975 3542 3136 3621 juris
3166 3544 3362 3605 civilis
3391 3566 3534 3606 cum
3565 3549 3888 3629 defuncte,
3923 3560 3980 3616 et

2452 3642 2654 3698 essent
2686 3637 2889 3714 patrui
2920 3638 3189 3696 filiorum
3219 3638 3428 3699 fratris
3446 3640 3731 3719 ejusdem
3763 3646 3979 3707 defun·

2451 3733 2552 3792 cti.
2645 3731 2934 3791 Secundo
3004 3733 3413 3793 confirmatur
3481 3736 3700 3796 cadem
3774 3742 3982 3821 conje-

2451 3829 2645 3899 ctura,
2708 3823 2853 3902 quia
2907 3823 2956 3882 si
3023 3842 3144 3883 11011
3200 3824 3484 3900 legamus
3524 3826 3806 3907 defuncti,
3873 3836 3980 3894 scd

2448 3916 2733 3996 defimetz's
2756 3963 2770 3991 ,
2831 3916 3141 3976 absurdus
3199 3918 3447 3980 videtur
3498 3938 3718 3984 sensus
3775 3925 3932 4005 legis
3963 3948 3976 3989 :

2449 4028 2746 4090 quorsum
2789 4010 2953 4069 enim
2983 4011 3368 4088 comparatio
3416 4013 3667 4076 illorum
3708 4019 3980 4081 filiorum

2449 4122 2591 4164 cum
2622 4104 2746 4164 suis
2776 4102 3011 4181 patruis
3046 4103 3377 4182 defunctis,
3438 4110 3509 4168 ut
3533 4107 3608 4168 iis
3641 4113 3981 4189 praeferan—

2451 4197 2592 4258 tur?
2632 4196 2959 4257 defunctus
2990 4197 3219 4276 quippe
3250 4217 3432 4259 nemo
3463 4217 3836 4267 concurrere
3867 4229 3976 4287 po-

2449 4295 2589 4366 test,
2631 4289 2872 4350 etiamsi
2903 4290 3120 4350 fulsset
3147 4309 3272 4351 non
3303 4292 3504 4352 solum
3532 4300 3818 4377 patruus,
3871 4302 3978 4361 sed

2448 4388 2626 4462 pater
2654 4382 2965 4458 defuncti,
3018 4402 3131 4442 nec
3161 4383 3238 4444 (16
3268 4387 3507 4463 patruis
3533 4388 3846 4454 defunctis
3876 4414 3979 4474 po-

2447 4480 2608 4538 terat
2636 4495 2769 4536 6556
2801 4494 3029 4551 sermo,
3074 4495 3215 4536 cum
3245 4478 3324 4538 de
3352 4480 3719 4556 praelatione
3747 4487 3972 4566 agitur,

2447 4570 2647 4649 magis
2677 4589 2864 4649 quam
2894 4570 2970 4629 (16
3030 4571 3308 4630 nondum
3356 4575 3515 4635 natis
3559 4595 3675 4638 nec
3705 4583 3974 4642 nascitu-

2445 4664 2530 4724 ris
2565 4678 2577 4724 :
2614 4682 2756 4723 cum
2786 4663 3114 4724 defunctus
3143 4664 3204 4723 in
3239 4666 3402 4726 nullo
3433 4686 3582 4729 casu
3612 4671 3816 4734 haeres
3846 4694 3976 4735 6556

2447 4761 2675 4835 posset,
2726 4757 2970 4816 etiamsi
2999 4760 3160 4817 essct
3188 4759 3372 4836 filius,
3427 4763 3662 4824 nedum
3693 4772 3972 4844 patruus.

2448 4853 2666 4911 Sermo
2697 4868 2845 4929 ergo
2878 4868 3002 4910 non
3032 4854 3125 4911 est
3152 4851 3228 4911 de
3248 4855 3482 4929 patruis
3505 4857 3837 4938 defunctis,
3869 4862 3973 4922 sed

2446 4944 2523 5004 de
2554 4943 2792 5022 patruis
2813 4944 3086 5005 defuncti
3105 4944 3481 5024 viventibuS,
3518 4950 3594 5011 de
3617 4953 3845 5031 quibus
3875 4975 3975 5034 po-

2445 5039 2607 5099 terat
2632 5036 2853 5097 mcrito
2884 5037 3178 5114 dubitari,
3212 5058 3292 5100 an
3324 5054 3771 5109 concurrerent
3797 5049 3976 5109 simul

2446 5148 2588 5191 cum
2615 5129 2758 5189 filiis
2800 5130 3008 5191 fratris
3055 5131 3354 5211 defuncti,
3417 5154 3558 5197 cum
3604 5142 3854 5221 utrique
3883 5162 3976 5203 es·

2444 5224 2674 5287 sentin
2711 5224 2934 5283 eodem
2989 5226 3171 5287 tertio
3219 5229 3418 5305 gradu
3465 5250 3608 5292 cum
3655 5234 3968 5298 defuncto.

2445 5319 2521 5379 Et
2549 5318 2626 5377 de
2658 5318 2753 5376 his
2781 5318 2881 5377 lex
2912 5319 3147 5395 statuit,
3183 5322 3352 5398 quod
3381 5322 3488 5383 filii
3521 5326 3727 5389 fratris
3757 5330 3974 5391 defun-

2441 5411 2523 5473 cti
2553 5411 2642 5471 eis
2688 5410 2967 5489 praeferri
3017 5411 3309 5474 debeant.
3374 5418 3550 5478 Ratio
3598 5427 3811 5483 autem
3841 5441 3970 5484 esse

2438 5505 2642 5585 potuit
2668 5506 2849 5566 valde
2893 5506 3114 5566 efficax
3173 5526 3186 5567 :
3245 5510 3395 5586 quia
3442 5511 3503 5571 in
3551 5513 3671 5575 liae
3713 5517 3970 5577 materia

4084 5420 4091 5475 l
