4263 6376
561 5076 678 5136 168

484 5200 663 5251 enimsi
688 5202 740 5244 ,d
803 5163 1109 5242 principio
1143 5181 1322 5224 socer
1364 5183 1487 5224 non
1534 5165 1819 5240 promisit
1860 5165 2191 5240 alimenta,
2244 5168 2355 5226 sed

460 5254 758 5298 hac-limem.
805 5255 1020 5317 dotem
1069 5257 1279 5318 statim
1324 5257 1634 5332 dandam,
1679 5258 1778 5316 vel
1819 5257 2045 5336 pignus
2075 5258 2353 5320 fructife-

459 5319 541 5349 που
565 5321 611 5350 ne
641 5310 756 5351 obli-

459 5361 755 5459 ssvzm
804 5366 946 5408 rum
1003 5349 1305 5428 quamdiu
1364 5368 1487 5409 non
1542 5350 1935 5427 solveretur,
1996 5369 2076 5409 an
2133 5356 2351 5429 postca

483 5467 738 5513 mmm,
802 5441 1033 5504 alendo
1062 5444 1255 5504 filiam
1289 5444 1386 5503 vel
1414 5462 1740 5523 generum,
1779 5443 1975 5523 possit
2003 5443 2211 5504 adhuc
2239 5463 2351 5522 ge-
2448 5444 2708 5524 piuntur
2734 5449 2991 5524 propter
3019 5463 3213 5505 onera
3228 5444 3620 5506 matrimonii
3642 5464 3779 5525 prae
3796 5446 3975 5507 sentia

817 259 936 317 230

799 437 1136 512 utrumque
1166 433 1450 510 promisit
1475 450 1673 507 socer,
1698 433 1953 508 scilicet,
1989 438 2052 492 et
2079 432 2246 491 alere
2266 432 2334 491 fi-

797 524 986 601 liam,
1030 530 1092 587 et
1136 526 1398 586 fortasse
1439 525 1642 603 ipsum
1674 524 1863 586 etiam
1892 543 2196 603 generum
2225 543 2336 603 per

798 621 893 679 tot
915 635 1133 694 annos,
1167 622 1230 678 et
1256 618 1466 679 dotem
1495 617 1706 679 statim
1733 618 1981 678 tradere
2006 665 2021 695 ,
2062 617 2161 677 vel
2203 618 2338 677 fun-

798 807 1000 864 tractu
1024 803 1127 862 illo
1158 802 1375 862 deberi
1395 808 1462 864 ut-
1491 803 1653 864 dotis
1683 821 1848 881 pars,
1882 804 2120 863 scilicet
2140 808 2203 864 et
2228 803 2335 863 ali-

798 899 1014 956 menta
1040 914 1153 973 per
1179 899 1272 956 tot
1300 914 1520 971 annOS,
1557 898 1619 957 et
1650 897 1878 975 pignus
1906 896 2332 966 fructiferum;

801 1006 993 1067 quare
1022 988 1259 1049 fructus
1289 1007 1414 1047 non
1453 988 1841 1066 accipientur
1881 1007 1993 1067 pro
2038 988 2336 1048 dilatione

801 1080 986 1156 dotis,
1005 1080 1114 1140 sed
1137 1099 1211 1139 ex
1242 1080 1651 1158 promissione
1681 1087 1743 1142 et
1766 1085 2086 1141 contractu
2119 1081 2334 1143 dotali.

801 1173 959 1244 Quia
987 1172 1282 1232 nimirum
1297 1172 1571 1251 judicari
1594 1174 1815 1235 merito
1845 1175 2069 1252 potuit,
2099 1174 2340 1234 fructus

801 1265 964 1326 dotis
992 1265 1071 1325 ab
1100 1265 1274 1326 initio
1305 1264 1686 1326 matrimonii
1728 1270 2012 1343 receptos
2056 1284 2343 1326 necessa-

799 1358 926 1419 rios
956 1375 1090 1419 esse
1120 1358 1198 1417 ad
1230 1376 1421 1418 onera
1447 1358 1828 1419 matrimonii
1846 1358 2211 1418 sustinenda
2228 1376 2340 1436 pro

802 1455 1085 1529 tempore
1142 1450 1427 1529 sequenti
1482 1454 1624 1528 post
1677 1451 1975 1511 alimenta
2032 1470 2068 1510 a
2122 1469 2341 1511 socero

803 1541 1035 1619 danda,
1062 1545 1122 1601 et
1149 1541 1289 1601 ideo
1317 1542 1703 1619 assignatum
1732 1543 1849 1603 fuit
1875 1543 2100 1621 pignus
2128 1543 2344 1603 fructi-

803 1635 1030 1710 ferum,
1065 1634 1365 1712 quamdiu
1397 1634 1511 1694 dos
1540 1653 1666 1695 non
1697 1635 1992 1710 solvetur,
2026 1653 2104 1695 ne
2136 1634 2345 1694 detra-

805 1728 1061 1788 heretur
1106 1725 1235 1787 doti
1293 1745 1406 1806 per
1451 1726 1814 1788 dilationem
1872 1727 2195 1787 solutionis
2242 1726 2347 1785 illa

802 1840 950 1901 pars
978 1820 1315 1895 fructuum,
1375 1839 1515 1898 quae
1572 1820 1932 1879 necessaria
1975 1820 2164 1881 etiam
2212 1823 2348 1880 erat

804 1931 1059 1992 genero,
1097 1912 1192 1971 vel
1220 1913 1300 1972 ad
1332 1912 1543 1973 debita
1562 1912 1999 1989 solvenda,vel
2028 1913 2108 1973 ad
2139 1931 2346 1972 emen-

807 2006 890 2066 da
919 2004 1208 2066 utensilia
1229 2051 1244 2080 ,
1293 2011 1355 2067 et
1382 2006 1506 2066 alia
1532 2005 1788 2066 mobilia
1827 2005 2036 2065 domui
2083 2024 2214 2065 suae
2245 2023 2347 2065 ne-

808 2098 1081 2160 cessaria
1111 2098 1188 2157 ad
1219 2102 1416 2158 totam
1445 2099 1660 2173 vitam,
1712 2099 1810 2158 vel
1854 2099 1933 2159 ob
1964 2099 2117 2159 alios
2162 2099 2343 2162 fineS.

810 2193 967 2253 Cum
1023 2209 1171 2268 ergo
1227 2191 1549 2269 potuerint
1619 2190 1832 2251 deberi
1884 2191 2053 2272 juste
2107 2191 2347 2252 fructus

810 2284 1000 2345 etiam
1029 2284 1191 2344 illius
1220 2284 1539 2361 tempori8‚
1575 2287 1636 2344 et
1663 2284 1916 2344 aliunde
1946 2284 2173 2362 pignus
2202 2285 2351 2345 assi-

809 2380 1071 2455 gnatum
1100 2375 1161 2435 in
1200 2381 1524 2438 contractu
1555 2374 1745 2437 dotali
1777 2377 1974 2437 soleat
2001 2377 2351 2437 communi-

809 2474 908 2531 ter
948 2468 1083 2528 dari
1125 2486 1269 2528 cum
1311 2468 1616 2529 fructibus
1656 2469 1721 2528 in
1750 2473 1983 2529 sortem
2023 2488 2149 2529 non
2180 2488 2347 2530 com-

811 2560 1127 2640 putandis,
1161 2579 1286 2621 non
1317 2560 1506 2621 debet
1534 2562 1828 2639 praesumi
1857 2580 2036 2621 socer
2066 2562 2186 2621 alio
2217 2561 2352 2621 ani-

811 2671 916 2713 mo
957 2653 1375 2729 contraxisse,
1427 2653 1544 2713 nisi
1591 2653 1654 2712 id
1703 2653 2088 2731 explicuerit.
2147 2655 2350 2725 Quare

812 2763 937 2806 non
966 2746 1277 2806 immerito
1307 2747 1592 2807 Emman.
1629 2748 1713 2807 Sa
1752 2747 1968 2822 verbo,
2000 2746 2123 2824 doS,
2160 2768 2220 2808 n.
2248 2751 2345 2808 18.

815 2838 1002 2914 dixit,
1054 2856 1236 2917 posse
1284 2857 1321 2897 a
1366 2857 1599 2917 genero
1647 2840 1886 2899 fructus
1917 2840 2193 2918 pignoris
2225 2859 2350 2901 non

817 2931 1166 3010 computari
1194 2930 1257 2989 in
1286 2935 1543 3006 sortem,
1577 2930 1722 2991 licet
1748 2931 2130 2993 matrimonii
2161 2951 2354 2993 onera

817 3043 941 3086 non
968 3023 1304 3095 sustineat;
1340 3023 1506 3101 quod
1536 3022 1702 3082 idem
1723 3024 1931 3084 dicere
1960 3023 2209 3086 videtur
2239 3028 2353 3085 Pa-

814 3117 999 3178 latios
1023 3117 1125 3178 lv.
1157 3114 1226 3175 de
1254 3115 1593 3176 coatrae-tib.
1629 3135 1767 3198 cap.
1820 3135 1876 3179 v.
1913 3122 2055 3179 ante
2084 3119 2354 3198 primam

819 3209 1284 3271 conclusionem
1306 3255 1322 3284 ,
1370 3213 1432 3270 et
1460 3210 1636 3271 Salas
1675 3211 1841 3272 dicto
1870 3231 2042 3275 num.
2080 3217 2175 3274 10.
2210 3213 2355 3274 licet

818 3303 992 3384 prius
1038 3320 1177 3363 cum
1221 3302 1454 3362 Molina
1491 3305 1720 3364 sentire
1768 3305 2085 3381 videatur,
2137 3312 2355 3385 postea

817 3401 1033 3458 tamen
1062 3398 1301 3455 certum
1332 3394 1482 3457 dicit
1510 3415 1644 3456 esse
1673 3416 1816 3457 cum
1845 3398 2162 3474 Mercado,
2196 3399 2248 3458 si
2276 3400 2353 3459 si-

819 3488 950 3547 mul
978 3491 1231 3565 pactum
1268 3486 1487 3563 fuerit,
1537 3493 1605 3548 ut
1638 3493 1818 3566 pater
1857 3495 2027 3551 certo
2070 3496 2353 3570 tempore

818 3580 1012 3640 filiam
1043 3579 1258 3655 aleret,
1284 3584 1346 3641 et
1364 3580 1590 3658 pignus
1617 3582 2004 3642 fructiferum
2034 3583 2216 3645 daret
2242 3585 2355 3644 do-

821 3692 937 3735 nec
983 3673 1252 3734 solveret
1298 3673 1544 3749 dotem,
1601 3674 1839 3735 fructus
1895 3676 2175 3754 pignoris
2230 3695 2353 3738 non

820 3766 1277 3845 computandos
1323 3765 1386 3825 in
1428 3771 1682 3828 sortem.
1745 3769 1922 3839 Quod
1971 3769 2226 3847 quidem
2273 3771 2351 3830 ad

820 3860 1027 3920 minus
1055 3877 1274 3919 verum
1309 3878 1443 3919 esse
1484 3859 1638 3919 mihi
1665 3860 1948 3937 videtur,
2001 3863 2245 3942 quoties
2291 3864 2355 3923 in

821 3952 1043 4013 eodem
1071 3955 1394 4012 contractu
1436 3952 1742 4029 promissa
1780 3953 2032 4016 fuerunt
2060 3955 2356 4017 alimenta

822 4064 935 4125 pro
968 4044 1174 4123 aliquo
1206 4049 1510 4122 tempore,
1543 4049 1605 4105 et
1638 4045 1751 4105 dos
1785 4047 1994 4107 statim
2024 4048 2349 4126 solvenda,

821 4138 920 4198 vel
948 4136 1254 4217 possessio
1297 4155 1409 4214 pro
1438 4138 1699 4217 pignore
1730 4139 1941 4199 danda
1991 4161 2003 4201 :
2058 4142 2205 4220 quia
2251 4162 2357 4221 pa·

822 4236 992 4294 ctum
1029 4229 1180 4290 illud
1213 4229 1502 4302 ostendit,
1537 4249 1661 4290 non
1700 4231 2039 4292 intendisse
2069 4252 2355 4296 socerum

822 4327 1188 4402 computare
1234 4322 1530 4383 alimenta
1575 4342 1688 4401 pro
1718 4324 2022 4385 fructibus
2050 4327 2351 4406 pignoris,

820 4417 872 4478 si
903 4416 1158 4496 quidem
1179 4415 1465 4494 promisit
1491 4416 1674 4477 simul
1706 4417 1915 4478 dotem
1937 4419 2149 4480 statim
2178 4420 2350 4483 dare.

820 4509 886 4571 Si
935 4513 1144 4569 autem
1173 4509 1383 4569 dotem
1425 4509 1633 4570 statim
1681 4510 1989 4586 dedisset,
2039 4512 2360 4576 habuisset

816 4621 1016 4681 gener
1041 4602 1226 4662 simul
1263 4608 1326 4662 et
1354 4602 1590 4663 fructus
1620 4603 1804 4680 dotis,
1840 4609 1902 4665 et
1930 4605 2224 4668 alimenta
2254 4626 2359 4669 eo-

817 4696 965 4756 dem
995 4700 1308 4773 tempore3
1343 4714 1493 4774 ergo
1525 4696 1929 4775 subrogando
1964 4699 2191 4777 pignus
2218 4701 2356 4762 loco

817 4788 1015 4864 dotis,
1068 4806 1191 4848 non
1236 4805 1311 4847 ea
1348 4788 1690 4850 intentione
1721 4790 2097 4870 subrogatur
2141 4797 2211 4854 ut
2248 4795 2360 4853 ali-

816 4887 1030 4943 menta
1072 4880 1421 4959 impediant
1469 4882 1707 4943 fructus
1740 4883 2018 4962 pignoris
2049 4904 2085 4944 a
2119 4905 2355 4964 genero

812 4975 1072 5055 percipi.

891 5069 1093 5148 Major
1133 5069 1464 5130 difficultas
1520 5088 1655 5130 esse
1711 5074 1953 5149 posset,
2017 5073 2271 5150 quando
2319 5093 2359 5135 a

1975 258 2074 316 DE
2116 257 2474 318 JUSTITIA
2520 258 2621 316 ET
2663 258 2693 318 J
2707 258 2863 318 URE

2432 623 2531 677 rat
2558 616 2768 678 dotem
2797 618 3009 679 statim
3038 618 3426 694 solvendam,
3466 619 3567 678 vel
3598 618 3835 694 pignus
3858 615 3977 673 fru-

799 710 952 771 dum
980 728 1093 789 pro
1123 710 1415 788 pignore3
1449 715 1784 789 utrumque
1800 710 2050 771 videtur
2076 730 2152 769 ex
2181 729 2333 771 con·
2433 708 2721 768 etiterum
2750 708 3051 787 quamdiu
3079 709 3192 769 dos
3220 727 3344 769 non
3373 710 3749 783 solveretur,
3781 705 3975 766 adhuc

2427 2096 2660 2172 monii,
2695 2097 2801 2175 qui
2841 2101 2976 2157 erat
3003 2098 3222 2159 titulus
3273 2098 3352 2157 ad
3382 2116 3489 2158 eos
3518 2099 3762 2158 fructus
3790 2097 3981 2175 perci-

2436 451 2548 492 ner
2575 433 2899 511 percipere
2944 433 3222 511 pignoris
3251 433 3490 493 fructus
3532 432 3698 493 ultra
3727 434 3968 491 sortem.

2435 527 2567 597 Quo
2601 525 2790 585 etiam
2812 544 2962 585 casu
2984 529 3155 603 puto,
3191 525 3243 585 si
3274 544 3451 586 socer
3480 525 3654 603 prius
3682 521 3975 602 promise-

2436 801 2597 861 datis
2637 808 2854 880 postea
2905 800 3247 877 alimentiS‚
3295 821 3479 880 posse
3513 819 3824 880 generum
3859 799 3975 858 [ru-

2437 898 2573 953 ctus
2616 893 2940 971 percipere
2991 913 3002 954 :
3062 894 3208 972 quia
3248 913 3391 955 cum
3441 913 3518 953 ex
3562 893 3763 973 priori
3805 895 3976 969 pacto

2436 991 2647 1066 posset
2688 985 2927 1045 fructus
2976 986 3209 1047 habere
3264 1004 3385 1046 non
3431 985 3977 1064 computandosin

2438 1085 2672 1139 sortem
2697 1124 2713 1153 ,
2776 1096 2898 1138 non
2955 1083 3161 1157 potest
3215 1098 3329 1157 per
3384 1079 3685 1139 alimenta
3729 1078 3851 1137 hoc
3883 1076 3978 1156 jus

2441 1173 2760 1245 amittere,
2811 1172 2927 1231 nisi
2972 1189 3153 1231 socer
3194 1173 3417 1232 saltem
3445 1172 3753 1249 implicite
3781 1176 3976 1250 prote·

2440 1269 2658 1340 stetur,
2681 1283 2745 1322 se
2768 1263 3064 1324 alimenta
3094 1264 3245 1324 dare
3275 1265 3412 1325 loco
3430 1265 3753 1325 fluctuum
3774 1264 3978 1342 pigno-

2440 1357 2547 1432 riS‚
2582 1374 2738 1435 quos
2766 1355 3204 1435 percipiendos
3233 1360 3664 1418 concesserat:
3692 1374 3825 1435 qua
3849 1373 3980 1434 pro-

2439 1449 2770 1511 testatione
2799 1450 2983 1523 facta,
3005 1467 3201 1527 gener
3222 1449 3458 1510 videbit
3487 1468 3569 1510 an
3603 1450 3661 1509 ei
3690 1448 3977 1527 expediat

2443 1542 2737 1601 alimenta
2764 1561 2876 1620 pro
2906 1541 3211 1603 fructibus
3240 1543 3359 1602 illis
3390 1544 3680 1621 accipere
3704 1589 3721 1618 ,
3772 1544 3837 1602 et
3862 1541 3979 1601 fru-

2444 1637 2578 1694 ctus
2609 1633 2667 1692 in
2698 1637 2933 1694 sortem
2961 1640 3347 1713 computare.
3380 1635 3677 1714 Alioquin
3711 1652 3842 1694 non
3872 1654 3976 1713 po-

2442 1729 2566 1787 test
2592 1744 2787 1785 unum
2830 1745 2941 1804 pro
2991 1727 3111 1787 alio
3158 1727 3312 1787 solvi
3341 1729 3474 1788 sine
3506 1746 3826 1788 consensu
3855 1745 3978 1786 cre-

2445 1817 2686 1893 ditoriS,
2719 1818 2825 1878 sed
2862 1818 3160 1878 alimenta
3196 1819 3541 1881 liberaliter
3565 1821 3719 1881 data
3752 1837 3979 1897 praesu-

2444 1914 2717 1971 mentur.
2763 1912 2888 1969 Nec
2917 1911 3059 1971 ideo
3099 1930 3295 1989 gener
3324 1931 3446 1973 non
3490 1911 3725 1990 poterit
3753 1912 3981 1972 fructus

2447 2004 2792 2082 percipere,
2812 2002 2959 2082 quia
2980 2004 3114 2082 jam
3142 2024 3269 2064 non
3298 2006 3526 2066 sentiat
3553 2023 3750 2066 onera
3782 2004 3979 2065 matri·

2446 2189 2709 2270 piendos
2741 2208 2755 2248 ε
2790 2208 2935 2249 nam
2974 2190 3212 2267 titulus,
3248 2195 3315 2251 ut
3345 2191 3639 2266 diximuS,
3673 2197 3817 2251 erat
3849 2208 3980 2267 pro-

2446 2282 2657 2342 missio
2687 2281 2750 2341 in
2781 2286 3104 2343 contractu
3134 2283 3348 2360 dotali,
3383 2285 3490 2363 qui
3518 2284 3740 2344 titulus
3786 2282 3981 2341 adhuc

2446 2379 2750 2436 remanet.
2790 2374 2964 2435 Sicut
2991 2376 3043 2434 si
3070 2382 3212 2453 post
3240 2377 3426 2437 talem
3451 2380 3853 2436 contractum
3879 2375 3980 2434 do-

2445 2468 2637 2529 talem
2666 2468 2824 2527 alius
2852 2468 3074 2529 tertius
3115 2467 3459 2529 liberaliter
3506 2468 3700 2529 vellet
3742 2472 3978 2528 utrum-

2450 2579 2570 2640 que
2600 2559 2933 2638 conjugem
2953 2560 3120 2619 alere
3140 2580 3155 2632 ;
3182 2580 3305 2621 non
3329 2560 3468 2621 ideo
3489 2579 3687 2639 gener
3708 2579 3836 2621 non
3857 2578 3981 2638 pos-

2449 2658 2545 2714 set
2569 2653 2808 2713 fructus
2837 2652 3116 2731 pignoris
3146 2654 3486 2731 percipere.
3550 2654 3654 2713 Sic
3680 2653 3835 2713 licet
3860 2654 3978 2730 ipse

2451 2764 2630 2805 socer
2657 2746 2953 2805 alimenta
2981 2750 3197 2825 postea
3226 2746 3568 2806 liberaliter
3595 2747 3726 2821 det,
3762 2745 3979 2825 poterit

2449 2857 2642 2916 gener
2669 2837 2920 2897 eosdem
2950 2837 3186 2899 fructus
3216 2839 3559 2916 percipere,
3595 2838 3747 2917 quia
3778 2839 3977 2899 titulus

2451 2930 2877 3008 promissionis
2917 2931 3330 3009 praecedentis
3373 2949 3496 2991 non
3541 2936 3750 2991 cessat
3787 2949 3898 3009 per
3918 2931 3977 2989 li-

2449 3023 2843 3084 beralitatem
2873 3023 3359 3102 subsequentem
3387 3025 3611 3100 soceri,
3645 3024 3748 3083 vel
3787 3025 3976 3102 cujus-

2450 3118 2544 3177 vis
2564 3116 2816 3177 alterius
2839 3116 3567 3178 alimentaconcedentiS.
3599 3117 3781 3188 Quod
3803 3118 3977 3178 etiam

2449 3211 2697 3271 videtur
2725 3210 3104 3270 concessisse
3136 3211 3334 3286 SalaS,
3373 3211 3611 3286 dicenS,
3645 3212 3695 3270 si
3730 3230 3841 3289 per
3873 3229 3975 3287 ge-

2452 3321 2671 3363 nerum
2703 3321 2827 3363 non
2858 3303 3027 3364 stetit
3047 3350 3062 3379 ‚
3114 3304 3448 3381 quominus
3478 3322 3740 3364 uxorem
3769 3304 3971 3378 aleret,

2451 3415 2633 3476 posse
2664 3396 2900 3457 fructus
2948 3395 3226 3475 pignoris
3256 3397 3610 3475 percipere,
3663 3415 3789 3457 non
3821 3414 3975 3456 com-

2452 3489 2730 3569 putando
2774 3489 2836 3548 in
2866 3493 3098 3549 sortem
3132 3513 3144 3549 ;
3180 3489 3305 3549 imo
3334 3491 3585 3550 videtur
3611 3507 3974 3550 consensum

2453 3584 2641 3644 etiam
2669 3582 2813 3642 filiae
2832 3582 3172 3660 requirere,
3208 3587 3275 3643 ut
3304 3583 3601 3643 alimenta
3628 3602 3742 3662 pro
3772 3583 3975 3643 fructi-

2451 3676 2568 3737 bus
2598 3675 2876 3754 pignoris
2905 3675 3225 3753 promissis
3253 3676 3698 3754 subrogentur.

2533 3769 2735 3829 Infero
2794 3767 3033 3847 quium,
3094 3786 3240 3828 casu
3274 3786 3397 3847 quo
3440 3789 3513 3828 ex
3560 3773 3745 3848 pacto
3795 3768 3973 3830 dotali
4087 3764 4147 3819 υἷ’

2453 3861 2843 3941 praecedente
2874 3861 3099 3939 pignus
3129 3862 3498 3939 assignetur,
3536 3862 3838 3941 quamdiu
3867 3863 3971 3921 dos
4011 3889 4127 3940 Qua..
4146 3886 4179 3924 ετ

2454 3973 2579 4014 non
2634 3954 2930 4029 solvetur,
2988 3972 3168 4032 posse
3213 3972 3518 4032 generum
3563 3955 3804 4016 fructus
3846 3955 3973 4014 illos
4010 3933 4182 4036 “ff

2453 4048 2738 4125 accipere
2769 4065 2893 4107 non
2940 4048 3395 4125 computandos
3438 4048 3499 4108 in
3531 4053 3789 4125 sortem,
3841 4049 3975 4107 licet
4010 4051 4182 4092 mm

2454 4142 2689 4201 fructus
2720 4140 2979 4200 excedat
3005 4140 3242 4200 fructus
3260 4141 3422 4201 dotis
3443 4141 3493 4200 si
3519 4142 3723 4202 soluta
3744 4142 3968 4214 fuisset,

2454 4238 2762 4295 utcontra
2808 4235 3118 4295 Coronam
3165 4233 3394 4295 docent
3422 4235 3733 4311 Salonius,
3769 4235 3975 4295 Rodri-

2453 4347 2633 4407 guez,
2685 4329 2799 4402 Sa,
2834 4328 3029 4404 vega,
3081 4326 3389 4403 Valentia,
3437 4332 3499 4387 et
3544 4330 3773 4407 Lopez,
3832 4345 3972 4406 quos

2457 4424 2655 4498 affert,
2707 4425 2769 4481 et
2812 4420 3095 4498 sequitur
3136 4420 3313 4480 Salas
3359 4420 3524 4481 dicto
3578 4440 3753 4481 num.
3794 4425 3881 4482 ¹0.
3922 4427 3975 4480 et

2454 4516 2611 4577 ratio
2639 4533 2712 4573 ex
2742 4514 2921 4574 dictis
2951 4517 3065 4587 est,
3085 4512 3231 4592 quia
3252 4514 3292 4573 ii
3326 4515 3584 4588 fructuS,
3603 4515 3972 4593 quicumque

2456 4609 2599 4683 sint,
2633 4606 2826 4666 debiti
2878 4612 3024 4667 sunt
3052 4625 3125 4665 ex
3175 4611 3358 4685 pacto
3416 4607 3830 4684 praecedenti‚
3863 4625 3973 4686 quo

2457 4720 2633 4762 socer
2659 4700 2860 4779 potuit
2885 4705 3081 4761 totam
3128 4698 3297 4761 illam
3334 4700 3651 4770 fructuum
3683 4702 3975 4780 quantita·

2454 4798 2582 4855 tem
2612 4793 2673 4852 in
2704 4792 2863 4853 dotis
2893 4797 3133 4870 partem
3163 4793 3550 4871 promittere.

2536 4887 2737 4946 Infero
2784 4887 3022 4957 ultimO,
3083 4885 3249 4944 idem
3280 4904 3414 4946 esse
3442 4885 3804 4961 dicendum,
3844 4885 3976 4945 licet
4083 4882 4145 4937 ¹2¹³

2453 4980 2691 5040 fructus
2740 4979 3017 5058 pignoris
3070 4978 3340 5056 majores
3394 4979 3517 5038 sint
3563 4998 3754 5058 quam
3797 4997 3972 5040 onera
4047 5009 4153 5058 Qut*

2454 5071 2856 5146 matrimonii,
2880 5076 2947 5131 ut
2975 5075 3191 5132 contra
3223 5072 3613 5147 Silvestrum,
3650 5073 3967 5150 Angelum,
4046 5063 4159 5152 Ἓξ

2458 5167 2697 5240 Sotum,
2733 5170 2795 5225 et
2823 5165 2976 5224 alios
3007 5164 3233 5224 docent
3262 5164 3571 5238 SaloniuS,
3607 5169 3668 5224 ct
3699 5167 3803 5240 Sa,
3831 5184 3972 5244 quos
4023 5149 4181 5212 mma-²

2455 5261 2637 5319 affert
2664 5261 2727 5317 et
2753 5257 3035 5336 sequitur
3076 5257 3241 5316 idem
3272 5257 3447 5318 Salas
3479 5258 3645 5318 dicto
3677 5278 3851 5322 num.
3884 5263 3968 5319 10.

2450 5353 2505 5430 ἓ.
2547 5351 2739 5411 Tertio
2788 5348 3042 5426 adverte,
3078 5350 3221 5428 quia
3271 5351 3313 5409 ii
3340 5351 3580 5411 fructus
3627 5370 3753 5412 non
3794 5352 3973 5430 perc-i-
