4263 6376
1251 348 1720 409 DlSPUTATIO
1766 347 2038 424 XXXVI,
2089 345 2362 408 SECTIO
2406 345 2509 407 111.

317 522 585 602 quoniam
619 521 816 602 judex
862 527 957 585 est
999 523 1160 585 inter
1205 523 1440 584 bonum
1490 541 1821 585 commune

318 615 400 676 cui
427 614 917 677 subveniendum
937 663 952 693 ‚
1005 621 1068 678 et
1094 616 1256 678 inter
1282 616 1565 678 subditos
1597 616 1824 696 quibus

315 708 591 769 tributum
620 708 904 788 imponit,
930 708 1119 770 debet
1137 709 1316 789 sequi
1336 708 1823 788 probabiliorem

315 804 531 879 partem
555 846 571 875 ,
628 800 791 861 sicut
838 801 1036 881 judex
1087 803 1151 862 in
1202 803 1510 863 sententia
1540 801 1819 874 ferenda,

315 892 566 972 alioquin
597 912 722 954 non
751 894 1040 970 consulit,
1073 898 1260 974 prout
1289 893 1496 970 debet,
1531 894 1823 974 reipubli-

316 1003 411 1061 cae,
454 985 739 1064 eligendo
784 992 1027 1065 partem
1072 987 1278 1047 minus
1326 987 1714 1066 probabilem
1764 992 1826 1047 et

314 1096 596 1139 securam.
648 1081 770 1140 Nos
801 1083 1013 1142 autem
1047 1098 1210 1141 nunc
1240 1080 1560 1159 loquimur
1589 1099 1710 1138 non
1740 1079 1819 1139 de

315 1190 463 1249 rege,
517 1172 629 1231 sed
671 1172 749 1231 de
789 1172 1055 1234 subditis
1098 1174 1573 1251 acceptantibus
1629 1172 1827 1233 tribu-

313 1268 459 1339 tum,
517 1263 624 1343 qui
680 1264 936 1343 quidem
971 1265 1215 1346 judices
1269 1285 1394 1326 non
1437 1268 1582 1326 sunt
1639 1285 1651 1325 ε
1714 1264 1822 1325 sed

312 1361 498 1417 tamen
556 1361 702 1417 sunt
766 1357 933 1437 quod
1002 1358 1310 1418 oeconomi
1386 1361 1448 1419 et
1504 1361 1824 1418 curatores

311 1448 703 1525 subditorum,
765 1468 1032 1529 quorum
1091 1450 1341 1511 nomine
1393 1450 1693 1511 tributum
1725 1468 1824 1511 ac-

311 1544 540 1619 ceptant
586 1561 600 1602 :
662 1560 785 1621 quo
831 1542 1014 1604 titulo
1063 1561 1186 1603 non
1230 1543 1438 1602 minus
1483 1541 1826 1622 quamlju-

313 1633 460 1693 dices
484 1635 780 1711 amplecti
811 1635 1105 1696 videntur
1146 1635 1377 1695 debere
1408 1640 1651 1714 partem
1681 1654 1820 1714 pro-

308 1725 679 1787 babiliorem.
715 1730 930 1807 Neque
952 1728 1118 1788 enim
1139 1728 1297 1788 bene
1328 1733 1390 1788 et
1418 1728 1684 1789 fideliter
1711 1746 1824 1788 suo

310 1819 536 1878 muneri
581 1818 731 1881 facit
776 1819 926 1881 satis
974 1838 1374 1895 oeconomus,
1427 1820 1531 1899 qui
1573 1837 1716 1879 cum
1762 1820 1825 1879 in

308 1915 583 1991 promptu
612 1911 888 1973 triticum
918 1912 1142 1973 melius
1173 1911 1398 1991 aequali
1427 1912 1625 1992 pretio
1655 1930 1828 1973 com-

309 2021 510 2083 parare
543 2003 797 2065 domino
826 2005 1055 2084 possit,
1115 2010 1442 2082 comparat
1479 2005 1685 2065 minus
1715 2006 1827 2065 bo-

308 2114 468 2171 num;
531 2116 650 2157 nec
693 2097 972 2157 medicus
1023 2098 1130 2176 qui
1181 2117 1256 2156 ex
1295 2097 1529 2175 duplici
1557 2098 1827 2157 medica-

306 2194 498 2251 mento
529 2189 705 2268 eligit
731 2190 938 2249 minus
968 2193 1171 2251 tutum
1195 2235 1211 2267 ,
1262 2189 1477 2250 relicto
1506 2190 1719 2251 tutiori
1749 2209 1828 2250 ω-

307 2302 412 2361 que
437 2283 610 2344 facit.
647 2284 801 2343 Cum
831 2301 978 2361 ergo
993 2282 1071 2341 de
1102 2282 1268 2343 bono
1287 2282 1644 2362 reipublicae
1673 2301 1824 2362 aga-

306 2380 427 2452 tur,
488 2374 672 2451 cujus
715 2375 777 2435 hi
821 2380 1142 2437 curatores
1171 2394 1281 2435 seu
1313 2377 1624 2436 oeconomi
1654 2381 1821 2452 sunt,

305 2472 359 2529 et
380 2467 702 2546 probabile
736 2469 816 2529 sit
844 2468 1057 2529 tributi
1089 2469 1510 2545 commodum,
1543 2470 1652 2529 sed
1683 2488 1828 2548 pro-

301 2560 554 2622 babilius
584 2559 718 2641 ejus
746 2561 1004 2641 gravius
1033 2562 1528 2637 incommodum,
1567 2581 1690 2623 non
1720 2582 1821 2622 sa-

303 2653 605 2715 tisfaciunt
633 2655 878 2714 muneri
907 2673 1019 2715 suo
1042 2701 1060 2727 ,
1113 2654 1164 2714 si
1213 2655 1619 2733 probabiliori
1647 2659 1825 2735 parte

305 2747 503 2808 relicta
529 2793 545 2823 ,
590 2747 986 2825 probabilem
1018 2746 1235 2809 tributi
1257 2747 1564 2828 justitiam
1592 2748 1828 2828 ample-

306 2843 558 2901 etantur.

376 2935 517 2992 Haec
545 2932 816 3011 probant
845 2932 998 2992 mihi
1029 2933 1395 3011 praedictam
1424 2935 1822 3006 sententiam;

306 3042 417 3085 non
444 3029 658 3085 tamen
693 3043 852 3103 nego
882 3025 1261 3087 contrariam
1299 3026 1358 3085 in
1392 3027 1569 3105 praxi
1599 3020 1830 3105 proba-

304 3115 477 3176 bilem
508 3136 667 3195 esse,
702 3136 890 3196 quam
921 3118 1247 3198 loquentes
1277 3118 1354 3178 de
1385 3119 1519 3197 ipso
1548 3119 1827 3199 principe

305 3210 584 3271 videntur
612 3210 891 3272 indicare
919 3212 1090 3272 LesS.
1129 3211 1192 3273 d.
1226 3229 1320 3273 ca.
1357 3214 1632 3273 XXXIII.
1672 3212 1822 3273 dub.

302 3319 379 3363 v1.
410 3321 583 3363 num.
617 3307 717 3365 42.
750 3304 931 3365 Suar.
966 3304 1074 3364 lib.
1101 3305 1174 3365 V.
1211 3302 1280 3364 cle
1307 3303 1523 3383 leqibus
1555 3323 1608 3366 c.
1643 3321 1822 3367 xvm.

304 3414 460 3457 num.
498 3400 595 3458 19.
630 3400 693 3456 et
721 3399 982 3457 Navarr.
1016 3397 1124 3457 lib.
1160 3398 1263 3458 lll.
1297 3395 1368 3457 de
1397 3397 1582 3457 restit.
1614 3416 1751 3475 cap.
1779 3414 1822 3458 1.

303 3507 463 3549 num.
495 3492 635 3551 268.
686 3492 750 3550 et
797 3492 936 3550 296.
999 3489 1095 3549 Ad
1140 3490 1494 3568 exemplum
1537 3490 1702 3549 enim
1750 3490 1826 3550 de

305 3599 621 3643 oeconomo
677 3582 1045 3660 responderi
1107 3587 1356 3661 posset,
1406 3583 1627 3660 {ipsum
1684 3582 1827 3643 ideo

303 3690 552 3751 peccare
590 3673 738 3754 quia
780 3678 991 3753 empto
1019 3674 1262 3736 meliori
1292 3674 1495 3735 tritico
1516 3720 1531 3750 ,
1588 3675 1828 3735 nullum

303 3765 459 3826 aliud
488 3767 839 3846 periculum
871 3766 1039 3828 subit
1083 3786 1100 3827 τ
1149 3771 1214 3827 at
1246 3783 1391 3828 vero
1435 3768 1495 3827 in
1533 3786 1682 3828 casu
1717 3786 1829 3829 no-

303 3863 444 3936 stro,
478 3860 532 3920 si
558 3859 867 3921 tributum
897 3861 1321 3920 necessarium
1348 3865 1501 3935 erat,
1528 3861 1698 3940 quod
1726 3880 1830 3940 pe-

300 3951 557 4012 riculum
578 3951 832 4031 gravius
844 3970 980 4012 esse
1001 3952 1307 4014 sententia
1320 3953 1657 4031 probabilis
1678 3955 1826 4015 alio·

302 4062 432 4103 rum
452 4044 701 4125 judicat
735 4065 747 4105 ε
782 4051 845 4107 et
875 4046 1162 4124 quamvis
1192 4046 1296 4105 alii
1323 4045 1707 4125 probabilius
1725 4066 1827 4107 ne-

301 4142 461 4214 gent,
495 4138 752 4198 subesse
779 4137 932 4197 illud
962 4138 1305 4217 periculum
1325 4139 1420 4198 vel
1450 4139 1704 4216 gravius
1732 4158 1829 4201 es-

299 4247 388 4290 se:
423 4231 528 4290 alii
558 4233 767 4291 tamen
792 4229 1200 4309 probabiliter
1226 4234 1604 4306 asseverant,
1625 4232 1828 4312 cuiju-

297 4321 450 4384 dicio
479 4322 789 4403 probabili
817 4323 878 4383 in
915 4322 1173 4383 ferendo
1213 4340 1324 4383 suo
1354 4323 1652 4403 suffragio
1677 4324 1724 4383 si
1760 4342 1826 4384 se

299 4414 544 4476 decurio
581 4417 950 4490 conformet,
977 4415 1113 4495 jam
1135 4415 1255 4476 hoc
1284 4415 1458 4494 eligit
1496 4421 1564 4477 ut
1590 4416 1827 4477 malum

301 4506 444 4567 illud
471 4508 816 4587 impediat,
874 4507 1043 4586 quod
1091 4508 1414 4587 probabile
1446 4512 1539 4569 est
1568 4528 1827 4588 vergere

302 4599 359 4659 in
387 4602 643 4680 gravius
670 4601 1034 4681 reipublicae
1065 4601 1541 4674 detrimentum;
1575 4601 1635 4662 in
1656 4608 1827 4664 utra-

301 4712 416 4772 que
445 4699 656 4757 autem
702 4693 1011 4756 sententia
1049 4694 1524 4754 concedendum
1555 4694 1821 4773 videtur,

300 4787 545 4865 quando
577 4806 652 4847 ex
681 4786 1015 4865 negatione
1042 4787 1281 4863 tributi,
1308 4787 1477 4860 rixae,
1505 4787 1822 4866 scandala,

299 4879 592 4959 principis
622 4879 1001 4958 indignatio,
1036 4885 1099 4942 et
1129 4881 1355 4941 similia
1383 4881 1682 4942 timentur
1703 4928 1718 4958 ,
1766 4887 1829 4942 et

297 4973 554 5051 exiguus
602 4977 710 5034 aut
773 4972 979 5033 nullus
1033 4974 1164 5033 fere
1206 4973 1484 5050 fructuS,
1539 4974 1686 5054 quia
1733 4975 1827 5034 vel

298 5064 401 5125 alii
446 5065 656 5144 plures
698 5066 1127 5143 consentient,
1187 5066 1286 5126 vel
1337 5066 1618 5128 adhibita
1665 5085 1826 5128 nova

298 5159 771 5238 suffragantium
820 5159 1288 5237 sollicitatione,
1366 5158 1823 5238 impetrabitur,

298 5269 476 5329 posse
520 5251 717 5312 multo
765 5251 966 5330 magis
1016 5254 1497 5331 suffragatorem
1537 5254 1827 5331 amplecti

300 5349 536 5421 partem
560 5344 953 5423 probabilem
1000 5345 1076 5404 de
1117 5344 1361 5424 justitia
1404 5345 1657 5421 tributi,
1686 5346 1829 5405 reli-

299 5440 398 5496 cta
451 5436 858 5515 probabiliori
902 5438 1214 5499 contraria
1263 5455 1276 5498 :
1338 5438 1485 5518 quia
1528 5438 1825 5518 obligatio

300 5528 564 5608 eligendi
595 5535 838 5610 partem
881 5531 1371 5610 probabiliorem
1400 5531 1465 5592 in
1496 5550 1824 5595 oeconomo

3339 345 3453 404 617

1920 527 1985 584 et
2010 525 2412 602 procuratore
2459 538 2584 582 non
2626 521 2951 601 procedit,
3011 519 3268 600 quando
3316 519 3456 581 aliae

1921 615 2405 677 circumstantiae
2447 614 2722 675 reddunt
2773 614 2931 675 adeo
2974 612 3291 674 difficilem
3316 631 3457 692 par-

1920 711 2048 769 tem
2078 708 2268 769 illam.
2305 710 2439 768 Non
2460 708 2626 768 enim
2642 710 2888 769 tenetur
2907 724 3270 768 oeconomus
3286 723 3458 767 com-

1919 820 2144 881 parare
2191 799 2413 860 melius
2454 800 2727 862 triticum
2777 799 3000 860 cariori
3046 798 3281 879 pretio,
3342 816 3457 858 nec

1920 892 2202 955 medicus
2233 892 2383 954 dare
2414 893 2635 954 melius
2662 893 3192 953 medicamentum
3219 937 3234 967 ,
3285 889 3455 970 quod

1922 986 2236 1047 difficilius
2279 990 2394 1047 est.
2473 987 2629 1047 Cum
2676 1003 2826 1064 ergo
2877 985 3200 1064 negotium
3241 981 3454 1043 tributi

1921 1080 2226 1158 majorem
2257 1078 2687 1140 difficultatem
2725 1080 2981 1155 afferat,
3017 1076 3285 1137 sufficiet
3312 1091 3457 1154 pro-

1920 1171 2135 1231 videre
2196 1170 2360 1231 bono
2416 1170 2732 1231 communi
2803 1189 2916 1251 per
2972 1170 3251 1230 medium
3305 1184 3451 1245 pro-

1921 1264 2152 1338 babile,
2188 1263 2371 1342 quale
2395 1262 2717 1343 judicatur
2742 1263 2962 1326 tributi
2986 1260 3327 1324 concessiO.

2002 1355 2181 1417 Unde
2211 1356 2413 1417 obiter
2439 1356 2523 1416 ita
2547 1356 2625 1415 do
2645 1357 2809 1418 facto
2832 1354 3283 1418 consulendum
3312 1370 3451 1413 cen·
3599 1362 3676 1423 35

1922 1448 2015 1509 sui
2047 1467 2195 1509 casu
2226 1466 2348 1527 quo
2378 1449 2667 1529 princeps
2696 1453 2910 1529 aperte
2939 1448 3349 1528 praedixerat,
3400 1442 3452 1504 si
3556 1489 3674 1584 Quffl
3708 1488 3745 1530 ἰ

1922 1541 2225 1603 tributum
2273 1546 2608 1619 negaretur
2657 1543 2824 1622 quod
2856 1542 3146 1620 petebat,
3206 1558 3270 1599 se
3300 1536 3453 1598 illud
3519 1556 3573 1598 ru
3547 1547 3632 1585 ΜΗ
3664 1554 3780 1584 ¹··⁰⁰

1922 1634 2293 1695 auctoritate
2322 1653 2616 1713 suprema
2646 1639 3045 1708 exacturum,
3088 1633 3320 1713 quippe
3349 1628 3457 1709 qui
3502 1598 3650 1706 ‘33⁶3
3638 1556 3801 1690 'imi‘

1922 1725 2161 1788 sciebat
2176 1727 2657 1787 necessitatem
2641 1746 2704 1787 ιιι
2733 1746 2806 1788 eo
2835 1727 3039 1807 gradu
3069 1745 3244 1796 esse,
3277 1727 3347 1785 ut
3375 1721 3456 1782 ad
3525 1715 3572 1746 ‘⁴'
3550 1703 3770 1811 &agndum
3769 1733 3780 1751 ⁹

1924 1820 2043 1880 hoc
2083 1819 2440 1880 faciendum
2480 1819 2585 1898 jus
2632 1820 2688 1879 ei
2719 1819 2919 1882 daret.
2981 1820 3113 1893 Quo
3144 1836 3291 1879 casu
3331 1815 3459 1876 dixi

1922 1912 2279 1973 ministrum
2309 1912 2613 1990 imprimis
2655 1912 2954 1992 principis
2980 1958 2995 1989 ,
3056 1912 3162 1991 qui
3192 1908 3462 1972 manda-

1924 2009 2057 2066 tum
2115 2005 2393 2066 habebat
2446 2005 2640 2083 ipsius
2698 2005 2963 2084 cogendi
3021 2004 3348 2079 subditos,
3408 2001 3459 2062 si

1923 2100 2145 2178 sponte
2175 2116 2298 2158 non
2329 2099 2625 2158 offerrent
2647 2143 2662 2173 ,
2696 2098 2969 2176 potuisse
2999 2098 3164 2158 licite
3196 2095 3462 2156 manda-

1925 2195 2060 2251 tum
2117 2191 2379 2269 exequi;
2447 2191 2594 2269 quia
2641 2193 2888 2268 poterat
2936 2189 3191 2249 credere
3246 2207 3461 2268 regem

1926 2301 2147 2343 causas
2175 2282 2408 2343 habere
2457 2283 2537 2343 ad
2583 2282 2939 2362 cogendum
2965 2329 2980 2359 ‚
3028 2286 3216 2361 prout
3242 2300 3464 2343 revera

1900 2389 2257 2437 'occurrere
2283 2379 2583 2455 possunt,
2633 2375 2747 2435 nisi
2798 2375 3182 2436 contrarium
3228 2374 3284 2435 ei
3314 2393 3460 2435 con-

1926 2473 2138 2530 staret.
2203 2468 2341 2529 Dixi
2385 2468 2533 2529 item
2560 2515 2574 2544 ,
2635 2472 3076 2547 procuratores
3105 2468 3279 2546 regni
3305 2512 3321 2544 ,
3381 2466 3460 2527 ad

1926 2579 2084 2640 quos
2113 2560 2392 2639 acceptio
2422 2560 2638 2621 tributi
2666 2560 3010 2640 spectabat,
3043 2560 3095 2620 si
3123 2559 3464 2639 persuade-

1926 2654 2078 2714 bant
2105 2653 2224 2712 sibi
2254 2652 2600 2732 principem
2650 2654 2812 2713 serio
2860 2657 2923 2714 et
2950 2671 3024 2713 ex
3055 2653 3263 2712 animo
3289 2650 3461 2730 loqui

1927 2753 1989 2807 et
2011 2765 2137 2807 non
2167 2746 2369 2807 solum
2399 2746 2478 2805 ad
2506 2750 2812 2807 terrorem
2838 2767 2852 2819 ;
2900 2746 3244 2825 prudenter
3269 2745 3464 2805 sactu-

1926 2858 2028 2901 ros
2058 2839 2504 2900 consentiendo
2554 2858 2567 2899 :
2616 2839 2735 2899 hoc
2765 2838 2930 2898 enim
2976 2842 3159 2917 pacto
3186 2838 3467 2899 facerent

1928 2932 2096 3013 quod
2127 2932 2607 2993 communitates
2626 2931 2778 3011 ipsae
2802 2950 2957 3011 quas
2986 2933 3458 3009 repraesentant,

1926 3025 2270 3103 prudenter
2313 3025 2607 3085 fecissent
2668 3024 2717 3084 si
2774 3024 3066 3084 adessent
3124 3042 3138 3084 :
3198 3020 3466 3101 impedi—

1930 3123 2069 3178 rent
2098 3118 2330 3197 quippe
2362 3136 2437 3177 ne
2469 3116 2825 3197 exemplum
2875 3117 3336 3196 relinqueretur
3362 3132 3463 3175 co-

1927 3212 2120 3290 gendi
2152 3211 2319 3288 ipsas
2347 3210 2480 3270 sine
2511 3228 2818 3272 consensu
2849 3209 2928 3270 ad
2956 3210 3190 3271 tributa
3220 3209 3465 3269 solven-

1929 3303 2032 3379 da,
2066 3303 2236 3382 quod
2266 3307 2430 3363 esset
2459 3303 2520 3362 in
2550 3302 2894 3364 maximum
2913 3301 3349 3383 praejudicium
3370 3300 3462 3362 sui

1921 3395 2101 3476 juris,
2138 3395 2217 3455 ad
2249 3395 2417 3475 quod
2447 3395 2776 3457 vitandum
2806 3396 3028 3457 melius
3057 3400 3194 3458 erat
3221 3395 3340 3457 hac
3366 3395 3461 3456 vi-

1929 3508 1998 3550 ce
2015 3493 2235 3567 sponte
2255 3489 2607 3549 consentire
2630 3507 2820 3568 quam
2851 3489 3174 3550 immorari
3201 3488 3463 3548 nimium

1927 3583 1989 3642 in
2020 3581 2435 3641 examinanda
2465 3581 2834 3643 necessitate
2867 3586 2927 3643 et
2948 3583 3194 3660 justitia
3220 3581 3459 3658 tributi,

1929 3675 2046 3737 hoc
2075 3678 2286 3735 autem
2306 3675 2502 3735 multo
2523 3674 2725 3753 magis
2744 3675 2951 3735 locum
2975 3676 3465 3753 haberet,quan-

1927 3769 2007 3829 do
2039 3767 2447 3846 probabiliter
2475 3768 2731 3827 credere
2774 3772 3035 3846 possunt
3062 3769 3463 3829 necessitates

1927 3865 1991 3922 et
2017 3860 2319 3941 justitiam
2350 3859 2565 3921 tributi
2598 3861 2763 3939 quod
2786 3861 3037 3939 petitur.

2009 3954 2214 4028 Quaeri
2242 3953 2400 4013 solet
2426 3952 2650 4029 terti0,
2701 3971 2782 4013 an
2811 3953 2889 4013 sit
2907 3952 3321 4033 judicandum
3360 3953 3460 4031 ju·
3607 3981 3685 4040 35

1926 4051 2092 4108 stum
2121 4046 2447 4121 tributum,
2483 4047 2649 4125 quod
2680 4046 3024 4125 imponitur
3062 4045 3209 4106 huic
3235 4062 3454 4123 regne,
3562 4105 3734 4158 Quid

1925 4145 1994 4201 ut
2025 4159 2130 4199 rex
2164 4139 2284 4199 alia
2314 4157 2506 4217 regna
2535 4158 2664 4199 suae
2710 4139 2962 4201 ditionis
3007 4139 3339 4199 defendat?
3380 4137 3458 4198 de
3505 4165 3696 4257 mpetum
3725 4118 3806 4256 :db

1931 4251 2052 4311 quo
2083 4233 2243 4293 bene
2276 4235 2340 4293 P.
2376 4235 2565 4311 Vasq.
2601 4232 2663 4293 d.
2700 4252 2754 4294 c.
2781 4235 2886 4296 VI.
2908 4235 2963 4312 ἓ.
2998 4250 3091 4295 111.
3126 4232 3278 4294 dub.
3312 4249 3355 4293 1.
3391 4252 3452 4293 n.
3526 4268 3578 4311 d
3505 4213 3806 4309 ‘²¹¹⁰sfflffd

1925 4330 1984 4387 7.
2019 4326 2125 4386 ubi
2156 4327 2277 4386 late
2309 4326 2582 4387 ostendit
2608 4327 2841 4388 tributa
2871 4327 3098 4404 etiam,
3148 4346 3288 4407 quae
3314 4326 3461 4388 sub-
3608 4323 3705 4365 ¹¹¹¹·

1927 4418 2071 4480 ditis
2099 4418 2179 4477 ad
2208 4437 2484 4497 praesens
2525 4419 2727 4479 solum
2756 4419 3056 4481 interesse
3085 4418 3462 4481 attendenti-

1925 4512 2063 4588 buS,
2097 4510 2466 4589 gravissima
2493 4511 2806 4588 videntur,
2841 4512 2889 4573 si
2919 4516 3077 4573 bene
3108 4513 3463 4573 examinen-

1925 4608 2048 4681 tur,
2076 4605 2250 4683 justa
2279 4604 2649 4684 plerumque
2679 4623 2812 4665 esse.
2832 4652 2847 4682 ,
2907 4609 2971 4666 et
3018 4606 3169 4685 ipsis
3197 4605 3462 4666 subditis

1925 4697 2311 4773 necessaria,
2345 4697 2451 4776 qui
2487 4715 2562 4756 ea
2589 4698 2916 4759 occasione
2945 4717 3101 4778 pace
3127 4699 3373 4760 interna
3403 4702 3466 4760 et

1926 4789 2271 4850 domestica
2298 4789 2612 4866 fruuntur,
2646 4808 2834 4868 quam
2864 4808 2989 4852 non
3020 4791 3327 4852 haberent
3348 4838 3364 4868 ,
3409 4791 3462 4852 si

1926 4881 2267 4943 adversarii
2298 4900 2510 4960 regem
2545 4881 2911 4942 debiliorem
2931 4883 3340 4960 inveniente3‚
3363 4902 3464 4943 re-

1925 4974 2087 5035 lictis
2138 4973 2273 5033 aliis
2310 4974 2559 5052 regnis,
2628 4975 2862 5035 bellum
2904 4979 3337 5037 converterent
3381 4976 3463 5037 ad

1927 5067 2047 5126 hoc
2075 5067 2281 5145 ipsum
2309 5084 2611 5144 regnum,
2672 5068 2840 5147 quod
2886 5087 3052 5128 nunc
3099 5068 3370 5148 quietem
3401 5073 3464 5130 et

1926 5179 2153 5241 pacem
2185 5159 2400 5219 habet.
2460 5159 2766 5221 Videatur
2801 5160 2975 5221 locus
3006 5160 3105 5220 ille
3132 5164 3323 5238 totuS,
3359 5162 3465 5241 qui

1926 5253 2192 5315 multum
2240 5251 2519 5313 conferet
2565 5253 2644 5312 ad
2691 5254 3008 5331 pacandas
3050 5253 3462 5316 conscientias

1927 5365 2145 5407 eorum
2174 5345 2281 5426 qui
2327 5346 2772 5423 consuluntur,
2827 5350 2889 5407 et
2938 5348 3016 5407 ad
3059 5347 3460 5408 formandum

1919 5438 2225 5519 judicium
2255 5438 2828 5517 probabilissimum
2878 5441 2956 5500 de
2990 5439 3233 5520 justitia
3261 5441 3461 5502 tribu-

1924 5535 2133 5594 torum
2162 5550 2303 5614 quae
2334 5531 2687 5611 exiguntur.
2720 5533 2814 5594 Ad
2850 5533 3019 5616 quod
3049 5534 3238 5597 etiam
3269 5535 3461 5601 refer-
