4263 6376
16 4367 102 4423 ¹43

1191 385 1659 447 mSPUTA'1·10
1701 385 1918 459 XXIV,
1968 385 2241 445 SECTIO
2285 384 2443 444 vlu.

233 561 402 618 uetur
443 557 529 618 ad
577 559 1071 637 restitutionem,
1132 561 1236 641 qui
1293 560 1530 622 fraudis
1573 579 1765 622 causa

229 649 335 709 tuit
388 670 403 708 ε
461 668 667 730 quare
696 671 841 713 cum
895 654 1150 714 aliunde
1200 654 1398 715 haeres
1446 655 1764 716 institutus

228 741 411 820 possit
439 762 516 802 ex
545 743 690 821 lege
717 744 955 805 habere
977 747 1101 807 alia
1119 746 1306 822 bona,
1343 765 1465 806 non
1491 751 1586 807 est
1614 746 1765 808 obli-

226 834 463 912 gandus
490 841 758 915 propter
785 838 1068 899 debitum
1093 840 1362 899 alienum
1385 839 1464 899 ad
1486 839 1762 918 aliquam

227 928 705 1005 restitutionem,
749 930 859 990 sed
883 932 984 991 ille
1005 932 1183 1004 alius,
1218 933 1324 1011 qui
1347 931 1629 991 fraudem
1659 949 1766 1010 po-

228 1019 363 1094 suit,
395 1021 716 1082 tenebitur
769 1023 848 1082 ad
898 1024 1353 1085 restituendum
1399 1043 1475 1084 ex
1497 1025 1626 1085 suis
1654 1023 1761 1083 bo-

230 1113 337 1173 uiS.
395 1115 530 1173 Imo
560 1133 768 1193 neque
819 1115 922 1175 hic
950 1121 1289 1193 teneretur,
1325 1116 1579 1195 quaudo
1626 1117 1760 1176 sine

230 1205 423 1283 culpa,
485 1211 552 1266 et
580 1224 657 1265 ex
688 1206 1044 1284 ignorantia
1099 1208 1330 1287 decipit
1369 1213 1756 1277 testatorem

227 1315 362 1358 cum
391 1298 532 1358 haec
580 1299 884 1376 obligatio
919 1300 1158 1361 oriatur
1214 1320 1287 1361 ex
1345 1302 1476 1360 sola
1506 1300 1759 1360 laesione

224 1390 468 1470 injusta,
503 1410 652 1469 quae
679 1392 979 1452 delictum
1005 1392 1320 1472 supponit.
1382 1393 1580 1454 Aliter
1609 1410 1759 1471 ergo

223 1483 558 1544 dicendum
586 1489 703 1556 est,
750 1484 814 1545 id
847 1489 1044 1545 totum
1076 1485 1406 1564 provenire
1435 1504 1511 1546 ex
1539 1485 1762 1545 volun·-

221 1580 342 1637 tate
395 1577 744 1652 testatoris,
805 1577 912 1657 qui
971 1579 1225 1657 quando
1281 1579 1647 1657 ignoranter
1675 1577 1754 1638 ita

223 1668 552 1747 disposuit,
588 1669 995 1748 praesumitur
1024 1670 1232 1746 malle,
1265 1671 1429 1750 quod
1451 1671 1618 1732 bona
1646 1688 1760 1731 sua

219 1761 472 1821 veniant
522 1762 603 1820 ad
665 1761 982 1822 haeredem
1040 1762 1392 1825 institutum
1439 1781 1629 1843 quam
1677 1762 1757 1822 ad

221 1853 385 1913 alios.
448 1854 516 1915 Si
546 1872 699 1914 vero
739 1853 978 1915 sciebat
1023 1873 1088 1914 se
1133 1855 1364 1916 babere
1415 1855 1536 1915 alia
1565 1855 1752 1933 bona,

221 1948 508 2027 aquibus
549 1947 752 2007 voluit
788 1947 1118 2008 excludere
1169 1948 1481 2008 haeredem
1511 1948 1757 2009 iustitu-

218 2044 363 2116 tum,
421 2045 579 2101 tunc
635 2040 768 2100 sive
824 2058 938 2119 per
984 2041 1292 2117 fraudem,
1352 2041 1483 2102 sive
1516 2040 1753 2121 absque

218 2132 426 2193 fraude
456 2132 523 2191 id
551 2132 793 2207 fecerit,
853 2133 1125 2194 voluisse
1167 2134 1567 2213 proesumitur
1593 2151 1754 2212 prae—

217 2226 365 2285 ferre
393 2224 722 2284 haeredem
741 2224 823 2284 ab
846 2225 1157 2301 intestatO,
1183 2226 1400 2286 nolens
1421 2225 1752 2303 disponere

219 2318 290 2377 de
316 2317 454 2378 aliis
482 2317 693 2392 bonis,
741 2322 803 2378 et
831 2318 978 2396 quia
1007 2322 1447 2379 testamentum
1474 2317 1751 2378 validum

219 2429 332 2471 uon
360 2410 534 2486 fecit,
584 2409 999 2470 sustinebitur
1045 2408 1178 2488 ejus
1215 2411 1503 2471 voluntas
1542 2409 1750 2488 quoad

218 2502 531 2564 haeredem
558 2502 916 2563 institutum
945 2520 1060 2581 per
1078 2502 1335 2562 modum
1365 2502 1654 2576 codicilli,
1689 2504 1752 2562 et

215 2594 705 2669 fideicommissi,
752 2599 821 2655 ut
850 2594 1085 2655 dictum
1133 2598 1246 2668 est,
1299 2599 1485 2674 atque
1516 2595 1600 2654 ita
1631 2593 1750 2654 hoc

212 2689 393 2750 etiam
420 2688 488 2746 in
519 2688 922 2748 couscientia}
945 2688 1077 2747 foro
1099 2687 1557 2748 observandum
1587 2705 1742 2747 esse.

214 2782 365 2855 Alia,
398 2799 547 2861 quae
575 2780 658 2839 ad
680 2781 787 2859 jus
815 2780 1210 2840 accrescendi
1241 2780 1572 2858 pertinent,
1622 2779 1748 2840 late

213 2879 434 2935 tractat
463 2876 661 2952 Vasq.
713 2871 878 2933 dicto
907 2875 963 2952 g.
999 2890 1086 2934 iv.
1140 2893 1213 2933 ex
1245 2877 1387 2934 Ant.
1425 2875 1601 2934 Gom.
1635 2891 1750 2952 per

211 2966 386 3046 plura
406 2965 633 3039 dubia,
657 2984 797 3044 quae
819 2966 985 3045 apud
1004 2966 1207 3044 ipsum
1228 2966 1426 3026 videri
1446 2972 1742 3044 possunt:

211 3059 528 3138 pertinent
582 3059 751 3118 enim
797 3058 876 3118 ad
915 3058 1193 3138 juristae,
1254 3062 1316 3119 et
1353 3077 1495 3119 raro
1525 3059 1603 3118 de
1629 3059 1747 3120 illis

213 3152 701 3215 controvertitur
727 3151 788 3212 iu
819 3169 993 3212 mero
1023 3151 1154 3213 foro
1184 3151 1600 3220 conscientiae.
1636 3152 1747 3213 sed

212 3246 510 3307 standum
557 3247 654 3305 est
695 3245 963 3324 legibus,
1023 3264 1162 3325 quoe
1218 3264 1434 3307 omnes
1480 3246 1543 3305 in
1587 3265 1748 3326 prae-

214 3342 462 3417 sumpta
519 3339 834 3400 testatoris
887 3338 1207 3401 voluntate
1260 3338 1621 3416 fundantur,
1682 3345 1750 3402 ut

211 3433 504 3493 diximus-

916 3822 972 3900 ς.
1010 3824 1065 3882 ι.

657 4083 747 4145 De
771 4083 1288 4148 substitutionibus.

293 4353 515 4412 flaeres
559 4369 636 4410 ex
675 4355 1047 4413 testamento
1093 4351 1428 4430 aliquando
1470 4371 1583 4431 per
1609 4354 1753 4416 sub-

143 4494 152 4500 .
215 4444 607 4505 stitutionem
633 4444 705 4505 fit
734 4463 749 4503 ε
800 4448 896 4504 est
920 4449 1129 4505 autem
1159 4444 1515 4506 substitutio
1545 4447 1755 4508 multi-

214 4538 381 4616 plex.
431 4538 555 4597 Sex
585 4537 1004 4597 communiter
1029 4537 1267 4616 species
1305 4537 1704 4616 assignantur
1735 4559 1748 4600 :

213 4629 534 4708 VulgariS,
600 4630 942 4707 pupillariS,
995 4630 1389 4708 exemplariS,
1440 4631 1755 4692 fideicom-

214 4722 528 4797 missaria,
591 4723 1067 4802 compendiosa,
1126 4742 1233 4783 seu
1292 4723 1633 4802 reciproca,
1695 4729 1757 4785 et

209 4815 608 4893 breviloqua.
641 4816 749 4875 His
775 4815 1006 4876 Melina
1037 4816 1454 4894 disputatione
1487 4832 1749 4877 cixxxn.

209 4924 351 4966 cum
379 4910 640 4983 Acesta,
676 4911 740 4967 et
763 4906 901 4967 aliis
927 4906 1107 4967 addit
1133 4908 1486 4985 septimam,
1520 4908 1758 4970 scilicet

210 5001 573 5075 militarem,
606 4999 684 5058 de
716 5000 942 5077 quibus
969 4999 1246 5060 breviter
1263 4999 1597 5062 dicendum
1620 5006 1751 5063 est:

211 5091 507 5172 Vulgaris
535 5092 898 5154 substitutio
929 5097 1042 5167 est,
1091 5112 1214 5171 qua
1245 5094 1304 5153 in
1336 5094 1540 5154 locum
1571 5093 1758 5154 unius

211 5185 617 5247 substituitur
646 5184 885 5245 directe
942 5185 1120 5261 alius,
1180 5186 1279 5246 vel
1311 5185 1437 5262 alii,
1496 5204 1559 5247 v.
1592 5206 1652 5264 g.
1706 5186 1757 5246 si

215 5280 440 5340 Petrus
470 5278 674 5337 baeres
704 5296 828 5338 nou
859 5277 961 5354 sit,
1010 5278 1089 5338 sit
1120 5278 1370 5354 Paulus,
1402 5279 1503 5339 vel
1533 5278 1760 5339 substi-

213 5375 320 5432 tuo
348 5371 410 5430 ei
441 5370 728 5446 Paulum,
773 5369 874 5429 vel
903 5369 1088 5431 etiam
1120 5388 1245 5430 non
1275 5371 1579 5450 explicata
1609 5391 1761 5432 con-

215 5463 453 5525 ditione
483 5462 778 5539 dicend0‚
828 5463 1084 5525 instituo
1120 5466 1392 5539 Petrum,
1439 5468 1502 5524 et
1527 5464 1756 5525 substi-

217 5560 326 5619 tuo
346 5558 406 5619 ei
433 5557 718 5634 Paulum,
744 5556 844 5617 vel
864 5556 1054 5618 e‘iam
1075 5557 1383 5637 explicata
1404 5557 1759 5620 conditione

3286 381 3394 441 ¹01

1862 561 2070 623 verbis
2100 560 2588 641 specialissimis,
2648 560 2902 622 instituo
2935 561 3207 634 Petrum,
3259 562 3321 620 et
3348 557 3401 618 si

1863 653 1996 733 ipae
2027 672 2150 715 non
2183 653 2398 732 possit,
2458 653 2556 713 vel
2605 653 2912 714 moriatur
2949 657 3094 713 ante
3118 670 3241 727 me,
3299 650 3400 711 vel

1862 747 2035 821 nolit,
2071 744 2379 807 substituo
2410 746 2696 806 Paulum.

1943 839 2214 899 Adverte
2245 838 2467 918 primo,
2502 839 2551 898 si
2583 842 2840 899 testator
2868 838 3068 898 solum
3099 836 3272 909 dixit,
3307 836 3398 895 in·
3548 852 3662 911 144

1861 931 2047 991 stituo
2083 933 2354 1007 Petrum,
2407 936 2468 991 et
2496 931 2542 990 si
2577 931 2707 1009 ipse
2752 932 3039 1007 noluerit,
3091 929 3395 991 substituo
3490 975 3552 1018 Ex
3582 975 3610 1018 1·
3614 980 3706 1018 caio

1861 1023 1915 1083 ei
1955 1023 2236 1099 Paulum,
2296 1024 2505 1083 locum
2553 1043 2687 1084 esse
2733 1024 3090 1098 substitutO,
3152 1021 3396 1083 etiamsi
3445 1040 3528 1124 :¹1²0
3530 1030 3742 1124 mum't'ssdi'

1865 1118 2081 1177 Petrus
2103 1134 2227 1176 non
2244 1134 2315 1175 ex
2339 1116 2583 1178 defectu
2610 1135 2703 1176 vo
2693 1116 2964 1192 'untatiS,
2999 1115 3106 1176 sed
3131 1119 3397 1194 potesta·
3480 1139 3522 1176 ιο
3498 1135 3622 1188 alligo
3624 1095 3748 1178 iim?

1859 1209 1939 1270 tis
1976 1209 2176 1269 baeres
2220 1226 2342 1269 non
2389 1209 2597 1282 fuerit,
2660 1215 2729 1270 ut
2785 1209 2933 1288 quia
2980 1214 3263 1269 mortuus
3303 1209 3397 1267 est
3587 1202 3640 1231 ⁸⁸·

1861 1305 2005 1361 ante
2036 1304 2420 1374 testatorem,
2480 1301 2578 1360 iel
2627 1301 2774 1378 quia
2820 1318 3016 1379 capax
3063 1317 3187 1359 non
3234 1302 3389 1359 erat.

1860 1396 1938 1454 Et
1964 1411 1996 1452 e
2027 1395 2266 1468 contra,
2299 1392 2348 1452 si
2381 1392 2535 1453 dixit
2553 1393 2776 1469 solum,
2811 1394 2860 1452 si
2883 1395 3102 1454 Petrus
3132 1409 3255 1451 non
3286 1408 3394 1469 po-

1858 1485 2068 1560 tuerit,
2102 1485 2411 1546 substituo
2441 1485 2704 1545 Paulum
2740 1506 2752 1546 :
2787 1485 2973 1546 datur
3001 1483 3187 1544 etiam
3219 1483 3392 1543 locus

1858 1577 2215 1653 substitute,
2263 1577 2410 1638 licet
2444 1579 2664 1638 Petrus
2693 1575 2986 1656 potuerit,
3037 1575 3147 1635 sed
3177 1574 3390 1634 uolue-

1856 1670 1940 1732 rit
1970 1684 1985 1730 :
2034 1668 2183 1749 quia
2212 1668 2515 1748 explicato
2547 1686 2670 1729 uno
2701 1668 2903 1747 capite
2934 1685 3246 1746 expresse,
3295 1666 3391 1726 in-

1855 1761 2226 1840 telliguntur
2284 1762 2471 1822 tacite
2536 1761 2657 1820 alia
2713 1761 2918 1839 capita
2982 1758 3384 1837 subintelligi,

1848 1853 2027 1934 juxta
2055 1853 2260 1932 legem
2286 1851 2508 1929 Gallus,
2544 1855 2605 1912 ff.
2640 1851 2709 1912 de
2725 1852 2939 1929 libert-1,
2965 1861 3020 1913 et
3037 1851 3382 1934 posthumis.

1854 1946 2035 2009 Unde
2064 1946 2304 2006 etiamsi
2335 1946 2534 2006 solum
2580 1946 2857 2021 dixisset,
2915 1945 2963 2006 si
2998 1948 3215 2006 Petrus
3244 1949 3386 2005 ante

1852 2057 1956 2100 me
1983 2039 2308 2114 moriatur,
2343 2038 2648 2098 substituo
2679 2038 2964 2114 Paulum,
3014 2036 3270 2098 babebit
3295 2036 3388 2095 lo-

1854 2149 1996 2191 cum
2027 2131 2406 2204 substitutiO,
2461 2130 2702 2190 etiamsi
2734 2132 2949 2191 Petrus
2979 2128 3385 2208 supervivens

1851 2223 2007 2284 nolit
2034 2240 2170 2282 esse
2219 2222 2439 2296 haeres,
2490 2221 2567 2281 de
2618 2222 2843 2302 quibus
2870 2222 3100 2283 Melina
3148 2222 3378 2300 disput.

1851 2316 2220 2376 CLXXXIII.
2254 2315 2308 2393 §-
2346 2331 2386 2374 1.
2446 2316 2576 2375 Hoc
2605 2319 2818 2375 tamen
2848 2318 3047 2374 totum
3077 2314 3378 2392 intellig-0,

1850 2407 1901 2468 si
1931 2407 2181 2466 aliunde
2210 2406 2288 2466 dc
2319 2407 2631 2468 contraria
2676 2412 2883 2468 mente
2913 2407 3226 2469 testatoris
3256 2424 3380 2466 non

1848 2503 2113 2574 constat,
2167 2499 2265 2559 cui
2295 2499 2498 2577 primo
2528 2499 2664 2560 loco
2695 2499 2987 2560 standum
3018 2502 3133 2572 est,
3191 2516 3381 2576 argu-

1847 2597 2058 2652 mento
2086 2591 2264 2668 legis,
2314 2591 2451 2651 Jam
2480 2590 2587 2651 hoc
2616 2591 2782 2671 jure,
2833 2591 2900 2654 ff.
2932 2590 3001 2651 de
3026 2588 3281 2668 vulqari,
3324 2598 3380 2649 et

1840 2683 2136 2765 pupillari
2154 2682 2574 2759 substitutione,
2610 2684 2735 2744 etl.
2767 2682 3060 2759 Quamvis,
3092 2684 3158 2743 C.
3185 2681 3255 2742 de
3274 2681 3379 2741 im-

1836 2777 2123 2858 puberum
2153 2784 2207 2837 et
2231 2776 2364 2836 aliis
2389 2775 2616 2838 substit.

1926 2870 2198 2931 Adverte
2228 2868 2501 2929 secundo
2526 2916 2542 2944 ,
2590 2868 2639 2929 si
2671 2873 2931 2931 testator
2958 2868 3223 2931 instituit
3247 2867 3376 2947 pri-
3527 2877 3638 2938 145

1845 2981 1949 3023 mo
1977 2964 2113 3023 loco
2148 2965 2419 3038 Petrum,
2453 2964 2516 3023 et
2545 2962 2826 3038 Paulum,
2860 2965 2922 3022 et
2947 2962 3035 3021 eis
3063 2960 3380 3023 substituit
3421 2998 3589 3054 Quando
3613 3014 3722 3047 nm

1845 3056 2187 3134 vulgaritei
2213 3056 2544 3130 Joannem,
2580 3054 2841 3115 dubium
2871 3073 3039 3132 esse,
3072 3073 3153 3115 an
3182 3054 3233 3114 si
3262 3057 3378 3114 Pe·
3442 3056 3704 3162 aubgmwim

1844 3152 1976 3211 trus
2031 3166 2155 3209 non
2212 3166 2355 3208 sucr·
2327 3148 2542 3224 c,edat
2623 3146 2757 3228 ejus
2806 3148 3008 3227 portio
3064 3151 3381 3210 accrescat
3424 3121 3722 3226 ςμῖῧιιοῢᾱῗό-

1845 3242 2060 3316 Paulo,
2094 3241 2192 3301 vel
2220 3245 2497 3302 transeat
2538 3240 2617 3300 ad
2646 3243 2994 3319 Joannem,
3045 3242 3211 3321 quod
3242 3242 3379 3321 qui-
3425 3216 3718 3261 ‘imum‘

1846 3334 1991 3394 dem
2038 3351 2111 3393 ex
2160 3332 2366 3393 verbis
2412 3332 2728 3393 testatoris
2772 3333 3193 3412 colligendum
3241 3335 3379 3396 est?
3498 3336 3503 3343 '

1849 3426 1914 3488 Si
1946 3425 2113 3485 enim
2144 3424 2337 3486 dixit:
2375 3424 2427 3484 si
2457 3429 2678 3486 neuter
2722 3424 2911 3486 fuerit
2953 3443 3130 3485 meus
3151 3425 3373 3502 haereS,

1845 3519 2155 3579 substituo
2185 3519 2491 3579 Joannem
2518 3563 2534 3594 ,
2589 3535 2714 3577 non
2758 3521 2853 3579 est
2898 3517 3160 3578 dubium
3208 3517 3376 3599 quod

1845 3611 2052 3691 portio
2083 3610 2257 3690 prius
2301 3614 2619 3671 accrescat
2669 3610 2896 3687 Paulo,
2949 3610 3240 3692 idemque
3284 3611 3381 3672 di-

1846 3708 1998 3765 cunt
2026 3702 2336 3777 doctores,
2372 3702 2623 3782 quando
2675 3702 2863 3774 dixit;
2898 3702 2945 3761 si
2978 3702 3065 3764 illi
3096 3703 3379 3764 haeredes

1846 3814 1972 3858 non
2002 3795 2253 3872 fuerint,
2286 3794 2591 3855 substituo
2611 3796 2940 3871 Joannem,
2961 3796 3107 3874 quia
3137 3795 3378 3856 etiamsi

1845 3908 1969 3951 non
2001 3890 2086 3950 ita
2118 3889 2307 3965 clare,
2342 3886 2666 3966 utriusque
2696 3892 2908 3948 tamen
2941 3886 3255 3949 defectum
3286 3888 3380 3947 vi-

1848 3984 2033 4045 detur
2082 3981 2331 4059 exigere
2379 3994 2395 4041 t
2447 3979 2495 4040 si
2545 3984 2756 4041 tamen
2806 3980 3174 4041 substitutus
3220 3984 3385 4041 esset

1848 4094 2037 4138 causa
2067 4074 2191 4154 pia,
2226 4073 2457 4134 Buldus
2487 4078 2551 4134 et
2578 4073 2681 4132 alii
2712 4071 2960 4146 dicunt,
3005 4074 3138 4153 ejus
3167 4074 3381 4136 favore

1848 4167 2308 4249 proefercndam
2338 4184 2495 4242 esse,
2531 4165 2700 4245 quod
2720 4165 3043 4245 probabile
3065 4170 3243 4244 putat
3255 4167 3382 4228 Mo-

1848 4263 1977 4322 lina
2007 4260 2113 4321 ubi
2144 4277 2368 4339 supra,
2410 4260 2464 4338 ἓ.
2501 4257 2762 4323 Dubium
2791 4267 2893 4321 est.
2929 4259 2993 4322 Si
3024 4278 3173 4321 vero
3205 4259 3379 4337 dixit,

1851 4355 1899 4415 si
1931 4354 2028 4415 vel
2059 4355 2278 4414 Petrus
2305 4353 2404 4412 vel
2437 4352 2664 4413 Paulus
2694 4352 2896 4413 haeres
2926 4371 3049 4414 non
3079 4352 3192 4429 sit,
3235 4353 3389 4413 sub-

1853 4448 2038 4509 stituo
2089 4448 2440 4519 Joannem,
2499 4446 2598 4504 vel
2644 4444 2794 4525 quid
2840 4445 3063 4522 simile,
3109 4448 3385 4507 ,Ioannes

1853 4539 2279 4619 praeferendus
2311 4538 2429 4598 erit
2455 4537 2670 4599 Paule.

1937 4630 2262 4710 Pupillaris
2310 4631 2664 4691 substitutio
2696 4636 2828 4707 est,
2883 4650 3007 4711 qua
3037 4635 3216 4710 pater
3241 4632 3383 4693 filiis
3534 4638 3648 4697 146

1853 4725 1916 4784 in
1971 4741 2084 4783 sua
2137 4727 2442 4801 potestate
2500 4723 2850 4784 constitutis
2909 4724 3227 4785 substituit
3276 4727 3610 4806 Pe-1‚e

1853 4820 2061 4891 trum,
2096 4816 2148 4875 si
2178 4816 2339 4876 silius
2372 4819 2515 4876 ante
2562 4817 2956 4895 pubertatem
3004 4817 3383 4892 decesserit·
3435 4815 3688 4927 mgglfflg
3673 4828 3725 4861 ¹¹⁸

1857 4909 2003 4990 quia
2034 4927 2175 4969 cum
2210 4927 2283 4968 ea
2316 4912 2497 4969 aetate
2528 4908 2741 4969 testari
2773 4928 2898 4970 non
2940 4911 3174 4988 possit,
3209 4915 3388 4990 pater

1855 5020 1968 5078 pro
2000 5020 2072 5062 eo
2120 5005 2384 5062 testatur
2410 5001 2472 5060 »i
2513 5001 2729 5079 patrite
2780 5002 3149 5079 potestatis:
3194 5021 3390 5082 quare

1856 5094 1942 5155 ibi
1975 5094 2204 5173 duplex
2249 5101 2344 5156 est
2389 5098 2830 5155 testamentum
2857 5141 2872 5170 ,
2925 5113 3118 5154 unum
3166 5095 3386 5174 patris,

1856 5187 1965 5249 filii
2011 5188 2302 5249 alterum.
2363 5189 2455 5249 Ex
2509 5187 2627 5248 hac
2683 5193 2894 5248 autem
2950 5187 3393 5251 substitutione

1855 5279 2227 5341 substitutus
2255 5279 2536 5341 succedit
2563 5279 2797 5358 pupillo
2831 5297 2954 5340 nou
2976 5279 3176 5341 solum
3197 5280 3260 5341 in
3282 5280 3393 5342 bo-

1858 5373 1976 5448 niS,
2012 5390 2152 5452 quae
2183 5391 2219 5432 a
2250 5377 2427 5451 patre
2476 5372 2822 5449 habuerat,
2877 5371 2991 5433 sed
3041 5376 3102 5433 et
3148 5373 3211 5433 in
3261 5373 3398 5434 aliis

1859 5465 2150 5526 omnibus
2176 5512 2190 5539 ,
2226 5484 2364 5546 quae
2397 5465 2608 5527 omnia
2637 5470 2925 5528 constant
2962 5485 3035 5525 ex
3066 5465 3160 5527 tit.
3194 5466 3394 5529 Instit.

1859 5557 1930 5618 de
1945 5557 2246 5642 pupillari
2288 5558 2709 5622 substitutione.
2761 5559 3122 5642 Requiritur
3163 5563 3397 5638 autem,
