4263 6376
632 1283 745 1344 155

531 1409 829 1505 rimati..

874 356 991 417 10⁴

876 545 1099 590 cavere
1153 529 1374 609 solent,
1431 532 1744 611 addendO,
1802 538 1872 597 ut
1906 538 2052 596 ante
2107 534 2404 596 delictum

878 621 1286 684 commissum
1341 630 1673 688 censeatur
1735 627 2286 689 fideicommissum
2340 627 2403 687 in

876 733 1300 778 successorem
1328 718 1668 780 transiisse.
1702 720 1796 781 An
1823 739 1968 781 vero
1997 720 2246 781 haerede
2266 739 2404 800 gra-

874 812 1021 868 vato
1049 808 1329 887 professo
1362 810 1750 889 religionem,
1782 815 2058 874 transeat
2086 813 2293 873 statim
2326 812 2405 872 ad

873 915 1321 978 successorem,
1352 902 1453 962 vel
1481 909 1734 966 maneat
1759 904 2024 965 durante
2053 905 2182 965 vita
2230 908 2404 964 natu-

874 992 990 1052 rali
1019 993 1188 1071 apud
1217 995 1690 1072 monasterium,
1726 996 1999 1057 diximus
2027 1016 2219 1076 supra
2238 997 2399 1074 disp.

874 1085 977 1146 111.
1027 1090 1177 1146 sect.
1216 1103 1300 1148 ix.
1336 1092 1594 1166 agentes
1623 1088 1701 1149 de
1742 1089 2068 1167 religiosiS,
2103 1096 2167 1150 et
2208 1089 2428 1180 videri-

876 1180 1082 1257 potest
1106 1179 1337 1239 Melina
1367 1180 1531 1259 disp.
1568 1197 1847 1243 cmxxvl.
1874 1182 1992 1243 eol.
2029 1185 2085 1243 1.

955 1273 1038 1333 Ut
1066 1270 1265 1332 baeres
1310 1279 1611 1351 gravatus
1652 1275 2006 1352 restituere,
2054 1275 2408 1336 alliceretur

878 1363 957 1422 ad
987 1362 1415 1425 haereditatem
1444 1365 1826 1442 adeundam,
1850 1368 2276 1429 introductum
2293 1367 2410 1428 fuit

878 1475 955 1516 ex
1012 1458 1549 1520 senatusconsulto
1588 1460 2001 1538 Trebellian0,
2050 1460 2218 1541 quod
2267 1459 2408 1522 reti-

880 1567 1027 1610 nere
1056 1549 1170 1611 sibi
1198 1555 1407 1629 posset
1434 1557 1719 1631 quartam
1741 1553 2072 1629 bonorum,
2108 1573 2248 1635 quae
2279 1571 2409 1612 res-

880 1642 1102 1703 tituere
1130 1646 1410 1721 rogatur,
1446 1662 1585 1723 quae
1619 1650 1877 1706 vocatur
1902 1651 2128 1724 quarta
2155 1644 2411 1706 Trebel-

877 1733 1134 1805 lianica;
1195 1738 1256 1795 et
1311 1741 1458 1796 tunc
1487 1755 1600 1815 pro
1646 1742 1782 1799 rata
1837 1743 2049 1800 manet
2100 1739 2411 1815 obligatus

877 1826 956 1887 ad
986 1826 1199 1887 debita
1224 1830 1562 1906 testatoris,
1598 1830 1759 1890 sicut
1806 1830 1858 1890 si
1888 1831 1950 1890 in
1983 1831 2090 1891 illa
2122 1831 2409 1909 portione

877 1918 1196 1980 institutus
1241 1925 1425 1995 esset,
1459 1925 1528 1981 ut
1567 1927 1813 1983 constat
1852 1941 1925 1982 ex
1957 1923 2048 1984 tit.
2095 1923 2293 1984 Instit.
2344 1921 2414 1981 de

875 2010 1424 2091 fideicommissariis
1443 2012 1898 2092 hcet-ederamus,
1937 2034 2048 2093 per
2077 2015 2287 2093 plures
2314 2015 2407 2092 ἐξ.

878 2104 944 2166 Si
972 2109 1182 2164 tamen
1212 2109 1472 2166 testator
1492 2106 1724 2186 aliquid
1748 2108 1981 2168 haeredi
2001 2111 2263 2188 gravato
2286 2108 2410 2168 sibi

879 2197 1280 2259 retinendum
1309 2198 1712 2278 relinqueret,
1744 2200 1980 2274 volens,
2016 2205 2085 2261 ut
2102 2200 2414 2280 reliquum

880 2289 1257 2366 restitueret,
1290 2295 1540 2370 poterat
1583 2291 1785 2353 haeres
1812 2293 1912 2352 vel
1943 2294 2091 2354 illud
2124 2293 2241 2354 sibi
2270 2293 2413 2355 reti-

884 2399 1054 2457 nere,
1088 2382 1187 2442 vel
1217 2387 1529 2462 quartam,
1565 2389 1753 2463 prout
1797 2385 2030 2462 mallet,
2063 2387 2164 2446 vel
2212 2386 2261 2446 si
2307 2385 2419 2445 mi-

884 2493 1003 2536 nus
1031 2479 1197 2535 esset
1223 2480 1448 2555 quarta
1474 2481 1674 2556 parte,
1726 2478 1894 2557 quod
1925 2478 1982 2537 ei
2015 2478 2410 2559 relinquitur,

885 2570 1100 2646 petere
1141 2567 1598 2629 incrementum
1645 2588 1842 2648 usque
1870 2570 1952 2630 ad
2000 2576 2323 2650 quartam,
2358 2575 2422 2631 et

885 2665 1036 2720 tunc
1063 2660 1272 2739 quoad
1301 2659 1386 2736 id,
1422 2660 1590 2740 quod
1621 2661 1678 2719 ei
1707 2661 2102 2741 relinquitur,
2148 2682 2272 2724 non
2323 2663 2419 2723 di-

887 2750 1252 2812 viderentur
1277 2752 1554 2812 aetiones
1585 2753 1746 2815 inter
1774 2754 2001 2832 ipsum,
2028 2760 2088 2816 et
2102 2756 2419 2816 fideicom-

889 2845 1269 2921 missarium,
1330 2845 1440 2906 sed
1495 2845 1754 2924 integrae
1782 2847 1864 2907 ad
1915 2848 2422 2910 fideicommissa-

889 2938 1053 2998 rium
1082 2937 1442 3014 transirent,
1477 2939 1624 3018 quia
1655 2939 1805 3000 illud
1834 2941 2119 3002 relictum
2140 2947 2424 3003 maneret

893 3035 963 3091 ut
1011 3030 1310 3109 legatum,
1345 3035 1409 3091 et
1448 3031 1590 3091 ideo
1639 3050 1833 3093 onera
1877 3033 2261 3095 haereditatis
2299 3053 2421 3095 non

894 3123 1170 3184 sentiret.
1223 3126 1317 3184 An
1349 3141 1496 3184 vero
1545 3124 1933 3186 descendens
1962 3131 2219 3205 rogatus
2248 3128 2423 3191 resti-

896 3222 1070 3279 tuere
1100 3218 1284 3292 ultra,
1310 3218 1506 3296 possit
1533 3219 1695 3279 ultra
1722 3219 2066 3299 legitimam
2110 3221 2227 3281 sibi
2258 3222 2427 3281 debi-

895 3316 1025 3371 tam
1054 3309 1386 3370 detrahere
1417 3309 1493 3371 de
1514 3312 1755 3391 reliquo
1777 3318 2065 3391 quartam
2094 3313 2428 3375 Trebellia-

899 3402 1125 3477 nicam,
1171 3405 1645 3463 controversum
1667 3407 1779 3465 est.
1840 3406 2425 3467 Communisautem

898 3495 1206 3557 sententia
1224 3514 1337 3554 usu
1358 3501 1610 3574 recepta
1639 3499 1752 3569 est,
1788 3500 1857 3556 ut
1880 3496 1932 3556 si
1961 3498 2172 3560 statim
2201 3499 2430 3561 debeat

899 3587 1246 3662 restituere,
1281 3587 1477 3648 solam
1519 3587 1861 3665 legitimam
1908 3588 2219 3667 detrahat,
2252 3591 2302 3652 si
2353 3609 2425 3651 ea

901 3680 977 3740 ad
1017 3684 1304 3760 quartam
1359 3679 1716 3758 perveniat;
1775 3681 1827 3741 si
1867 3699 2017 3742 vero
2048 3701 2171 3744 non
2192 3684 2424 3761 statim,

899 3772 1009 3834 sed
1037 3772 1153 3833 sub
1201 3772 1578 3849 conditione,
1625 3772 1677 3833 si
1705 3772 1839 3833 sine
1868 3773 2079 3835 liberis
2125 3775 2413 3852 decedat,

900 3866 999 3925 vel
1026 3864 1170 3941 alia,
1204 3883 1280 3924 au
1311 3867 1455 3944 post
1480 3869 1720 3926 certum
1748 3869 2018 3946 ternpus,
2051 3868 2249 3946 possit
2265 3888 2431 3931 nunc

898 3957 1266 4035 legitimam,
1299 3962 1514 4036 postea
1561 3976 1711 4018 vero
1744 3964 2033 4038 quartam
2065 3960 2425 4038 detrahere,

902 4050 981 4111 de
1026 4067 1149 4129 quo
1191 4050 1421 4110 Molina
1463 4049 1629 4111 dicta
1671 4050 2094 4130 disputatione
2142 4070 2424 4117 ctxxxvl.

897 4144 953 4222 ξ.
973 4142 1411 4203 praetermissis.
1439 4141 1616 4214 Quod
1642 4142 1831 4204 etiam
1860 4143 1922 4202 in
1945 4146 2429 4208 ascendentibus

901 4233 1199 4315 gravatiS,
1234 4233 1460 4312 quibus
1507 4235 1784 4311 legitima
1821 4237 2023 4314 portio
2055 4237 2425 4316 debebatur,

903 4328 1111 4389 locum
1158 4325 1415 4403 habere,
1462 4326 1646 4387 docet
1687 4328 2037 4389 communis
2080 4332 2426 4405 sententia3

903 4418 1040 4482 aliis
1067 4422 1279 4481 tamen
1307 4419 1825 4498 repugnantibuS,
1851 4421 1999 4500 quia
2026 4422 2086 4482 in
2108 4441 2246 4502 cap.
2268 4424 2433 4506 Ray-

903 4512 1132 4588 nalduS,
1155 4510 1225 4573 de
1252 4512 1622 4587 testamentis,
1648 4512 1725 4572 de
1746 4513 1891 4573 solis
1912 4514 2433 4578 descendentibus

904 4607 970 4667 id
999 4605 1246 4681 dicitur,
1279 4606 1387 4666 sed
1418 4610 1629 4666 tamen
1658 4606 1817 4667 ratio
1848 4607 2069 4667 eadem
2100 4627 2235 4670 esse
2263 4610 2433 4670 vide-

903 4703 1026 4760 tur.
1088 4698 1321 4771 Quarta
1365 4697 1817 4759 Trebellianica
1849 4712 1972 4760 non
2020 4699 2371 4763 detrahitur
2398 4721 2436 4762 a

902 4790 1146 4870 legatia,
1179 4808 1383 4869 neque
1410 4791 1598 4851 etiam
1628 4791 1978 4852 detrahitur
2006 4794 2257 4872 quando
2288 4814 2437 4855 cau-

907 4902 992 4944 sae
1023 4883 1140 4961 pioe
1169 4883 1558 4945 restituenda
1587 4888 1682 4944 est
1710 4882 2042 4945 haereditas
2063 4884 2243 4965 juxta
2272 4905 2437 4947 com-

906 4993 1161 5036 munem
1203 4975 1599 5051 sententiam,
1633 4976 1780 5055 quia
1809 4976 1887 5036 de
1914 4977 2137 5056 legatis
2167 4979 2284 5057 piis
2312 4997 2435 5040 non

907 5067 1255 5130 detrahitur
1300 5066 1621 5129 Falcidia:
1657 5087 1731 5128 ex
1777 5068 2154 5130 Anthentico
2212 5069 2438 5131 Simili-

906 5171 1014 5235 ter,
1049 5163 1115 5223 C.
1150 5159 1231 5221 ad
1253 5159 1431 5241 leqem
1458 5159 1805 5238 Falcidiam,
1843 5166 1906 5223 et
1932 5179 2006 5221 ex
2034 5161 2433 5240 AnthenticO,

906 5253 976 5315 de
1014 5253 1444 5315 Ecclesiasticus
1494 5253 1704 5325 titulis,
1762 5255 1818 5333 ἓ.
1867 5254 1945 5314 Si
1997 5262 2189 5314 autem
2230 5255 2430 5316 lioeres.

908 5347 1057 5421 Quae
1086 5352 1297 5407 autem
1327 5347 1389 5407 in
1421 5346 1694 5407 Falcidia
1750 5350 1980 5407 statuta
2036 5352 2200 5423 sunt,
2252 5347 2439 5408 intel-

905 5438 1186 5518 liguntur
1223 5439 1409 5500 etiam
1441 5439 1519 5498 de
1547 5438 2021 5500 Trebellianica.
2071 5439 2198 5499 Nisi
2227 5444 2438 5501 tamen

907 5532 1110 5594 haeres
1156 5537 1454 5611 gravatus
1508 5536 1672 5592 esset
1722 5530 1845 5591 alia
1891 5550 2080 5592 causa
2109 5532 2232 5612 pia,
2292 5533 2441 5613 quia

2025 362 2127 422 DE
2168 361 2520 423 JUS'rl'rlA
2564 363 2664 422 m*
2704 361 2903 423 JURE

2502 534 2929 614 privilegiatus
3001 538 3220 595 contra
3279 532 3515 612 pariter
3569 528 4033 609 privilegiatum

2503 645 2629 687 non
2659 627 2853 689 utitur
2881 626 3233 705 privilegio,
3268 630 3332 686 et
3360 625 3508 686 facit
3533 624 3655 700 lex,
3688 621 3812 688 Sed
3832 629 3888 681 et
3919 617 4035 679 mi·-

2503 717 2651 793 lites,
2685 720 2749 779 in
2776 719 3106 799 principio,
3141 720 3202 778 ff.
3241 718 3313 778 de
3338 726 3594 779 excusat.
3627 725 3905 776 tutorum.

2583 812 2929 887 Dubitatur,
2963 830 3039 871 an
3072 814 3332 872 testator
3359 808 3691 887 prohibere
3714 805 3911 885 possit
3929 802 4036 862 de·
4177 817 4232 872 {5

2502 904 2872 965 tractionem
2944 908 3182 982 quartae
3250 899 3760 964 Trebellianicae?
3822 894 4032 974 Aliqui
4102 938 4162 980 An
4182 952 4232 992 m

2504 1000 2759 1074 negant.
2791 995 3152 1057 Communis
3181 999 3390 1057 tamen
3412 993 3718 1055 sentent-ia
3733 992 4029 1064 affirmat,
4135 998 4232 1072 mul,

2501 1088 2816 1168 loquendo
2847 1087 2924 1148 de
2965 1087 3107 1168 jure
3137 1087 3398 1162 noviori,
3433 1105 3556 1166 quo
3595 1088 3859 1146 testator
3887 1099 4038 1161 pro-

2504 1182 2720 1242 hibere
2740 1181 2873 1258 jam
2904 1185 3128 1260 potest,
3155 1199 3231 1241 ne
3261 1179 3627 1241 detrahatur
3655 1176 3930 1238 Falcidia
3959 1192 4038 1233 ex

2501 1274 2747 1352 legatiS,
2790 1293 2864 1333 ex
2893 1273 3291 1348 Anthentica,
3334 1271 3457 1332 Sed
3497 1291 3626 1331 cum
3668 1277 3934 1345 testator,
3963 1268 4032 1328 C.

2504 1366 2654 1427 adl.
2690 1366 3070 1437 Falcidiam3
3116 1366 3282 1425 valet
3329 1370 3539 1425 autem
3567 1365 3629 1424 in
3663 1365 3809 1442 jure
3852 1380 4041 1439 argu·

2504 1463 2784 1519 mentum
2828 1458 2906 1518 de
2956 1476 3081 1518 una
3130 1458 3205 1517 ad
3256 1457 3443 1517 aliam
3477 1478 3489 1518 ε
3524 1474 3776 1518 necesse
3824 1459 4043 1516 tamen

2505 1553 2600 1612 est
2627 1550 2794 1629 quod
2824 1555 3083 1612 testator
3111 1550 3175 1609 id
3203 1568 3496 1629 expresse
3516 1549 3870 1628 prohibeat,
3890 1545 4044 1627 quia

2505 1642 2569 1703 in
2597 1643 2701 1702 illa
2721 1642 3097 1704 Anthentica
3123 1643 3324 1703 solum
3346 1642 3409 1701 id
3439 1641 3824 1717 conceditur,
3847 1657 4045 1720 quan·

2508 1735 2588 1796 do
2620 1753 2910 1814 expresse
2941 1734 3254 1814 probibet,
3290 1752 3405 1794 nec
3433 1752 3507 1794 ea
3535 1734 3797 1795 faculta3
3825 1737 4045 1793 exten-

2509 1829 2713 1888 denda
2745 1832 2838 1889 est
2865 1834 3084 1889 contra
3129 1828 3414 1907 regulam
3477 1827 3855 1887 contrariam
3905 1824 4045 1885 uni-

2507 1921 2814 1981 versalem
2837 1921 3021 1998 juria,
3055 1921 3309 2000 quando
3341 1924 3550 1980 autem
3580 1923 3909 1980 censeatur
3938 1936 4048 1977 ex-

2510 2031 2725 2093 presse
2778 2012 3115 2092 prohibere
3144 2032 3257 2092 per
3285 2012 3481 2072 verba
3525 2011 3864 2090 generalia,
3898 2009 4046 2069 vide

2511 2105 2793 2168 Sanchez
2817 2105 2922 2165 lib.
2959 2107 3062 2166 lv.
3101 2104 3320 2166 Consil.
3355 2123 3493 2183 cap.
3528 2120 3597 2164 11.
3633 2104 3782 2164 dub.
3817 2120 3903 2163 n.
3931 2122 4043 2162 nu.

2508 2204 2570 2260 9..
2605 2198 2762 2258 Hinc
2790 2202 2996 2259 autem
3028 2199 3117 2274 sit,
3153 2203 3219 2259 ut
3248 2217 3280 2257 a
3310 2197 3792 2258 fideicommisso
3823 2196 4046 2256 relicto

2514 2309 2656 2352 cum
2683 2290 3105 2369 prohibitione
3133 2289 3472 2364 alienandi,
3498 2295 3586 2351 ,et
3613 2308 3758 2350 cum
3801 2289 4051 2367 obliga-

2512 2383 2703 2458 tione,
2740 2386 2807 2443 ut
2834 2388 3087 2444 maneat
3132 2381 3192 2441 in
3236 2382 3472 2442 familia
3522 2382 3883 2457 indivisum,
3918 2400 4052 2443 non

2515 2475 2715 2554 possit
2759 2475 3006 2535 detrahi
3038 2479 3263 2554 quarta
3289 2475 3772 2548 Trebellianum,
3806 2475 3954 2554 quia
3982 2474 4051 2533 in

2516 2568 2704 2629 simili
2734 2586 2882 2628 casu
2914 2586 3035 2628 non
3066 2571 3273 2647 potest
3299 2567 3541 2629 detrahi
3567 2567 3842 2628 Falcidia
3867 2585 3943 2626 ex
3963 2567 4054 2626 le-

2517 2665 2687 2739 gate,
2721 2679 2797 2720 ex
2841 2660 3219 2721 Anthentica
3266 2659 3392 2720 Sed
3415 2660 3475 2720 in
3502 2678 3569 2721 ea
3596 2679 3680 2736 re,
3727 2663 3792 2722 C.
3824 2658 3907 2719 ad
3930 2659 4046 2738 leq.

2515 2753 2720 2835 falcid.
2783 2754 3044 2814 Nomine
3083 2758 3293 2814 autem
3346 2754 3637 2814 Falcidia}
3684 2754 4059 2831 intelligitur

2521 2865 2665 2925 pars
2693 2846 2903 2920 etiam,
2937 2864 3125 2924 quam
3155 2845 3358 2906 haeres
3387 2845 3662 2907 detrahit
3689 2865 3765 2905 ex
3792 2846 4050 2924 legatia,

2523 2942 2590 2999 ut
2617 2939 2674 2998 ei
2704 2956 3027 2998 remanere
3071 2938 3265 3015 possit
3293 2943 3517 3018 quarta
3542 2939 3848 3000 bonorum
3878 2957 4054 3016 pare,

2522 3037 2585 3094 et
2614 3050 2688 3092 ex
2734 3032 2853 3092 hac
2898 3031 2979 3091 ad
3027 3035 3313 3110 quartam
3362 3031 3877 3092 Trebellianicam
3932 3031 4061 3091 fre-

2523 3124 2997 3205 quentissimum
3028 3125 3097 3184 fit
3124 3129 3587 3203 argumentum.
3623 3123 3783 3201 Alia,
3809 3143 3949 3204 quse.
3971 3124 4060 3183 ad

2521 3218 3129 3280 fideicommissarios
3159 3223 3462 3297 spectant,
3488 3222 3552 3280 et
3578 3219 3657 3278 ad
3676 3218 3879 3278 varias
3909 3237 4063 3279 con-

2525 3312 2811 3387 ditioneS,
2834 3311 3058 3390 quibus
3078 3310 3559 3371 fideicommissa
3589 3311 4057 3390 relinquuntur,

2524 3404 2723 3465 videri
2738 3407 2998 3481 possunt
3023 3403 3188 3481 apud
3208 3402 3504 3464 Molinam
3526 3403 3688 3482 disp.
3714 3419 4057 3463 ctxxxvm.

2527 3501 2589 3557 et
2633 3496 2875 3556 duabus
2919 3494 3353 3573 sequentibus;
3405 3513 3529 3554 non
3580 3495 3749 3554 enim
3774 3499 3920 3557 sunt
3947 3513 4067 3554 ne-

2527 3587 2797 3650 cessaria
2825 3587 2902 3647 ad
2951 3605 3132 3648 casus
3178 3586 3575 3647 conscientiae
3602 3592 4007 3648 occurrentes
4048 3608 4063 3649 :

2527 3686 2590 3743 et
2620 3680 2870 3761 quidem
2903 3680 2981 3740 de
3022 3679 3521 3741 fideicommissis
3567 3686 3774 3741 tomus
3801 3680 4071 3759 grandis

2527 3775 2664 3834 fleri
2712 3778 2941 3853 posset,
2989 3778 3177 3853 prout
3204 3772 3282 3833 de
3330 3773 3736 3852 primogeniis
3765 3774 3912 3834 fecit
3937 3776 4071 3834 Lu-

2529 3867 2787 3929 dovicus
2814 3867 3042 3928 Melina
3072 3865 3299 3945 jurista
3321 3912 3336 3942 ,
3371 3885 3512 3946 quae
3542 3866 3780 3945 speeies
3815 3871 3961 3926 sunt
3987 3867 4073 3926 fi-

2529 3959 3126 4035 deicommissorum,
3147 3963 3210 4019 et
3236 3959 3313 4018 de
3343 3958 3752 4037 majoratibus
3768 3959 3956 4021 etiam
3991 3961 4066 4021 P.

2529 4053 2760 4115 Melina
2791 4056 3128 4114 tractatum
3156 4052 3415 4129 longum
3444 4051 3507 4111 in
3536 4056 3689 4114 tom.
3726 4067 3820 4112 111.
3850 4050 3925 4111 de
3948 4051 4074 4111 Ju-

2526 4146 2710 4207 stitia.

2612 4236 2984 4300 Substitutio
3026 4236 3372 4315 reciproca,
3423 4255 3532 4296 seu
3561 4237 3929 4317 breviloqua
3960 4236 4070 4296 di-
4210 4228 4231 4286 ¹

2531 4331 2711 4406 citur,
2746 4327 3150 4409 quainstituti
3198 4329 3312 4388 sibi
3363 4328 3629 4389 invicem
3672 4328 4074 4390 substituun-

2530 4429 2654 4499 tur,
2699 4428 2770 4483 ut
2795 4421 2846 4481 si
2877 4421 3066 4495 dicat,
3116 4421 3377 4482 Instituo
3428 4420 3745 4481 haeredem
3783 4423 4071 4495 Petrum,

2532 4521 2594 4578 et
2621 4517 2951 4589 Joannem,
2999 4517 3061 4573 et
3089 4531 3195 4573 eos
3239 4514 3505 4574 invicem
3553 4513 3884 4588 substituo,
3938 4533 4076 4593 quo

2533 4626 2704 4684 casu,
2737 4607 2789 4667 si
2817 4611 3102 4685 uterque,
3155 4606 3251 4665 vel
3283 4607 3440 4667 alter
3484 4606 3687 4667 solum
3717 4609 3811 4667 est
3836 4606 4072 4685 puheS,

2534 4706 2680 4761 sunt
2705 4699 2845 4760 duae
2874 4698 3346 4759 substitutiones
3377 4698 3668 4778 vulgares
3695 4718 3708 4759 :
3731 4699 3781 4759 si
3803 4704 4077 4778 uterque

2535 4798 2629 4853 est
2656 4790 2960 4871 impubeS,
2996 4795 3059 4851 et
3084 4790 3203 4850 illis
3234 4794 3493 4852 testator
3519 4794 3725 4870 potest
3750 4791 4081 4871 pupillari-

2534 4890 2631 4948 ter
2658 4883 3056 4958 substituere,
3090 4883 3251 4946 sicut
3271 4884 3412 4943 duoe
3441 4883 3910 4945 substitutiones
3931 4885 4082 4945 vul-

2536 4996 2742 5058 gareS,
2777 4980 2839 5036 et
2865 4976 3007 5035 duae
3036 4976 3395 5054 pupillares,
3436 4977 3499 5038 Si
3531 4978 3643 5037 siat
3669 4995 3783 5055 per
3809 4975 4081 5037 codicil-

2536 5070 2687 5145 lum,
2721 5073 2831 5129 aut
2858 5067 3063 5128 verbis
3094 5067 3381 5148 obliquiS,
3415 5068 3764 5130 continebit
3791 5068 3949 5128 duas
3992 5070 4079 5129 fl-

2538 5160 3135 5233 deicommissarias;
3170 5161 3218 5219 si
3249 5166 3510 5241 uterque
3541 5167 3706 5223 esset
3732 5165 3943 5222 mente
3971 5179 4083 5222 ca·

2537 5261 2702 5334 ptus,
2762 5254 3110 5315 contineret
3150 5253 3339 5313 etiam
3386 5253 3544 5314 duas
3591 5253 4078 5315 substitutiones

2538 5346 2947 5427 exemplares.

2620 5439 2992 5502 Substitutio
3032 5438 3481 5518 compendiosa
3525 5443 3639 5514 est,
3684 5456 3825 5519 quse
3854 5438 4078 5516 plures

2538 5532 2971 5613 complectitur
3032 5531 3503 5593 substitutiones
3562 5531 3770 5611 quoad
3816 5531 4076 5593 diversa
