4263 6376
1244 415 1715 479 DISPUTATIO
1758 415 1913 493 XLI,
1963 416 2237 479 SECTIO
2283 419 2329 480 1.
3255 417 3372 476 789

205 582 325 645 erit
351 585 703 647 necessaria
731 586 933 649 aliena
962 589 1216 669 domus,
1268 610 1384 654 nec
1431 593 1549 671 ipsi
1598 610 1738 653 eam

205 695 414 737 emere
444 678 785 754 debebant3
846 682 957 742 sed
1004 702 1147 744 reus
1195 685 1296 744 cui
1342 686 1458 764 ipsi
1507 687 1737 748 instru-

204 775 417 831 menta
446 771 755 833 dederunt
775 821 792 851 ,
841 778 908 836 ut
932 775 1191 837 domum
1221 796 1411 857 quam
1439 779 1604 841 licite
1634 797 1740 857 po·

202 866 367 925 terat
396 864 573 944 quasi
603 884 810 926 emere
835 873 898 928 et
924 868 1266 947 destruere,
1292 870 1611 933 effoderet.
1647 870 1743 932 Si-

204 959 312 1017 cut
339 957 392 1017 si
420 960 602 1019 Petro
632 959 797 1020 licite
828 961 1158 1039 accipienti
1200 980 1432 1042 equum
1469 964 1740 1024 alienum

205 1048 287 1109 ad
317 1048 648 1127 fugiendos
676 1050 887 1114 hostes
909 1099 924 1129 ‚
953 1057 1018 1114 tu
1049 1054 1333 1115 dedisses
1364 1056 1634 1118 calearia
1660 1055 1741 1117 ad

203 1142 559 1220 urgendum
590 1162 843 1224 equum,
877 1164 1002 1208 non
1023 1146 1165 1207 ideo
1193 1149 1498 1209 tenereris
1527 1149 1609 1209 ad
1640 1168 1742 1209 re-

202 1234 590 1296 stituendum
636 1237 910 1316 pretium
954 1239 1135 1318 equi,
1189 1241 1374 1302 Petro
1406 1259 1531 1302 non
1559 1241 1743 1303 resti-

203 1331 452 1405 tuente,
513 1329 661 1408 quia
709 1334 773 1391 tu
805 1349 929 1392 non
957 1331 1272 1392 tenebaris
1329 1334 1616 1413 explicite
1643 1333 1743 1394 vel

203 1420 503 1499 implicite
532 1441 740 1483 emere
767 1423 943 1484 illum
973 1442 1207 1504 equum
1236 1425 1460 1504 solum,
1495 1427 1607 1487 sed
1636 1426 1743 1487 de—

205 1513 350 1574 disti
397 1515 706 1593 calcaria,
761 1517 989 1595 quibus
1036 1518 1169 1597 ipse
1208 1518 1433 1579 melius
1462 1523 1744 1582 uteretur

205 1624 390 1685 equo,
425 1626 612 1687 quem
640 1612 889 1687 poterat
915 1610 1215 1688 implicite
1246 1629 1454 1673 emere
1478 1658 1494 1689 ,
1528 1612 1616 1673 ita
1644 1611 1738 1672 vi-

206 1699 390 1761 detur
416 1719 551 1762 esse
578 1703 641 1762 in
672 1703 988 1781 praesenti.

287 1794 621 1855 Dubitatur
649 1795 888 1871 ultimo,
923 1814 1003 1856 an
1033 1813 1176 1856 eum
1198 1797 1305 1876 qui
1335 1797 1652 1860 detinetur
1678 1799 1744 1861 in

206 1904 457 1947 carcere
482 1893 739 1968 propter
766 1888 979 1950 debita
997 1935 1012 1966 ,
1059 1889 1258 1969 possis
1301 1890 1524 1951 eodem
1551 1892 1740 1954 modo

112 1991 149 2072 ¹?-
197 1979 420 2059 juvare
452 1982 532 2041 ad
560 1981 812 2060 fugam?
867 1982 1305 2061 Respondetur
1330 1984 1637 2063 breviter,
1691 1986 1744 2046 si

203 2092 348 2133 reus
378 2079 625 2152 poterat
649 2075 912 2151 solvere,
944 2081 1007 2137 et
1026 2094 1100 2136 ex
1123 2076 1272 2154 fuga
1302 2076 1576 2139 deterior
1603 2078 1742 2139 red-

203 2165 373 2227 ditur
401 2185 590 2227 causa
619 2168 944 2229 creditoris
972 2215 987 2245 ‚
1041 2169 1189 2248 quia
1226 2172 1557 2248 exponitur
1584 2173 1744 2251 peri-

203 2258 343 2320 culo
376 2279 499 2321 non
528 2259 840 2336 habendi,
892 2260 990 2320 vel
1018 2261 1239 2323 saltem
1265 2281 1390 2323 non
1419 2263 1504 2325 ita
1532 2264 1737 2342 facile,

203 2352 372 2431 quod
402 2351 515 2412 sibi
549 2352 929 2426 debebatur3
992 2358 1211 2432 peccat
1259 2356 1366 2434 qui
1395 2355 1739 2419 debitorem

202 2444 462 2523 adjuvat
506 2449 573 2506 ut
599 2446 831 2524 fugiat,
880 2452 943 2507 et
972 2447 1229 2525 quidem
1257 2466 1400 2508 cum
1429 2468 1619 2511 onere
1645 2470 1740 2512 re-

198 2538 520 2599 stituendi.
555 2540 781 2599 Navar.
816 2539 879 2599 in
908 2558 1065 2600 man.
1102 2559 1239 2619 cap.
1273 2558 1421 2602 xvn.
1455 2562 1561 2604 nu.
1597 2547 1732 2605 101.

199 2635 267 2691 et
294 2633 537 2692 constat
564 2634 777 2709 aperte
802 2677 817 2708 ‚
878 2650 1022 2692 cum
1066 2632 1215 2693 illud
1261 2633 1521 2711 perinde
1551 2636 1633 2697 sit
1659 2654 1735 2697 ac

199 2724 253 2783 si
299 2723 489 2783 alium
536 2722 794 2801 adjuves
843 2724 922 2783 ad
970 2724 1310 2786 furandum
1338 2727 1439 2786 vel
1466 2728 1740 2789 retinen·

198 2816 351 2876 dum
382 2815 675 2875 alienum.
710 2816 775 2876 Si
795 2835 945 2878 vero
978 2817 1226 2878 debitor
1252 2836 1369 2879 nec
1397 2838 1511 2898 per
1529 2839 1595 2881 se
1624 2840 1740 2882 nec

196 2927 316 2988 per
342 2908 532 2968 alium
563 2907 802 2969 solvere
832 2909 1048 2986 possit,
1073 2927 1187 2970 nee
1215 2925 1395 2990 posse
1425 2917 1734 2991 speratur,

196 3005 391 3079 atque
450 3001 611 3061 adeo
667 2999 896 3080 injuste
943 3001 1008 3061 in
1054 3020 1306 3064 carcere
1359 3004 1733 3084 detineatur,

196 3098 351 3155 tunc
377 3093 542 3154 licite
573 3093 806 3171 poteris
838 3112 981 3153 eum
1014 3094 1095 3154 ad
1124 3097 1340 3175 fugam
1362 3096 1585 3175 juvare
1612 3145 1629 3176 ,
1671 3103 1741 3161 ut

197 3185 393 3248 tradit
419 3185 585 3247 idem
613 3188 930 3248 Navarrus
958 3187 1194 3249 ibidem
1224 3207 1367 3251 cum
1394 3192 1734 3266 communi3

197 3279 354 3340 nihil
376 3280 540 3340 enim
562 3279 767 3359 perdit
795 3280 1068 3342 creditor
1095 3284 1265 3362 quod
1294 3289 1506 3362 posset
1534 3284 1613 3345 ab
1634 3286 1737 3347 illo

194 3372 479 3433 debitore
512 3391 787 3450 sperare.
825 3373 1003 3446 Quod
1033 3374 1083 3434 si
1119 3393 1191 3434 ea
1222 3376 1550 3437 occasione
1580 3396 1618 3437 a
1638 3396 1741 3438 cu·

193 3464 483 3527 stodibus
527 3464 794 3526 carceris
836 3466 1181 3527 creditores
1214 3467 1472 3547 exigant
1499 3468 1733 3546 debita,

196 3575 326 3617 non
357 3557 498 3618 ideo
527 3556 759 3618 teneris
806 3556 925 3617 illis
971 3558 1211 3637 aliquid
1239 3558 1392 3619 dare
1423 3578 1534 3638 pro
1565 3577 1737 3621 com-

193 3650 521 3730 pensando
550 3650 655 3710 illo
687 3650 941 3728 damnO,
962 3654 1032 3711 ut
1060 3651 1245 3712 docet
1272 3655 1321 3712 N
1329 3670 1590 3712 avarrus
1619 3652 1739 3712 ibi-

194 3744 379 3819 dem,
430 3746 677 3804 tenetur
723 3747 934 3804 tamen
962 3744 1327 3823 principalis
1355 3744 1634 3821 debitor,
1685 3745 1738 3806 si

191 3839 417 3916 postea
445 3836 524 3895 ad
552 3834 950 3914 pinguiorem
976 3836 1292 3896 fortunam
1322 3838 1582 3914 venerit,
1618 3837 1740 3898 sol-

191 3947 346 3989 vere
380 3928 620 3989 custodi
669 3928 822 3988 illud
866 3928 1034 4007 quod
1065 3929 1360 3990 creditori
1388 3929 1574 3991 solvit
1602 3928 1738 4010 ejus

194 4020 481 4094 nomine3
533 4021 654 4082 boc
700 4020 866 4081 enim
896 4021 1051 4081 nihil
1079 4021 1248 4082 aliud
1274 4026 1369 4084 est
1397 4040 1586 4101 quam
1615 4022 1738 4082 sol-

190 4132 345 4174 vere
361 4113 533 4192 prius
554 4112 856 4189 debitum,
881 4114 962 4175 ad
984 4113 1150 4193 quod
1182 4114 1552 4174 solvendum
1581 4133 1740 4175 sem-

191 4225 312 4285 per
339 4205 670 4266 tenebatur
696 4206 1021 4285 principali
1054 4206 1383 4280 creditori,
1432 4227 1596 4269 nunc
1622 4227 1735 4269 au·

191 4306 323 4361 tem
353 4298 537 4359 solvit
563 4298 828 4376 custodi,
860 4317 899 4359 a
927 4318 1049 4378 quo
1081 4300 1354 4360 creditor
1382 4300 1532 4361 illud
1562 4319 1734 4362 acce-

191 4392 308 4471 pit.
344 4390 622 4469 Denique
652 4390 838 4468 adde,
871 4391 1174 4452 hocidem
1205 4391 1541 4453 dicendum
1574 4412 1732 4471 esse,

192 4483 450 4563 quando
482 4483 731 4544 debitor
758 4487 965 4562 potest
990 4485 1234 4545 solvere
1257 4531 1273 4562 ,
1307 4490 1371 4546 et
1396 4490 1644 4547 tenetur
1670 4487 1735 4547 in

191 4578 333 4637 foro
364 4580 643 4652 externO,
677 4577 730 4636 si
758 4580 970 4637 tamen
1001 4577 1114 4639 tibi
1145 4582 1408 4654 constet,
1437 4578 1643 4657 ipsum
1671 4580 1735 4639 in

191 4671 333 4730 foro
363 4669 605 4729 interno
639 4688 763 4729 non
785 4670 1005 4747 teneri,
1041 4670 1187 4749 quia
1210 4670 1344 4749 jam
1371 4689 1593 4732 revera
1621 4672 1736 4733 ite-

1838 597 1901 655 et
1927 594 2078 674 quid
2107 598 2399 658 teneatur
2436 598 2587 658 tunc
2614 614 2759 657 reus
2787 594 3037 657 facere?
3092 596 3225 655 Hoc
3277 597 3370 655 ta-

1838 704 1982 747 men
2010 689 2282 766 pertinet
2310 689 2390 749 ad
2419 688 2579 768 disp.
2604 688 2674 751 dc
2694 687 3021 765 homicidio,
3054 688 3161 750 ubi
3192 687 3270 747 de
3297 686 3373 747 iis

1836 779 1962 841 late
1990 779 2280 842 diximus,

2117 1807 2813 1903 DISPUTATIO
2888 1809 3114 1903 XLI.

1892 2175 1968 2219 DE
2010 2173 2504 2221 OBLIGATIONIBUS
2545 2174 2872 2237 ADVOCATI,
2916 2176 2990 2220 ET
3018 2174 3288 2222 NOTAml.
3384 2215 3391 2222 .

1838 2462 2059 2523 Secrm
2087 2462 2135 2523 Ι.
2187 2460 2277 2521 De
2304 2459 2752 2540 obliqatiom‘bus
2781 2459 3069 2522 advocati.

1839 2617 2058 2678 SEC'rlo
2085 2616 2159 2677 II.
2207 2614 2296 2675 Dc
2322 2613 2761 2695 obliqationibus
2787 2614 3171 2678 notariorum.

1916 2921 2025 2978 11oe
2052 2918 2239 2979 etiam
2269 2917 2411 2977 duae
2439 2934 2723 2996 personae
2753 2916 3068 2996 pertinent
3096 2917 3177 2977 ad
3198 2917 3371 2996 judi·

1838 3011 2026 3088 cium,
2060 3011 2138 3072 de
2167 3011 2394 3091 quibus
2435 3010 2649 3089 aliqua
2691 3010 2882 3072 etiam
2925 3010 2986 3069 in
3033 3011 3374 3088 superiori-

1835 3105 1954 3165 bus
1982 3104 2150 3165 dieta
2176 3108 2358 3178 sunt3
2393 3104 2633 3183 reliqua
2658 3103 2857 3182 magis
2875 3102 3225 3164 necessaria
3254 3103 3374 3164 hac

1836 3217 1963 3259 una
1990 3198 2409 3277 disputatione
2430 3196 3057 3277 comprehendemus,

2349 3633 2774 3717 sEcho
2827 3636 2886 3720 Ι.

2154 3935 2240 3999 De
2267 3935 2707 4017 obliqatiom'bus
2738 3936 3044 4002 Advocati.

1918 4205 2219 4267 Advocati
2249 4204 2524 4266 officium
2554 4203 2867 4283 aliquibus
2901 4203 2979 4264 de
3026 4204 3169 4284 jure
3199 4222 3372 4265 com·
3543 4234 3573 4293 1

1836 4302 2048 4377 petere
2083 4317 2207 4358 non
2237 4302 2460 4376 potest,
2496 4297 2573 4359 de
2604 4297 2831 4377 quibus
2889 4297 3138 4361 Silvest.
3185 4297 3361 4359 verb.

1835 4390 2196 4468 Acium—atus,
2230 4396 2448 4471 quaest.
2500 4407 2567 4453 11.
2616 4409 2840 4469 nempe
2889 4389 3219 4467 haereticiS,
3266 4408 3372 4470 pa·
3434 4413 3706 4468 pomata-⁸0

1833 4484 2033 4564 ganiS,
2093 4483 2666 4561 excommunicatiS,
2726 4501 2864 4562 cap.
2925 4499 3010 4544 xl.
3069 4489 3288 4562 quaest.
3323 4500 3369 4545 1.

1834 4596 1972 4655 cap.
2033 4577 2582 4652 excommunicatam,
2642 4593 2684 4637 1.
2745 4574 2815 4635 dc
2868 4575 3176 4651 hcet-elicis,
3227 4593 3368 4653 cap.

1833 4669 2040 4745 Nemo,
2071 4668 2141 4729 dc
2158 4670 2500 4750 poem'tcntza
2530 4670 2672 4729 dist.
2707 4684 2750 4729 Ι.
2784 4666 2907 4745 leg.
2946 4666 3150 4741 Ncnw,
3187 4670 3253 4729 C.
3305 4666 3375 4728 dc

191 4779 338 4823 rum
367 4761 569 4837 solvit,
593 4762 739 4823 licet
766 4780 888 4823 non
919 4761 1150 4825 habeat
1168 4764 1491 4825 solutionis
1511 4764 1734 4825 instru-
1824 4761 2104 4842 postulat,
2139 4762 2288 4822 item
2317 4761 2645 4840 religiosis,
2672 4758 2785 4819 nisi
2817 4760 2879 4819 in
2927 4778 3116 4820 causa
3155 4779 3376 4821 mona-

192 4859 502 4939 mentum,
537 4854 634 4914 vel
666 4855 788 4914 alia
818 4854 895 4914 de
928 4873 1118 4916 causa
1144 4855 1302 4916 liber
1331 4857 1582 4917 omnino
1615 4860 1728 4935 est,

192 4949 261 5008 in
293 4947 673 5008 conscientia
701 4967 738 5007 a
765 4948 1095 5011 solvendo:
1129 4952 1277 5009 tunc
1307 4949 1473 5009 enim
1501 4951 1733 5029 poteris

194 5038 388 5101 etiam
419 5039 643 5099 eodem
673 5040 861 5100 modo
919 5058 1063 5100 eum
1108 5040 1188 5100 ad
1230 5040 1443 5120 sugam
1480 5043 1728 5121 juvare,

194 5151 344 5192 cum
370 5151 591 5193 revera
627 5132 854 5212 injuste
883 5136 1178 5206 vexetur3
1236 5133 1382 5195 licet
1420 5134 1588 5214 juste
1636 5155 1735 5195 se-

194 5224 476 5285 cundum
504 5225 773 5303 allegata
803 5229 864 5285 ct
892 5226 1178 5303 probata.

285 5320 499 5377 Posset
544 5318 731 5378 etiam
780 5317 897 5378 hoc
945 5318 1082 5379 loco
1130 5320 1416 5396 tractari,
1480 5339 1557 5379 an
1588 5339 1730 5380 reus

196 5410 397 5490 possit
424 5410 828 5471 condemnari
872 5410 949 5470 ad
989 5413 1361 5472 sumendum
1393 5432 1726 5489 venenum,

196 5504 297 5565 vel
327 5502 408 5563 ad
436 5502 883 5564 abstinendum
910 5521 947 5563 a
976 5503 1117 5565 cibo
1164 5509 1235 5567 ut
1282 5506 1448 5566 fame
1494 5508 1730 5584 pereat,

1835 4854 2006 4915 sterii
2033 4854 2110 4914 de
2139 4854 2436 4916 mandato
2465 4854 2558 4913 sui
2616 4851 2877 4931 praelati.
2938 4853 3092 4913 Item
3135 4852 3374 4913 clericis

1836 4946 2208 5008 habentibus
2237 4947 2632 5021 beneficium,
2652 4946 2751 5006 vel
2771 4945 3067 5005 Ordinem
3097 4964 3369 5023 sacrum,

1834 5058 1970 5118 cap.
2009 5038 2244 5117 Clerici,
2281 5042 2342 5099 et
2361 5058 2497 5117 cap.
2534 5058 2662 5098 cum
2688 5036 3047 5114 Sacerdotis,
3071 5037 3367 5119 depostul.

1834 5133 2007 5193 Idem
2030 5132 2247 5212 judex,
2282 5132 2381 5192 vel
2411 5150 2689 5192 assessor
2719 5149 2843 5191 non
2901 5134 3107 5209 potest
3147 5131 3208 5190 in
3267 5149 3374 5190 ca-

1835 5226 1979 5286 dem
2009 5244 2201 5286 causa
2231 5243 2364 5284 esse
2395 5224 2756 5300 advocatuS,
2793 5241 2934 5301 cap.
2967 5240 3012 5284 1.
3060 5227 3123 5285 et
3163 5239 3233 5300 Π,
3281 5239 3367 5285 1v.

1835 5321 2055 5397 quoest.
2090 5321 2150 5377 4.
2183 5317 2329 5378 item
2360 5321 2591 5392 mutuS,
2614 5334 2837 5394 caecuS,
2864 5320 2924 5377 et
2954 5316 3208 5376 omuino
3240 5335 3371 5375 sur·

1834 5412 1974 5487 due,
2011 5411 2281 5470 furiosus
2312 5414 2637 5489 perpetuO,
2678 5410 2882 5469 minor
2924 5408 3370 5487 septemdecim

1839 5503 2043 5580 annis,
2080 5522 2322 5580 servuS,
2360 5503 2612 5577 femina,
2656 5502 2987 5578 sodomita,
3036 5502 3372 5561 damnatus

3475 4357 3551 4410 Qui
3579 4369 3664 4402 non

3474 4465 3675 4512 advoc-ti.
