4263 6376
619 1626 731 1684 251

565 1753 630 1792 An
654 1750 775 1793 detur

586 1810 764 1857 parvitas

537 1857 734 1907 materiae,
754 1862 795 1900 et

563 1918 775 1964 peecatum

518 1963 611 2005 leve
637 1963 678 2005 in
708 1978 816 2006 usn-

517 2028 591 2058 ra:
613 2018 817 2061 sententia

588 2083 759 2126 negans.

874 318 993 376 260

874 493 1010 570 scit,
1069 493 1187 553 nisi
1215 491 1661 554 consuetudine
1717 491 2030 553 contraria
2072 490 2402 568 prohibea-

2030 312 2131 372 DE
2175 312 2526 374 JUSTI'l'IA
2573 315 2672 374 ET
2713 315 2913 375 JURE

2584 492 2715 569 Ego
2762 497 2970 553 tamen
3001 495 3309 570 existim0‚
3367 494 3611 556 etiamsi
3664 497 3730 556 in
3769 498 4012 558 simonia

871 593 993 658 tur,
1047 605 1168 666 qua
1199 583 1503 664 ejusmodi
1534 602 1740 643 causae
1787 583 1867 643 ad
1888 583 2167 662 judicem
2199 583 2401 643 solum
2505 585 2818 645 diceretur
2844 605 2965 647 non
3015 588 3151 648 dari
3193 588 3567 666 parvitatem
3614 591 3907 666 materiae,
3955 597 4015 654 ut
4062 625 4120 666 0„
4182 636 4208 675 ,4

2502 678 2711 755 plures
2742 679 2976 755 dicunt,
3030 697 3102 740 eo
3145 681 3314 760 quod
3345 688 3579 760 quanto
3620 684 3884 761 pretium
3911 685 4014 744 mi·
4068 686 4119 719 ¹⁸·
4182 690 4208 729 ¹¹

871 679 1359 740 ecclesiasticum
1387 677 1698 756 pertinere
1728 675 1949 751 solent,
1984 675 2061 735 de
2092 694 2217 755 quo
2248 695 2399 737 con-

871 771 1231 833 suetudines
1260 770 1593 850 cujuslibet
1637 769 1754 830 loci
1800 769 2200 830 consulendae
2231 774 2396 831 sunt.

1555 1084 1611 1162 g,
1645 1088 1701 1145 4.

941 1354 987 1415 A
1004 1374 1040 1411 n
1072 1353 1129 1411 in
1159 1352 1400 1413 crimine
1426 1369 1618 1412 usurae
1643 1351 1719 1411 sit
1735 1351 2008 1432 parvitas
2037 1354 2318 1410 materne.

948 1610 1068 1668 Pro
1099 1608 1554 1686 complemento
1604 1605 1790 1684 hujus
1833 1606 2112 1666 materiae
2144 1606 2221 1665 de
2253 1625 2399 1665 usu-
2438 1675 2445 1681 ⁸

866 1701 973 1777 ris,
1007 1700 1200 1779 quaeri
1231 1704 1454 1777 potest,
1507 1717 1585 1759 an
1613 1700 1672 1758 in
1707 1700 1824 1758 hoc
1855 1701 2134 1776 peccato,
2184 1703 2248 1759 et
2282 1699 2396 1758 cri·

866 1794 1031 1854 mine
1064 1793 1274 1872 possit,
1309 1793 1467 1853 sicut
1497 1792 1555 1851 in
1588 1792 1745 1867 aliis,
1793 1791 1927 1851 dari
1957 1791 2234 1869 parvitas
2263 1809 2397 1850 ma-

862 1887 1058 1962 teriae,
1092 1886 1330 1946 ratione
1351 1884 1528 1964 cujus
1551 1885 1630 1944 sit
1649 1885 1846 1944 solum
1873 1884 2131 1959 veniale,
2160 1883 2395 1962 aliquid

864 1998 977 2057 pro
1007 1983 1223 2040 mutuo
1254 1978 1524 2056 exigere,
1578 1995 1766 2056 quam
1811 1977 2396 2056 quaestionem-pro-

862 2073 1041 2151 ponit
1071 2073 1266 2132 Diana
1292 2076 1376 2132 to.
1412 2073 1515 2131 IV.
1551 2074 1730 2131 tract.
1768 2087 1828 2131 v.
1862 2069 1932 2129 de
1939 2071 2245 2150 parvitate
2271 2089 2393 2130 ma-

862 2166 1045 2241 terioe,
1097 2165 1280 2226 resol.
1313 2167 1411 2226 30.
1466 2168 1528 2224 et
1556 2163 1708 2224 dicit
1752 2162 1833 2223 ab
1877 2163 2236 2223 auctoribus
2267 2182 2393 2223 non

860 2257 1056 2336 tangi,
1114 2259 1440 2336 solumque
1487 2257 1668 2317 affert
1695 2256 2021 2317 Alfonsum
2078 2255 2156 2315 de
2184 2259 2392 2317 Leone

859 2349 926 2409 de
953 2349 1152 2430 officio
1179 2351 1392 2430 confes,
1427 2356 1586 2428 part.
1620 2351 1665 2409 Ι.
1701 2348 1987 2409 recollect.
2025 2366 2137 2409 vn.
2192 2368 2252 2409 n.
2286 2353 2387 2411 37.

859 2443 967 2502 ubi
992 2448 1197 2521 negat,
1233 2442 1364 2502 dari
1389 2442 1451 2500 in
1476 2460 1664 2502 usura
1687 2442 1965 2501 materiae
1989 2442 2385 2519 parvitatem,

859 2536 1007 2614 quia
1035 2534 1337 2615 quidquid
1367 2535 1518 2595 sorti
1548 2534 1796 2609 accidit,
1850 2553 2038 2616 usura
2083 2539 2196 2610 est,
2249 2554 2389 2595 ver-

856 2627 1006 2687 bum
1055 2627 1220 2686 enim
1268 2625 1572 2707 quidqmd‚
1633 2627 1695 2685 in
1743 2627 1992 2687 modica
2040 2627 2230 2687 etiam
2260 2646 2386 2687 ma-

855 2721 1011 2779 teria
1039 2719 1417 2795 verificatur,
1454 2723 1520 2780 ut
1549 2718 1835 2779 doctores
1865 2721 2280 2781 communiter
2308 2721 2386 2780 de

855 2812 1124 2873 dictione
1152 2812 1258 2872 illa
1287 2812 1583 2887 sentiunt,
1638 2830 1794 2891 quos
1823 2812 1908 2871 ibi
1938 2812 2131 2871 Diana
2167 2815 2379 2885 affert3

854 2905 957 2985 qui
988 2912 1195 2966 tamen
1229 2905 1380 2965 nibil
1427 2905 1663 2981 definit,
1714 2905 1823 2965 sed
1853 2904 2256 2983 cogitandum
2286 2924 2385 2965 re-

850 2997 1096 3076 linquit,
1159 2998 1305 3077 quia
1333 3017 1406 3058 ex
1438 2999 1558 3058 alio
1600 2998 1801 3076 capite
1837 3016 1955 3058 non
1989 3002 2272 3075 apparet,
2332 3000 2382 3059 si

853 3091 914 3150 in
945 3092 1207 3151 simonia
1255 3091 1387 3150 dari
1422 3094 1626 3169 potest
1653 3091 1928 3169 parvitas
1957 3093 2257 3166 materiae,
2317 3098 2385 3154 nt

851 3184 1027 3246 multi
1085 3183 1457 3260 concedunt,
1518 3204 1631 3244 cur
1688 3184 1875 3245 etiam
1907 3184 1968 3244 in
2025 3204 2217 3246 usura
2244 3185 2381 3246 dari

821 3296 974 3338 >non
1005 3278 1217 3356 possit.
1271 3276 1533 3338 Videtur
1559 3282 1767 3338 autem
1811 3275 1999 3337 dictio
2043 3277 2168 3354 illa,
2215 3277 2380 3358 quid-

850 3370 1010 3452 quid,
1070 3371 1134 3430 in
1165 3389 1289 3450 qua
1319 3370 1444 3429 vim
1474 3370 1623 3430 facit
1649 3370 1850 3448 prima
1881 3370 2212 3444 sententia,
2270 3371 2378 3430 de·-

847 3469 1095 3542 sumpta
1125 3483 1198 3523 ex
1227 3457 1490 3542 August.
1547 3463 1740 3522 relato
1771 3463 1832 3521 in
1865 3481 1919 3522 c.
1956 3462 2033 3521 Si
2055 3464 2379 3543 foenerave-

844 3556 949 3634 ris,
983 3557 1140 3618 XIV.
1169 3574 1229 3636 q.
1257 3573 1351 3616 111.
1387 3554 1655 3630 dicente,
1698 3555 1811 3615 «Si
1838 3555 2242 3616 foeneraveris
2264 3557 2377 3616 ho-

843 3650 1016 3726 mini,
1053 3669 1087 3710 a
1118 3668 1240 3730 quo
1272 3648 1506 3727 aliquid
1536 3647 1866 3727 plusquam
1897 3647 2145 3723 dedisti,
2191 3668 2376 3727 expe-

842 3749 970 3805 ctes
999 3744 1303 3821 accipere,
1338 3759 1460 3801 non
1493 3740 1823 3818 pecuniam
1853 3739 2073 3812 solum,
2122 3741 2231 3801 sed
2260 3743 2375 3801 ali-

841 3837 990 3916 quid
1019 3836 1350 3916 plusquam
1404 3833 1650 3909 dedisti,
1713 3833 1841 3892 sive
1898 3833 2049 3892 illud
2093 3833 2372 3895 triticum

838 3930 937 4005 sit,
992 3930 1120 3990 sive
1153 3930 1386 4004 vinum,
1446 3927 1576 3987 sive
1608 3926 1834 4001 oleum,
1887 3925 2017 3986 sive
2047 3928 2371 4005 quodlibet

835 4022 1027 4097 aliud,
1054 4024 1102 4081 si
1125 4022 1456 4100 plusquam
1478 4020 1725 4094 dedisti,
1751 4025 2040 4096 expectas
2056 4020 2364 4098 accipere,

836 4117 1176 4176 foenerator
1193 4134 1280 4188 es,
1304 4137 1331 4170 η
1373 4117 1434 4173 et
1462 4132 1532 4172 ex
1553 4114 1804 4172 Hieron.
1840 4113 2035 4172 relato
2065 4113 2127 4171 in
2161 4132 2213 4172 c.
2249 4114 2367 4173 Pu·

837 4216 986 4283 tant,
1038 4207 1258 4267 eodem
1289 4207 1426 4266 loco
1458 4205 1701 4265 dicente
1751 4225 1763 4264 ε
1825 4226 1852 4260 α
1884 4204 2004 4264 Alii
2035 4223 2148 4282 pro
2177 4224 2366 4283 pccu-

837 4302 939 4362 nia
967 4302 1272 4361 foenerata
1317 4299 1519 4359 solent
1544 4298 1914 4358 munuscula
1961 4297 2244 4375 accipere
2276 4298 2365 4358 di-

834 4394 994 4455 versi
1010 4393 1294 4472 generis:
1336 4395 1398 4451 et
1418 4409 1539 4451 non
1562 4390 1934 4466 intelligunt,
1969 4409 2225 4450 usuram
2259 4410 2362 4470 ap-

832 4486 1072 4566 pellari,
1132 4491 1195 4548 et
1237 4483 1899 4564 superabundantiam,
1953 4483 2258 4562 quidquid
2291 4485 2362 4543 il·-

831 4580 934 4641 lud
965 4584 1079 4655 est,
1129 4579 1178 4639 si
1210 4578 1289 4638 ab
1319 4597 1415 4654 eo,
1467 4576 1635 4655 quod
1665 4576 1974 4652 dederint,
2010 4576 2150 4654 plns
2183 4595 2361 4636 accc-

827 4677 1076 4753 perunt.
1097 4695 1124 4730 »
1163 4674 1241 4732 Et
1264 4690 1338 4731 ex
1360 4670 1647 4731 Ambros„
1674 4668 1869 4729 relato
1891 4669 1953 4727 in
1975 4687 2028 4729 c.
2053 4667 2353 4750 Plerique,

827 4766 1051 4827 eodem
1080 4765 1240 4840 loco,
1274 4763 1518 4826 dicente
1551 4779 1565 4825 ε
1611 4763 1737 4822 «Et
1765 4780 1907 4822 esca
1937 4781 2127 4822 usura
2149 4769 2262 4838 est,
2299 4769 2359 4825 et

826 4859 1016 4920 vestis
1046 4875 1235 4919 usura
1265 4862 1378 4932 est,
1431 4860 1493 4917 et
1519 4854 1964 4934 quodcumque
2012 4855 2161 4916 sorti
2192 4856 2358 4915 acci-

823 4952 934 5025 dit,
974 4970 1165 5012 usura
1192 4953 1317 5021 est;
1352 4947 1518 5028 quod
1544 4947 1696 5008 velis
1725 4946 2350 5024 einomenimponaS,

821 5064 1013 5106 usura
1041 5049 1152 5106 est.
1187 5066 1214 5099 η
1265 5044 1344 5103 Et
1370 5041 1642 5119 denique
1671 5057 1746 5099 ex
1773 5040 1944 5099 Leon
1973 5041 2046 5099 X.
2082 5039 2143 5097 in
2171 5057 2347 5100 conc.

820 5141 1020 5199 Later.
1053 5154 1203 5198 sess.
1237 5152 1296 5196 x.
1332 5152 1457 5194 non
1484 5133 1670 5212 longe
1701 5132 1780 5191 ab
1810 5130 2006 5206 initio,
2052 5131 2298 5194 dicente
2333 5152 2347 5191 ε

831 5253 860 5287 «ι
896 5230 1194 5290 Dominus
1249 5232 1461 5288 noster
1482 5274 1497 5304 ,
1568 5227 1738 5286 Luca
1801 5224 2187 5301 evangelista
2255 5231 2350 5286 te-

822 5327 1044 5399 stante,
1096 5326 1312 5400 aperto
1344 5338 1456 5380 nos
1486 5322 1801 5399 praecepto
1833 5314 2185 5393 obstrinxit,
2233 5336 2351 5378 nec

820 5434 895 5475 ex
925 5415 1068 5476 dato
1111 5421 1327 5475 mutuo
1361 5413 1695 5493 quicquam
1746 5409 1908 5470 ultra
1954 5415 2186 5470 sortem
2216 5429 2351 5489 spe·

820 5526 957 5567 rare
988 5507 1350 5568 debeamus.
1383 5529 1412 5563 n

2450 5243 2587 5284 ram
2615 5243 2747 5284 RSSP,
2807 5244 2819 5284 ἰ

2503 789 2619 831 nus
2662 771 2761 847 sit,
2811 790 2884 832 eo
2913 772 3116 852 major
3144 774 3551 836 irreverentia
3582 777 3717 837 fieri
3747 778 4015 839 videatur

2501 863 2591 922 rei
2647 864 2970 942 spirituali,
3031 884 3170 945 quae
3226 867 3310 926 illi
3354 869 3553 946 pretio
3600 870 3759 931 adeo
3808 872 4013 949 exiguo

2502 963 3075 1030 commensuratur;
3137 959 3197 1018 in
3258 978 3445 1020 usura
3499 966 3711 1022 tamen
3758 963 3824 1023 id
3862 963 4013 1023 nullo

2502 1049 2689 1109 modo
2721 1051 2935 1127 negari
2966 1069 3168 1129 posse.
3231 1054 3408 1129 Quia,
3461 1072 3607 1113 cum
3637 1060 3765 1115 tota
3793 1057 4014 1117 malitia

2500 1159 2705 1201 usurae
2735 1143 2815 1204 sit
2840 1147 3057 1204 contra
3095 1144 3406 1223 justitiam
3434 1151 3741 1225 quatenus
3770 1167 4014 1227 usurpa·

2499 1239 2602 1294 tur
2626 1233 2901 1294 alienum
2929 1236 3062 1296 sine
3109 1237 3288 1298 titulo
3335 1238 3688 1315 sufficienti,
3743 1242 4015 1319 impossi-

2498 1326 2620 1385 bile
2650 1331 2764 1403 est,
2799 1328 2966 1406 quod
2991 1329 3070 1390 sit
3095 1329 3399 1407 injustitia
3426 1331 3660 1409 gra‘viS,
3695 1333 3932 1412 quoties
3958 1334 4011 1392 id

2499 1418 2666 1496 quod
2698 1420 2828 1479 sine
2859 1420 3037 1481 titulo
3082 1422 3387 1500 accipitur
3413 1423 3495 1483 ob
3523 1430 3832 1500 mutuum,
3888 1427 4012 1487 leve

2498 1516 2623 1583 est;
2660 1513 2732 1588 si,
2765 1530 2825 1572 v.
2860 1532 2955 1591 gr.
2984 1519 3203 1576 mutuo
3232 1516 3344 1576 tibi
3375 1519 3510 1578 100.
3542 1519 3578 1578 J
3588 1518 3760 1594 ulios,
3794 1523 3861 1579 ut
3887 1519 4013 1579 red·

2497 1604 2609 1663 das
2636 1604 2790 1663 mibi
2822 1608 2957 1666 101.
3019 1625 3139 1667 non
3172 1608 3411 1686 accipio
3462 1628 3502 1669 a
3529 1614 3591 1670 te
3648 1610 3874 1689 injuste
3903 1612 4008 1671 nisi

2498 1715 2690 1756 unum
2719 1698 2974 1774 Julium,
3036 1699 3139 1778 qui
3172 1718 3296 1760 non
3354 1705 3559 1778 potest
3601 1722 3734 1763 esse
3765 1706 4006 1765 materia

2494 1788 2737 1868 injuriae
2765 1792 2996 1868 gravis,
3032 1798 3102 1854 ut
3129 1797 3392 1854 constat.

2573 1882 2991 1945 Confirmatur
3035 1886 3259 1963 primo,
3295 1886 3442 1966 quia
3488 1888 3541 1947 si
3569 1889 3740 1949 illum
3785 1892 4003 1951 Julium

2492 1973 2734 2034 furarer
2760 1976 2998 2055 absque
3030 1978 3154 2037 ullo
3186 1985 3403 2039 mutuo
3433 1981 3844 2059 praecedente,
3887 2003 4002 2043 non

2492 2074 2653 2127 esset
2668 2074 2993 2146 peccatum
3008 2088 3221 2148 grave,
3241 2070 3656 2135 communiter
3668 2075 3998 2154 loquendo:

2493 2177 2641 2237 ergo
2671 2161 2866 2221 multo
2896 2162 3101 2223 minus
3149 2164 3199 2223 si
3234 2164 3314 2224 ob
3344 2171 3630 2226 mutuum
3679 2168 3827 2227 illud
3854 2169 4001 2228 acci·

2489 2252 2688 2331 piam;
2740 2253 2944 2332 major
2971 2256 3137 2316 enim
3179 2256 3410 2335 injuria
3436 2259 3528 2333 fit,
3581 2261 3816 2321 caeteris
3843 2263 3998 2340 pari·

2489 2344 2627 2420 buS‚
2662 2345 2725 2404 in
2751 2346 2941 2423 furt0,
2997 2366 3185 2426 quam
3216 2349 3279 2409 in
3311 2369 3523 2427 usura,
3558 2370 3700 2412 cum
3730 2360 3789 2413 et
3815 2353 3998 2414 domi-

2489 2457 2604 2497 nus
2631 2439 2711 2498 sit
2753 2440 2955 2517 magis
3010 2440 3263 2517 invituS,
3324 2448 3388 2502 ct
3429 2462 3531 2503 res
3586 2446 3805 2506 minori
3834 2447 3995 2508 titulo

2487 2530 2674 2589 etiam
2743 2532 3070 2609 apparenti
3119 2540 3455 2613 usurpetur
3512 2557 3526 2597 :
3587 2556 3778 2614 quare
3829 2539 3992 2599 multi

2484 2624 2747 2697 gentiles
2776 2623 2853 2682 de
2891 2643 3097 2685 usura}
3151 2626 3454 2705 injustitia
3511 2627 3881 2706 dubitarunt,
3936 2638 3993 2690 et

2484 2716 2650 2774 illam
2696 2735 2818 2776 non
2871 2724 3265 2795 agnoverunt
3319 2721 3541 2782 saltem
3583 2722 3642 2781 in
3685 2724 3989 2785 moderata

2483 2809 2847 2886 quantitate,
2881 2808 3029 2871 furti
3056 2816 3266 2871 autem
3297 2814 3599 2875 malitiam
3630 2834 3808 2876 nemo
3835 2815 3989 2894 igno-

2482 2902 2662 2962 ravit.

2561 2996 2976 3057 Confirmatur
3004 2998 3300 3073 secundO,
3335 2999 3484 3077 quia
3504 3019 3629 3060 non
3645 3008 3844 3080 potest
3867 3022 3986 3064 esse

2480 3086 2705 3164 injuria
2735 3089 2942 3165 gravis
2973 3089 3137 3150 eirca
3163 3091 3346 3151 bonae
3378 3092 3666 3170 fortunae,
3716 3114 3850 3174 quae
3875 3115 3986 3157 uon

2479 3183 2656 3242 ass‘ert
2710 3181 3156 3259 obligationem
3210 3186 3470 3262 gravem
3525 3185 3605 3245 ad
3680 3190 3988 3250 restituen-

2477 3274 2625 3333 dum
2663 3295 2675 3335 :
2728 3275 2836 3334 sed
2867 3275 2971 3353 qui
3002 3295 3197 3336 unum
3226 3278 3427 3336 solum
3456 3279 3695 3340 Julium
3723 3285 3987 3342 usuraria

2474 3367 2836 3445 accepisset,
2874 3385 2995 3427 non
3019 3369 3401 3446 obligaretur
3425 3371 3540 3431 sub
3564 3380 3822 3449 peccato
3844 3394 3989 3436 mor-

2475 3460 2577 3520 tali
2610 3461 2685 3518 ad
2719 3461 3195 3536 restituendum,
3232 3466 3301 3522 ut
3319 3467 3594 3536 constat;
3628 3485 3779 3544 ergo
3803 3487 3987 3548 neque

2472 3553 2751 3631 acceptio
2784 3554 2899 3614 fuit
2927 3560 3252 3632 peccatum
3299 3573 3513 3633 grave,
3563 3576 3708 3618 cum
3739 3563 3989 3622 retentio

2472 3646 2552 3706 sit
2577 3646 2936 3707 continuata
2986 3648 3277 3726 quaedam
3326 3651 3629 3727 acceptio,
3692 3637 3989 3714 ettamen

2468 3740 2731 3800 retentio
2762 3759 2885 3800 non
2916 3746 3078 3801 esset
3104 3741 3287 3820 culpa
3302 3743 3533 3820 graviS,
3569 3744 3845 3824 alioquin
3876 3766 3993 3806 non

2470 3839 2679 3910 posset
2730 3834 2862 3893 sine
2902 3838 3159 3912 peceato
3216 3835 3464 3895 mortali
3509 3836 3712 3898 omitti
3758 3840 3996 3900 restitu-

2467 3926 2576 3985 tio,

2546 4020 2640 4079 Ad
2671 4020 3144 4081 fundamentum
3176 4039 3324 4080 vero
3356 4022 3519 4082 illius
3567 4027 3844 4086 auctoris
3873 4045 3995 4086 res-

2466 4112 2726 4190 ponderi
2796 4119 3000 4191 potest
3054 4113 3254 4174 facile.
3322 4114 3562 4191 Prim0,
3631 4117 3990 4193 dictIonem,

2463 4203 2764 4285 quidquid,
2817 4205 2894 4264 ab
2926 4205 3043 4265 illis
3084 4205 3369 4267 Patribus
3399 4226 3521 4267 non
3567 4228 3704 4269 esse
3734 4230 3994 4290 usurpa·

2466 4303 2587 4358 tam
2611 4297 2685 4356 ad
2708 4298 3363 4375 comprehendendam
3396 4318 3647 4360 omnem
3682 4305 3995 4382 quantita-

2461 4396 2610 4467 tem,
2672 4391 2857 4451 etiam
2904 4391 3249 4466 minimam,
3312 4392 3420 4452 sed
3465 4393 3548 4453 ad
3579 4397 3991 4474 comprehen-

2461 4483 2573 4543 das
2595 4502 2810 4544 omnes
2832 4502 3040 4544 rerum
3061 4484 3301 4562 species
3335 4505 3347 4545 ε
3381 4486 3808 4565 loquebantur
3825 4491 3986 4549 enim

2460 4580 2676 4636 contra
2725 4576 3052 4655 quosdam,
3115 4576 3218 4655 qui
3268 4578 3578 4655 putabant
3632 4579 3693 4639 in
3724 4581 3853 4641 sola
3877 4601 3984 4660 pe-

2459 4670 2658 4729 cnniae
2681 4670 3039 4748 acceptione
3061 4670 3362 4731 committi
3387 4689 3667 4748 usuram,
3694 4691 3816 4733 non
3836 4692 3978 4734 vero

2457 4763 2517 4821 in
2575 4762 2932 4838 acceptione
2988 4762 3252 4822 aliarum
3311 4781 3520 4823 rerum
3573 4782 3687 4842 pro
3730 4771 3971 4836 mutum

2456 4859 2673 4913 contra
2718 4872 2874 4932 quos
2921 4853 3235 4929 dicebant,
3287 4855 3418 4914 sive
3465 4858 3738 4934 pecunia
3781 4863 3965 4924 esset:

2454 4947 2584 5006 sive
2613 4946 2918 5025 quidquid
2947 4947 3139 5018 aliud,
3176 4967 3430 5008 usuram
3460 4951 3788 5012 committi.

2536 5039 2822 5099 Secundo
2878 5040 3240 5117 responderi
3300 5048 3534 5119 potest,
3590 5044 3957 5103 verissimmu

2454 5151 2588 5191 esse
2619 5132 2921 5210 quidquid
2951 5133 3296 5211 accipiatur
3324 5135 3486 5195 ultra
3515 5144 3777 5210 sortem,
3828 5155 3949 5195 usu-

2881 5242 3023 5284 cum
3055 5225 3266 5285 debita
3309 5230 3519 5286 tamen
3552 5228 3940 5307 proportione.

2455 5318 2505 5377 si
2536 5335 2832 5394 magnum
2891 5318 3039 5396 quid
3081 5318 3444 5397 accipiatur,
3507 5339 3697 5381 usura
3746 5338 3941 5397 magna

2454 5411 2603 5482 erit3
2640 5411 2689 5470 si
2716 5429 2999 5488 parvum,
3033 5430 3249 5490 parva.
3286 5412 3459 5473 Sicut
3479 5414 3789 5474 verissime
3813 5410 3938 5471 dici·

2452 5510 2571 5566 tur,
2635 5502 2936 5580 qnidqmd
2967 5502 3242 5564 alienum
3284 5504 3476 5565 invito
3521 5506 3767 5567 domino
3792 5521 3936 5564 arce-

4040 4162 4114 4310 παῖ

4182 4037 4191 4088 .

4182 4153 4206 4310 Ξ
