4263 6376
1260 345 1727 430 DISPUTATIO
1771 369 1925 446 xm,
1976 370 2249 431 snc‘rlo
2294 371 2341 430 1.

219 545 454 607 ducere
483 545 796 623 litigantes
833 544 915 606 ad
968 544 1483 623 compositionem
1522 546 1756 607 facien-

218 638 392 715 dam,
426 657 570 699 cum
596 638 751 699 sciat
777 641 1016 698 certum
1038 656 1170 698 esse
1193 639 1297 717 jus
1325 638 1517 717 partis
1538 639 1758 700 adver-

217 750 306 793 sae
343 752 356 792 :
391 734 596 810 potest
620 735 830 792 tamen
856 730 921 789 id
975 730 1180 791 facere
1229 731 1479 810 quand-o
1546 732 1756 792 existi·

215 829 443 901 maret,
479 842 661 884 suum
691 823 980 885 clientem
1010 842 1135 885 non
1192 842 1513 885 cessurum
1559 843 1596 886 a
1649 825 1754 887 lite

217 918 334 979 sed
358 921 728 979 vexatarum
759 916 1189 977 adversarium
1212 935 1227 989 ;
1261 921 1410 978 tunc
1431 916 1598 977 enim
1618 934 1758 996 pos-

216 1015 316 1074 set
343 1010 702 1072 adversario
731 1009 845 1071 soli
868 1010 1192 1071 consulere
1214 1010 1753 1089 compositionem,

215 1123 348 1186 qua
407 1103 744 1165 redimeret
798 1120 976 1163 suam
1031 1102 1448 1164 vexationem.
1481 1104 1577 1164 An
1608 1121 1755 1164 vero

214 1197 417 1278 possit
467 1200 616 1259 tunc
660 1195 1000 1257 advocatus
1044 1194 1444 1256 manifestare
1492 1214 1604 1256 suo
1648 1195 1760 1255 ad-

211 1290 497 1351 versario
527 1292 771 1349 secreta
797 1307 927 1350 suae
956 1287 1171 1368 partis,
1206 1292 1276 1350 ut
1302 1288 1526 1349 melius
1555 1307 1621 1348 se
1652 1287 1755 1348 de·

213 1383 436 1444 tendat
461 1382 540 1443 ab
594 1382 826 1461 injusta
877 1380 1028 1442 lite?
1073 1383 1318 1459 Negant
1345 1382 1758 1443 communiter

212 1494 364 1537 cum
393 1478 457 1538 S.
489 1475 712 1537 Thom.
765 1473 870 1534 ubi
919 1492 1132 1553 supra,
1185 1475 1345 1535 Eam
1384 1476 1595 1536 tamen
1643 1475 1756 1535 do-

211 1568 482 1631 ctrinam
512 1568 732 1629 merito
761 1567 988 1629 limitat
1027 1567 1177 1628 Soto
1229 1583 1323 1631 111.
1384 1566 1454 1627 de
1490 1567 1751 1647 justitia,

211 1681 324 1742 qu.
360 1679 498 1723 vm.
531 1664 649 1723 art.
682 1663 740 1721 3.
777 1664 846 1721 ιιι
872 1659 1173 1738 procedat
1213 1660 1628 1721 communiter
1669 1661 1757 1721 lo-

211 1755 489 1834 quendo.
526 1757 682 1815 Cum
714 1754 832 1815 hoc
859 1757 1072 1814 tamen
1103 1756 1228 1815 stat
1257 1754 1425 1832 quod
1473 1752 1522 1814 si
1577 1771 1755 1815 accu-

207 1853 386 1910 sator
412 1847 638 1927 injuste
672 1845 1059 1926 procederet,
1094 1850 1156 1908 et
1186 1865 1328 1908 reus
1349 1846 1551 1925 capite
1574 1847 1752 1906 dam-

209 1941 460 2002 nandus
489 1946 652 2001 esset
676 1939 1247 2019 propterinjustam
1264 1940 1750 2018 accusationem,

210 2035 558 2095 advocatus
614 2033 994 2094 accusatoris
1048 2032 1112 2091 id
1182 2032 1384 2092 sciens
1440 2037 1757 2094 teneretur

206 2128 547 2188 falsitatem
577 2125 957 2187 accusatoris
987 2124 1275 2204 prodere,
1309 2128 1372 2185 et
1402 2125 1464 2185 id
1495 2126 1556 2185 in
1579 2125 1753 2204 judi-

207 2220 310 2281 cio
340 2219 658 2281 testificari
685 2218 733 2278 si
767 2237 921 2290 opus
952 2222 1135 2294 esset,
1170 2222 1239 2280 ut
1267 2217 1633 2279 defenderet
1660 2219 1756 2278 in-

207 2317 582 2386 nocentem;
633 2312 684 2372 si
743 2311 864 2372 hoc
918 2314 1131 2371 tamen
1199 2316 1559 2389 speraretur
1603 2329 1751 2391 pro-

207 2406 513 2476 futurum,
549 2407 611 2464 et
637 2406 850 2483 posset
877 2403 941 2463 id
971 2402 1178 2463 facere
1208 2403 1341 2464 sine
1378 2407 1751 2465 nocumento

208 2500 465 2579 proprio
521 2497 1075 2576 proportionaliter
1148 2497 1327 2574 gravi
1358 2517 1371 2557 :
1434 2497 1750 2559 admonito

203 2597 422 2655 tamen
452 2590 624 2670 prius
664 2593 1030 2651 accusatore
1064 2593 1133 2651 ut
1174 2588 1501 2651 desisteret
1533 2610 1546 2651 :
1583 2589 1751 2669 quod

206 2685 258 2745 si
293 2685 356 2744 id
385 2685 591 2745 facere
622 2682 835 2759 nollet,
869 2685 1074 2761 potest
1114 2683 1251 2762 ejus
1292 2687 1532 2743 secreta
1573 2701 1752 2743 reve-

205 2780 367 2840 lare.
405 2777 585 2851 Quod
634 2776 826 2837 etiam
880 2776 1157 2838 extendit
1207 2776 1288 2835 ad
1321 2776 1473 2837 alias
1502 2794 1745 2853 causaS,

203 2890 353 2952 quae
378 2868 564 2950 paulo
592 2870 901 2929 minorem
932 2867 1410 2930 aestimationem
1439 2868 1748 2931 haberent

200 2981 400 3044 quam
428 2981 619 3036 morS,
653 2966 723 3023 ut
773 2962 822 3022 si
870 2964 1168 3038 ageretur
1214 2961 1292 3021 de
1337 2961 1750 3022 celeberrima

200 3058 402 3134 fama,
437 3060 500 3117 et
529 3055 788 3128 honore,
823 3057 1113 3132 statuque
1162 3054 1423 3133 aliquus
1466 3054 1742 3115 illustris,

199 3150 400 3214 Addit
426 3147 696 3228 denique
727 3147 1103 3219 advocatum
1129 3147 1242 3224 rei,
1276 3147 1422 3209 licet
1451 3153 1661 3210 nosset
1681 3167 1746 3210 se

199 3262 386 3305 reum
415 3242 641 3322 injuste
671 3246 1000 3321 protegere
1029 3260 1069 3301 a
1098 3241 1405 3302 sententia
1459 3242 1735 3320 capitali,

201 3356 332 3398 non
362 3354 542 3414 posse
572 3335 705 3413 ejus
734 3333 1101 3413 injustitiam
1144 3335 1434 3414 prodere,
1487 3335 1598 3395 sed
1646 3353 1745 3395 so-

198 3432 336 3492 lum
382 3429 611 3489 debere
660 3428 793 3506 ejus
835 3427 1094 3489 tutelam
1126 3427 1439 3488 deserere.
1496 3429 1746 3488 Certum

198 3526 417 3585 autem
448 3525 541 3582 est
587 3539 848 3599 peccare
891 3519 1265 3581 advocatum
1315 3524 1531 3581 contra
1567 3520 1749 3599 justi-

200 3617 382 3691 tiam,
416 3614 462 3674 si
488 3614 759 3675 rationes
790 3617 851 3673 et
877 3613 1286 3673 fundamenta
1327 3612 1425 3672 sui
1480 3612 1742 3689 clientiS‚

201 3726 398 3789 quem
421 3708 590 3786 juste
641 3705 922 3766 defendit
968 3706 1222 3783 detegat
1280 3705 1638 3765 adversario
1682 3709 1751 3765 ut

200 3820 351 3862 cum
382 3802 553 3876 Soto,
586 3801 886 3875 Navarro‚
912 3803 974 3859 et
994 3798 1129 3857 aliis
1156 3798 1383 3877 prohat
1410 3797 1745 3876 Fagundez

199 3894 361 3955 dicto
385 3901 676 3973 proecepto
707 3907 843 3952 vm.
878 3910 1015 3969 cap.
1049 3907 1238 3951 xtvn.
1272 3909 1378 3951 nu.
1415 3892 1511 3951 13.

318 3988 547 4060 Quarto
582 4032 597 4061 ,
667 3985 960 4045 convenit
1012 3983 1140 4043 fere
1205 3984 1368 4044 inter
1423 3982 1738 4058 doctores,

205 4079 462 4159 quando
495 4078 838 4139 advocatus
859 4124 876 4154 ,
911 4078 1075 4137 facto
1108 4076 1403 4155 prudenti
1433 4075 1740 4151 examine,

203 4173 449 4233 invenit
475 4189 732 4232 causam
763 4187 940 4249 teque
972 4169 1229 4229 dubiam
1259 4168 1356 4229 vel
1390 4186 1568 4247 aeque
1599 4186 1745 4247 pro-

201 4264 505 4339 babilem,
566 4282 748 4341 posse
806 4281 944 4323 eam
1001 4261 1346 4339 prudenter
1394 4260 1741 4339 suscipere3

203 4358 356 4438 quia
385 4357 638 4434 litigans
666 4356 729 4415 in
758 4373 831 4415 6ο
863 4373 1011 4416 casu
1037 4352 1198 4433 juste
1229 4353 1358 4431 agit
1374 4352 1444 4438 jn
1470 4353 1741 4432 judici03

205 4468 359 4528 ergo
405 4453 468 4511 et
511 4448 854 4509 advocatus
908 4450 1119 4526 potest
1164 4445 1222 4505 ei
1267 4445 1432 4506 licite
1480 4445 1749 4524 patroci-

205 4542 368 4604 nari.

289 4636 492 4711 Dices,
527 4634 589 4693 in
618 4632 753 4713 pari
783 4649 974 4691 causa
1017 4630 1356 4692 favendum
1405 4633 1499 4691 est
1544 4630 1748 4708 potius

204 4747 317 4791 reo
349 4746 540 4807 quam
568 4724 793 4797 actori;
842 4741 991 4803 ergo
1021 4723 1071 4783 si
1103 4742 1291 4784 causa
1320 4725 1398 4784 sit
1426 4742 1604 4803 aeque
1633 4723 1750 4783 du-

204 4822 318 4883 bia
345 4820 445 4881 vel
486 4816 827 4899 probabilis
874 4835 988 4896 pro
1041 4819 1311 4896 utraque·
1350 4822 1563 4895 parte,
1614 4835 1740 4877 non

206 4916 417 4993 potest
452 4911 792 4972 advocatus
848 4909 1164 4988 suscipere
1211 4912 1454 4987 partem
1494 4908 1743 4969 actoriS.

210 5005 674 5086 Respondetur,
707 5002 859 5063 illud
887 5003 1137 5063 axioma
1167 5002 1402 5063 habere
1431 5002 1637 5063 locum
1685 5001 1745 5060 in

212 5099 404 5159 dubio
434 5097 600 5173 sacti,
628 5096 725 5156 vel
756 5096 1068 5174 negative,
1105 5114 1226 5155 non
1258 5096 1318 5154 in
1349 5095 1540 5154 dubio
1565 5093 1746 5172 juris,

211 5198 282 5254 ut
311 5190 580 5252 diximus
610 5189 769 5266 disp.
805 5205 1039 5249 xxxvu.
1080 5193 1231 5249 sect.
1260 5191 1355 5249 10.
1390 5188 1450 5248 in
1481 5187 1744 5267 princip.

214 5287 283 5346 In
316 5283 507 5344 dubio
534 5286 744 5343 autem
765 5282 912 5342 facti
935 5281 1068 5361 jam
1101 5282 1216 5343 erit
1244 5300 1315 5341 eo
1344 5281 1478 5358 ipso
1512 5283 1753 5340 certum

215 5378 316 5457 jus
345 5377 459 5452 rei,
492 5380 555 5436 et
581 5393 695 5454 per
722 5392 1112 5453 consequens
1132 5393 1258 5435 non
1286 5373 1519 5453 poterit
1547 5373 1749 5434 advo-

222 5474 400 5532 catus
428 5474 726 5552 praestare
758 5486 939 5529 suum
969 5467 1405 5546 patrocinium.

3278 375 3388 437 791

1935 547 2113 610 Unde
2146 566 2266 608 non
2297 548 2504 627 placet
2522 550 2690 629 quod
2711 550 2905 630 aliqui
2923 551 3161 631 absque
3182 551 3393 613 distin-

1856 640 2060 701 ctione
2091 645 2153 702 et
2181 640 2591 718 explicatione
2623 641 2839 704 dicunt
2861 690 2876 720 ‚
2911 663 3094 722 posse
3124 645 3397 706 advoca-

1857 736 1988 792 tum
2017 732 2082 791 in
2113 750 2303 793 causa
2349 733 2539 794 dubia
2586 736 3003 814 patrocinari,
3055 738 3389 814 MalderuS‚

1855 827 2076 902 Lorca‚
2125 829 2188 886 et
2211 826 2470 886 Merolla
2496 873 2511 903 ,
2565 846 2723 906 quos
2752 830 2972 906 affert,
3025 834 3087 892 et
3115 831 3395 909 sequitur

1856 918 2054 978 Diana
2083 919 2130 980 Ι.
2167 921 2318 980 tom.
2356 936 2417 980 11.
2455 936 2515 997 p.
2570 924 2751 981 tract.
2786 919 2857 981 de
2884 922 3150 1003 opinione
3178 922 3394 1004 proba-

1857 1009 1979 1086 bili,
2025 1010 2210 1072 resol.
2257 1015 2315 1072 6.
2361 1016 2421 1073 6ι
2462 1015 2564 1074 lv.
2599 1030 2660 1092 p.
2704 1017 2781 1075 tr.
2819 1031 2907 1077 111.
2954 1014 3024 1076 de
3051 1015 3396 1077 conscientia

1855 1103 2052 1181 dubia,
2087 1104 2271 1165 resol.
2303 1108 2400 1167 57.
2455 1107 2604 1178 Quae
2635 1105 2929 1178 doctrina,
2957 1109 3396 1171 universaliter

1855 1197 2172 1259 intellecta
2193 1216 2345 1259 vera
2373 1216 2509 1259 esse
2563 1217 2689 1260 non
2736 1203 2977 1279 potest,
3039 1206 3110 1263 ut
3155 1202 3396 1264 notavit

1857 1291 2034 1352 Salas
2081 1291 2145 1350 in
2178 1293 2233 1353 1.
2268 1295 2325 1352 2.
2360 1295 2438 1354 tr.
2475 1289 2632 1354 VIII.
2668 1293 2828 1372 disp.
2874 1295 3079 1372 unica,
3114 1298 3265 1357 sect.
3299 1311 3387 1356 xl.

1854 1404 1960 1444 nu.
1997 1386 2131 1447 108.
2168 1385 2366 1446 Debet
2392 1403 2541 1464 ergo
2572 1385 2967 1466 distinguide
2990 1387 3180 1448 dubio
3206 1409 3218 1449 ε
3246 1406 3394 1448 nam

1853 1477 1904 1537 si
1928 1476 2190 1537 dubium
2222 1477 2328 1554 sit,
2382 1478 2690 1540 stantibus
2719 1481 2957 1541 meritis
2987 1499 3191 1542 causae
3211 1528 3227 1559 ‚
3278 1500 3392 1561 pro

1855 1588 1977 1650 quo
2009 1570 2239 1631 debeat
2266 1572 2576 1633 sententia
2605 1573 2892 1651 proferri,
2936 1574 3271 1654 unicuique
3299 1574 3394 1636 fas

1854 1666 1948 1723 est
1977 1681 2091 1723 sua
2118 1663 2345 1723 merita
2373 1681 2764 1743 proponere3
2800 1666 2849 1726 si
2880 1685 3029 1727 vero
3060 1667 3393 1746 perpensis

1855 1755 2145 1816 omnibus
2173 1755 2459 1833 allegatis
2480 1803 2495 1832 ,
2557 1761 2618 1818 et
2646 1776 2787 1837 quoe
2818 1758 3077 1838 allegari
3106 1762 3387 1836 possunt,

1852 1853 2093 1909 certum
2148 1847 2228 1909 sit
2280 1849 2657 1909 sententiam
2706 1849 2937 1911 debere
2967 1870 3081 1931 pro
3111 1869 3217 1912 reo
3247 1870 3394 1931 pro-

1852 1941 2023 2016 ferri,
2058 1939 2206 2019 quia
2235 1959 2424 2000 causa
2459 1945 2672 2002 manet
2700 1942 2913 2019 dubia,
2939 1947 2999 2005 et
3025 1963 3169 2004 reus
3198 1944 3260 2003 in
3282 1944 3393 2005 du-

1850 2033 1954 2094 bio
1986 2033 2175 2093 debet
2202 2032 2474 2109 absolvi,
2523 2037 2674 2094 tunc
2702 2052 2829 2094 non
2860 2035 3042 2097 video
3073 2037 3390 2115 quemodo

1850 2126 2018 2187 licite
2062 2126 2261 2205 possit
2307 2124 2652 2187 advocatus
2694 2126 2905 2189 favere
2954 2129 3183 2200 actori;
3243 2131 3392 2209 quia

1850 2223 2000 2281 tunc
2030 2237 2156 2279 non
2196 2222 2407 2280 tuetur
2435 2236 2690 2279 causam
2722 2219 2977 2280 dubiam
3005 2269 3019 2298 ,
3080 2221 3190 2281 sed
3220 2227 3389 2283 certo

1850 2312 2170 2392 injustam.
2235 2314 2579 2373 Accusator
2635 2313 2805 2380 enim
2861 2314 3082 2374 videns
3137 2333 3203 2374 se
3260 2333 3388 2375 non

1852 2423 2032 2482 pesse
2062 2404 2331 2482 probare
2362 2408 2579 2465 contra
2609 2423 2809 2483 reum,
2843 2405 3073 2485 injuste
3108 2410 3386 2483 accusat,

1851 2501 1919 2559 ut
1948 2515 2165 2557 omnes
2193 2496 2472 2557 fatentur
2516 2516 2530 2556 ε
2589 2517 2737 2576 ergo
2770 2499 3116 2561 advocatus
3144 2498 3391 2578 injustae

1849 2590 2233 2651 accusationi
2265 2589 2514 2650 assistit.
2576 2591 2754 2661 Quod
2800 2590 2969 2650 idem
3015 2591 3391 2669 proceditin

1849 2701 2037 2743 causa
2069 2681 2234 2743 civili
2270 2701 2283 2741 :
2320 2686 2496 2743 actor
2525 2681 2692 2743 enim
2722 2683 2924 2743 sciens
2954 2701 3019 2743 se
3052 2703 3174 2745 non
3205 2702 3389 2762 posse

1847 2776 2116 2855 probare
2148 2780 2366 2835 contra
2395 2792 2820 2854 possessorem
2844 2822 2859 2852 ,
2912 2776 3022 2836 sed
3071 2795 3205 2836 rem
3251 2795 3389 2837 ma-

1848 2885 1996 2929 nere
2027 2867 2306 2944 dubiam,
2339 2867 2567 2947 injuste
2589 2869 2719 2946 agit
2747 2871 2809 2929 et
2833 2887 2977 2929 eum
3007 2873 3213 2946 vexat,
3248 2888 3393 2930 cum
3486 2871 3491 2874 ’

1845 2961 1909 3019 in
1940 2960 2129 3020 dubio
2163 2960 2384 3020 melior
2412 2960 2490 3021 sit
2521 2969 2710 3020 causa
2739 2963 3117 3039 possessoris
3173 2983 3186 3022 :
3240 2980 3391 3042 ergo

1845 3053 2190 3113 advocatus
2219 3053 2423 3113 sciens
2451 3072 2517 3113 se
2547 3054 2701 3113 nibil
2731 3073 2845 3132 pro
2869 3059 3078 3115 actore
3100 3074 3282 3135 posse
3311 3056 3395 3115 al-

1845 3146 2054 3225 legare
2075 3193 2090 3224 ,
2126 3164 2249 3226 quo
2281 3145 2414 3227 ejus
2445 3145 2705 3208 intentio
2736 3147 3042 3226 probetur
3066 3198 3080 3225 ,
3114 3148 3224 3208 sed
3254 3165 3391 3207 rem

1846 3258 2094 3318 semper
2125 3239 2357 3299 debere
2387 3258 2643 3299 manere
2675 3240 2932 3299 dubiam
2958 3286 2973 3316 ,
3009 3244 3197 3320 atque
3230 3241 3391 3300 adeo

1837 3333 2116 3412 judicem
2148 3332 2376 3392 debere
2413 3332 2692 3411 judicare
2722 3352 2835 3413 pro
2866 3351 2995 3406 reo,
3031 3352 3155 3394 non
3186 3336 3395 3413 potest

1838 3425 2007 3505 juste
2043 3423 2268 3504 juvare
2317 3428 2594 3484 actorem
2618 3428 2953 3503 ‘petentem
3010 3426 3390 3487 sententiam

1844 3518 2175 3598 injustam,
2228 3534 2344 3576 nec
2371 3517 2556 3578 video
2609 3518 2924 3597 quomodo
2973 3518 3034 3578 in
3085 3537 3159 3579 eo
3204 3538 3392 3579 sensu

1845 3611 2040 3689 possit
2069 3609 2376 3670 sententia
2405 3610 2510 3669 illa
2538 3610 2851 3673 sustineri.

1927 3704 2176 3779 Quinto,
2212 3703 2591 3763 conveniunt
2618 3702 2779 3763 inter
2809 3704 3062 3763 eosdem
3083 3749 3098 3779 ,
3136 3703 3387 3782 quando

1844 3814 2034 3857 causa
2079 3795 2263 3856 unius
2308 3794 2438 3854 fere
2489 3794 2638 3853 nihil
2679 3793 2870 3857 habet
2902 3796 3385 3874 probabilitatiS,

1844 3894 1913 3950 ut
1940 3890 2041 3949 vix
2073 3888 2151 3949 sit
2179 3887 2499 3948 moraliter
2538 3906 2679 3965 spes
2708 3886 2771 3947 in
2804 3906 2880 3949 ea
2910 3888 3265 3965 obtinendi,
3314 3907 3388 3950 eo
3437 3914 3575 3957 pamm
3589 3902 3735 3964 sapui

1846 3982 2015 4068 quod
2043 3981 2209 4059 apud
2237 3980 2483 4060 judices
2512 3998 2760 4059 semper
2787 3981 3143 4062 rejiciatur,
3197 4001 3386 4060 regu·
3455 3955 3723 4059 [ξι-’ζ’,δῗὲἷὴιιιῗῖ

1847 4167 1994 4247 quia
2034 4166 2185 4228 facit
2230 4166 2362 4227 sine
2420 4165 2623 4227 fructu
2656 4167 2922 4245 expendi
2953 4185 2990 4227 a
3019 4186 3131 4228 suo
3164 4166 3391 4227 cliente

1844 4267 2090 4339 tempus
2119 4263 2182 4320 et
2209 4258 2536 4337 pecunias:
2593 4263 2656 4319 et
2683 4260 2830 4338 quia
2860 4259 2965 4320 illa
2996 4278 3185 4321 causa
3217 4278 3390 4320 com-

1843 4353 2117 4414 muniter
2161 4370 2287 4411 non
2335 4351 2756 4413 {estimaretur
2785 4353 3169 4432 probabiliS,
3232 4353 3393 4412 diffi-

1847 4448 2047 4508 cultas
2075 4450 2207 4507 tota
2237 4450 2331 4507 est
2352 4491 2367 4521 ,
2426 4444 2680 4524 quando
2724 4464 2916 4507 causa
2943 4448 3270 4525 utriusque
3301 4447 3397 4505 est

1845 4538 2217 4620 probabilis;
2279 4538 2536 4599 alterius
2582 4542 2795 4599 tamen
2834 4537 3259 4617 probabilior,
3314 4555 3393 4595 an

1848 4632 2044 4712 possit
2090 4630 2436 4692 advocatus
2492 4630 2836 4691 defendere
2865 4631 3073 4690 minus
3101 4628 3397 4709 probabi-

1845 4724 2018 4786 lem?
2073 4723 2439 4785 Concedunt
2484 4724 2613 4782 sere
2651 4740 2867 4783 omnes
2911 4741 3093 4800 posse
3141 4720 3395 4781 defendi

1851 4835 2030 4878 reum
2059 4816 2124 4876 in
2155 4834 2343 4876 causa
2372 4816 2580 4875 minus
2608 4814 2952 4893 probabili3
3011 4833 3195 4894 posse
3244 4814 3394 4873 item

1854 4909 2088 4987 suscipi
2133 4927 2388 4970 causam
2420 4909 2647 4969 actoris
2675 4908 2883 4969 minus
2912 4907 3301 4987 probabilem
3333 4907 3395 4966 in

1852 5004 2054 5065 causis
2085 5002 2263 5080 parvi
2296 5002 2596 5063 momenti
2632 5022 2644 5061 :
2692 5002 2756 5060 in
2789 5001 2994 5060 causis
3022 5005 3234 5061 autem
3262 5017 3393 5059 ma-

1852 5097 2002 5157 ximi
2046 5095 2347 5155 momenti
2398 5094 2589 5173 aliqui
2628 5098 2886 5154 censent
2932 5111 3055 5154 non
3085 5111 3268 5172 posse
3298 5112 3397 5152 su-

1855 5189 2009 5267 scipi
2041 5205 2296 5248 causam
2327 5186 2557 5247 actoris
2605 5187 2809 5246 minus
2834 5186 3226 5264 probabilem
3255 5202 3398 5245 con-

1854 5288 1954 5344 tra
1983 5299 2159 5342 reum
2209 5280 2542 5339 halantem
2585 5297 2835 5339 causam
2885 5278 3393 5356 probabiliorem,

1863 5374 2114 5454 quando
2147 5372 2291 5432 inde
2322 5391 2427 5431 reo
2462 5372 2679 5448 ingens
2713 5375 3156 5431 nocumentum
3202 5370 3400 5429 immi-

1868 5471 2067 5545 neret,
2100 5466 2188 5526 ita
2217 5466 2432 5542 sotus,
2466 5465 2571 5525 ubi
2602 5484 2791 5543 supra
2820 5512 2835 5541 ,
2876 5468 2939 5525 et
2968 5463 3093 5524 alii.
3153 5463 3400 5525 Lessius

3494 3847 3614 3900 Quid,
3645 3848 3680 3890 si

1842 4075 2057 4136 lariter
2101 4092 2226 4133 non
2257 4073 2444 4132 licere
2491 4072 2796 4135 advocato
2844 4093 2985 4134 eam
3033 4074 3384 4153 suscipere;
3466 4062 3709 4170 prffiffl„
