4263 6376
1211 251 1682 313 DISPUTATIO
1727 250 1942 328 xxvl,
1993 250 2265 313 SECTIO
2310 251 2441 314 v11.

288 427 473 504 Quoad
500 425 827 488 emendum
867 432 1080 490 autem
1121 445 1377 489 censum
1401 474 1416 504 ,
1471 425 1569 488 vel
1613 425 1769 489 alios

285 521 486 582 reditus
509 520 819 597 vitalitios‚
846 521 953 600 qui
973 527 1174 582 morte
1195 521 1388 601 ipsius
1414 520 1764 597 finirentur,

283 613 758 692 distinguendum
785 620 938 693 puto
977 635 989 675 ε
1040 615 1086 674 si
1132 615 1299 674 enim
1328 614 1579 692 spurius
1606 613 1770 673 filios

283 708 444 767 habet
467 707 562 766 vel
593 707 825 767 habere
856 712 1102 786 sperat,
1148 708 1295 786 quia
1324 707 1403 767 de
1432 725 1624 767 uxore
1655 706 1770 766 du-

283 799 450 860 cenda
475 798 723 877 cogitat,
758 799 855 859 vel
886 800 1041 859 alias
1063 818 1361 877 personas
1392 800 1603 874 habet,
1637 799 1769 878 qui-

280 891 378 951 bus
400 896 532 969 post
558 897 825 951 mortem
858 892 1191 971 providere
1219 892 1479 968 debeat,
1525 910 1649 953 non
1678 890 1770 949 vi-

281 983 434 1044 detur
457 983 778 1061 cogendus
804 991 874 1044 ut
902 988 1100 1046 totum
1131 984 1301 1065 quod
1332 985 1542 1061 babet,
1574 984 1767 1045 redu·

280 1084 364 1136 cat
385 1074 459 1135 ad
482 1076 716 1137 reditus
779 1076 1102 1154 vitalitios,
1135 1097 1277 1138 cum
1308 1078 1632 1139 attendere
1660 1076 1771 1136 de-

276 1168 397 1228 beat
429 1167 501 1227 ad
547 1174 794 1249 tempus
826 1171 1015 1231 etiam
1062 1171 1450 1250 subsequens
1482 1190 1496 1230 :
1539 1170 1592 1230 si
1620 1187 1767 1230 vero

276 1261 346 1320 ita
369 1266 514 1321 esset
536 1262 727 1337 solus,
762 1268 831 1323 ut
857 1263 977 1322 sibi
1004 1264 1120 1324 soli
1148 1263 1493 1342 indigeret,
1526 1281 1653 1325 non
1682 1263 1770 1322 vi·

275 1354 430 1413 detur
461 1353 740 1415 absolute
789 1374 975 1434 egere
1001 1402 1016 1433 ,
1070 1355 1176 1435 qui
1226 1355 1417 1418 habet
1463 1361 1768 1437 quantum

274 1445 469 1507 sufficit
505 1447 583 1507 ad
635 1447 998 1510 vivendum.
1058 1449 1121 1511 Si
1179 1450 1346 1510 enim
1392 1450 1767 1511 beneficium

274 1540 728 1601 ecclesiasticum
760 1541 1024 1603 haberet
1050 1561 1194 1603 cum
1224 1560 1507 1622 congrua
1529 1548 1767 1604 susten-

273 1633 493 1708 tatione,
524 1635 746 1712 procul
767 1634 961 1696 dubio
986 1641 1166 1714 pater
1191 1654 1316 1697 non
1339 1636 1618 1713 deberet,
1653 1653 1768 1696 nec

270 1732 452 1803 posset
491 1727 546 1786 ei
593 1727 898 1788 alimenta
926 1728 1099 1790 dare.
1160 1730 1221 1791 Si
1269 1748 1418 1809 ergo
1467 1748 1542 1790 ex
1586 1728 1768 1790 bonis

271 1819 377 1877 suis
400 1825 595 1897 potest
635 1820 757 1880 sibi
795 1821 1158 1899 providere,
1210 1823 1372 1883 sicut
1415 1824 1467 1883 si
1508 1822 1769 1883 baberet

270 1910 608 1972 beneficium
632 1958 649 1989 ,
706 1931 830 1973 non
879 1919 1172 1992 poterunt
1217 1915 1275 1976 ei
1312 1916 1435 1976 alia
1473 1916 1768 1976 alimenta

272 2003 402 2064 dari.

101 2113 175 2168 ης,
335 2097 650 2159 Dubitatur
680 2099 865 2160 tertio
890 2145 906 2176 ,
941 2118 1020 2160 an
1052 2098 1138 2160 illi
1171 2099 1249 2160 ad
1283 2118 1440 2179 quos
1466 2101 1635 2162 bona
1662 2119 1768 2181 pa·

50 2234 160 2277 ,ab
202 2240 234 2277 α
269 2196 482 2249 rentum
516 2196 969 2268 pervenerunt,
1003 2198 1335 2254 teneantur
1358 2193 1440 2253 ad
1474 2194 1769 2255 alendum

50 2267 231 2381 {haiae
268 2281 435 2341 filium
460 2283 744 2361 spurium
766 2330 782 2360 ,
830 2285 929 2344 cui
977 2290 1155 2364 pater
1179 2286 1478 2347 alimenta
1507 2305 1631 2348 non
1661 2287 1770 2347 de-

51 2351 221 2444 &¹5¹¹ss
268 2374 381 2434 dit?
407 2377 583 2454 Resp.
617 2376 702 2437 de
732 2377 983 2437 haerede
1014 2396 1138 2438 non
1168 2382 1262 2439 est
1280 2378 1564 2456 dubium,
1599 2379 1768 2459 quod

50 2457 234 2552 m
267 2472 556 2544 teneatur,
603 2488 753 2530 cum
781 2471 1008 2532 subeat
1047 2471 1258 2532 omnia
1285 2491 1478 2533 onera
1521 2477 1584 2535 et
1613 2473 1770 2532 obli-

265 2560 516 2637 gationes
557 2562 883 2637 defuncti3
927 2570 991 2626 et
1033 2565 1179 2626 licet
1226 2565 1346 2638 boc
1386 2564 1490 2645 jus
1530 2566 1610 2626 ad
1658 2565 1770 2625 ali-

265 2659 448 2715 menta
472 2673 596 2716 non
627 2661 911 2717 transeat
936 2657 1015 2717 ad
1045 2657 1327 2719 haeredes
1354 2658 1549 2737 spurii
1575 2704 1591 2735 ,
1653 2657 1767 2718 nisi

265 2746 316 2805 hi
343 2749 514 2809 etiam
543 2749 673 2810 sint
709 2749 1184 2828 descendenteS,
1218 2752 1445 2831 quibus
1475 2752 1773 2812 alimenta

265 2837 543 2902 debentur
565 2889 581 2919 ,
636 2843 940 2921 obligatio
971 2850 1183 2905 tamen
1211 2844 1420 2904 alendi
1447 2846 1674 2906 transit
1688 2845 1770 2905 ad

263 2931 515 2995 haeredes
544 2936 781 3014 patriS,
841 2941 913 2997 ut
956 2955 1099 2997 cum
1146 2937 1283 2998 aliis
1326 2937 1512 2999 docet
1538 2938 1770 2999 Melina

262 3025 377 3086 loco
403 3026 499 3088 eit.
531 3028 589 3105 ξ.
628 3027 909 3089 Observa.
960 3029 1229 3089 Dubium
1267 3034 1479 3091 tamen
1510 3036 1636 3108 est,
1689 3049 1768 3091 an

261 3117 346 3177 ille
372 3121 469 3199 qui
497 3121 682 3182 titulo
709 3120 1065 3183 donationis
1093 3122 1314 3184 habuit
1338 3123 1506 3185 bona
1535 3143 1571 3183 a
1591 3129 1768 3203 patre

261 3214 464 3291 spurii,
496 3220 793 3276 teneatur
821 3234 966 3275 eum
998 3216 1208 3277 alere?
1250 3217 1345 3278 Ad
1374 3218 1544 3297 quod
1572 3220 1762 3298 Vasq.

260 3305 386 3366 dub.
425 3323 550 3368 ΧΠ.
603 3326 752 3369 cum
798 3310 1176 3369 Covarruvia
1220 3311 1558 3389 respondet
1597 3312 1770 3371 affir-

259 3400 483 3476 mative,
508 3407 572 3461 et
589 3401 738 3478 boe,
770 3401 919 3463 licet
935 3403 1183 3481 spurius
1208 3410 1348 3481 post
1366 3403 1769 3465 donationem

260 3499 417 3553 natus
443 3494 666 3555 fuisset
699 3513 713 3553 ε
761 3513 942 3555 secus
981 3500 1191 3556 autem
1221 3495 1556 3556 dicendum
1585 3497 1663 3558 de
1693 3518 1768 3560 eo

260 3585 348 3663 qui
366 3603 483 3645 non
503 3586 687 3648 titulo
704 3587 1032 3665 lucrativo,
1058 3589 1167 3649 sed
1187 3607 1264 3648 ex
1283 3595 1604 3652 contractu
1628 3609 1772 3652 one-

259 3695 380 3738 roso
407 3679 571 3741 bona
600 3680 713 3740 illa
742 3680 965 3742 habuit
985 3727 999 3756 ,
1033 3700 1175 3742 cum
1205 3683 1474 3761 pretium
1500 3683 1766 3761 dederit,

259 3788 323 3829 ex
344 3789 456 3850 quo
486 3777 668 3849 pater
690 3791 870 3852 aeque
889 3774 1189 3851 potuisset
1207 3776 1403 3835 filium
1434 3776 1622 3852 alere,
1656 3794 1771 3837 nec

257 3863 400 3923 bona
425 3865 529 3925 illa
560 3866 995 3944 hypothecata
1024 3874 1233 3929 essent
1259 3887 1401 3929 cum
1432 3870 1582 3931 reali
1614 3869 1768 3931 obli·

258 3958 480 4035 gatione
510 3959 590 4019 ad
611 3960 765 4021 talia
794 3960 1112 4022 alimenta.
1149 3961 1325 4034 Quod
1345 3967 1558 4023 tamen
1575 3962 1639 4021 bi
1662 3962 1771 4024 do·

257 4054 436 4110 etores
463 4052 540 4111 de
572 4051 907 4113 donatario
936 4053 1174 4131 dieunt,
1203 4054 1455 4115 difficile
1477 4059 1591 4131 est,
1625 4074 1772 4116 nam

255 4142 378 4204 lieet
414 4149 595 4223 pater
637 4149 788 4206 nato
835 4146 961 4207 filio
1007 4147 1204 4226 possit
1242 4165 1539 4208 revocare
1569 4147 1767 4209 dona-

255 4237 462 4297 tionem
491 4238 705 4317 quoad
756 4238 820 4298 id
850 4239 1020 4318 quod
1047 4239 1175 4300 filio
1205 4244 1452 4319 poterat
1479 4240 1660 4316 dare,
1704 4242 1768 4301 in

256 4330 586 4410 aliquorum
616 4331 950 4408 sententia,
985 4332 1062 4392 de
1095 4351 1219 4412 quo
1249 4338 1459 4395 tamen
1491 4333 1616 4393 dixi
1647 4332 1770 4394 dis-

255 4431 368 4499 put.
398 4440 573 4485 xxm.
610 4443 789 4485 num.
824 4427 959 4485 187.
1002 4425 1065 4485 in
1112 4425 1251 4485 aliis
1277 4430 1490 4486 tamen
1522 4426 1770 4487 casibus

257 4515 481 4577 difficile
519 4523 618 4578 est
646 4518 816 4596 quod
847 4517 1212 4581 donatarius
1241 4522 1550 4595 teneatur,
1583 4519 1634 4579 si
1664 4519 1770 4578 ali-

255 4617 446 4671 menta
483 4630 608 4671 non
644 4610 956 4671 debentur
1002 4610 1342 4690 exjustitia
1366 4658 1382 4688 ,
1433 4616 1504 4672 ut
1531 4611 1770 4672 notavit

255 4701 420 4762 etiam
465 4704 791 4764 Bonacina
831 4703 993 4783 disp.
1037 4721 1133 4765 111.
1182 4703 1253 4764 de
1283 4703 1672 4765 contr-actibus
1702 4723 1765 4784 q.

254 4794 349 4855 ult.
376 4801 586 4874 punct.
625 4813 714 4856 iv.
750 4813 923 4857 num.
955 4799 1015 4857 4.

89 4901 160 4960 120
320 4890 647 4951 Dubitatur
677 4892 924 4968 quarto,
957 4907 1036 4949 an
1065 4893 1243 4968 pater
1258 4890 1598 4952 satisfaciat
1616 4890 1769 4951 dan-

54 5030 218 5084 ,ημ-
256 4980 323 5042 do
348 4982 645 5043 alimenta
672 4982 884 5060 spurio
913 4981 976 5042 in
1003 4981 1227 5059 vitam,
1261 5002 1341 5044 an
1370 5002 1521 5044 vero
1550 4983 1764 5062 possit,

54 5078 128 5140 Μ·
147 5098 218 5138 vu-
254 5080 347 5135 aut
372 5076 598 5137 debeat
627 5074 692 5135 id
723 5075 891 5154 quod
921 5075 1058 5152 dat,
1104 5076 1190 5137 ita
1219 5076 1501 5139 absolute
1529 5077 1679 5138 dare
1709 5081 1772 5138 et

56 5137 219 5253 ›⁸35ssss
255 5167 761 5247 irrevocabiliter,
809 5174 880 5230 ut
904 5170 1100 5249 possit
1126 5170 1204 5230 de
1232 5170 1337 5231 illo
1366 5174 1614 5249 spurius
1654 5189 1770 5250 pro

56 5247 220 5347 23:
256 5259 407 5322 libito
435 5264 629 5323 et'am
673 5262 736 5322 in
790 5268 993 5323 morte
1022 5263 1402 5341 disponere?
1448 5266 1633 5343 Resp.
1690 5263 1770 5324 de

250 5355 371 5431 jure
422 5357 745 5417 communi
813 5361 1057 5435 patrem
1126 5358 1341 5435 utique
1411 5356 1769 5417 satisfacere

256 5449 441 5511 dando
471 5450 770 5512 alimenta
818 5450 881 5508 in
920 5450 1113 5510 vitam
1155 5450 1358 5511 solum
1381 5495 1397 5526 ,
1446 5454 1516 5510 ut
1543 5449 1774 5511 docent

3323 255 3400 316 95

1868 426 2100 489 Molina
2129 427 2193 490 d.
2225 428 2282 507 §-
2314 426 2634 503 Alimenta,
2687 429 2969 491 Sanchez
3015 429 3164 492 dub.
3210 447 3396 494 xxxv.

1871 539 2044 581 num.
2080 525 2140 582 2.
2177 527 2239 583 et
2266 522 2416 584 dub.
2453 538 2663 584 xxxvx.
2710 541 2884 584 num.
2918 527 2977 584 3.
3025 527 3088 585 et
3116 525 3403 604 vasquez

1873 613 2065 674 dubio
2116 630 2246 675 xiv.
2332 633 2502 675 num.
2564 619 2701 676 150.
2754 616 3027 676 Dubium
3092 634 3225 678 esse
3288 636 3403 696 po-

1869 710 2009 783 test,
2046 725 2124 766 an
2155 712 2333 787 pater
2361 708 2556 787 possit
2581 709 2928 769 concedere
2963 710 3177 789 spurio
3208 710 3403 771 facul·

1867 803 2061 860 tatem
2081 846 2097 876 ,
2149 806 2218 861 ut
2245 800 2322 860 de
2356 802 2642 879 portione
2685 801 2790 860 illa
2820 800 2966 863 data
2995 803 3075 862 ad
3106 803 3403 864 alimenta

1868 892 2064 971 possit
2090 893 2154 952 in
2184 899 2386 955 morte
2417 894 2770 973 disponere,
2806 913 2920 955 nec
2948 895 3154 956 redire
3176 896 3404 958 debeat

1866 987 1948 1046 ad
1979 992 2225 1065 patrem
2254 987 2352 1047 vel
2375 986 2510 1066 ejus
2535 987 2838 1065 haeredeS,
2871 1007 2933 1049 v.
2957 1007 3020 1067 g.
3052 988 3105 1049 si
3125 989 3395 1067 vineam,

1867 1079 1966 1139 vel
1992 1097 2250 1139 censum
2282 1079 2338 1138 ei
2357 1079 2438 1139 ad
2465 1079 2759 1141 alimenta
2782 1081 3142 1160 assignavit.
3178 1084 3264 1142 De
3282 1083 3401 1144 boc

1869 1190 1992 1232 non
2028 1176 2303 1234 tractant
2329 1172 2609 1251 praedicti
2630 1177 2938 1250 auctores,
2972 1174 3399 1254 quialoquun·

1867 1269 1970 1325 tur
1996 1264 2199 1324 solum
2229 1265 2306 1324 de
2329 1265 2472 1344 jure
2502 1265 2801 1345 Hispano,
2836 1285 2958 1346 quo
2991 1271 3170 1345 pater
3194 1269 3401 1346 potest

1868 1357 2070 1417 solum
2119 1358 2406 1437 quintum
2451 1358 2765 1419 bonorum
2807 1359 2957 1420 dare
3004 1360 3231 1440 spuriis
3282 1379 3396 1440 pro

1866 1449 2200 1526 alimentiS,
2233 1451 2285 1510 si
2316 1450 2549 1511 babeat
2581 1451 2740 1511 filios
2767 1451 3078 1530 legitimos
3100 1498 3115 1529 ,
3164 1456 3227 1514 et
3252 1472 3402 1533 spu-

1865 1543 1997 1602 rius
2017 1547 2229 1622 posset
2255 1543 2333 1604 de
2362 1543 2461 1603 illa
2496 1548 2672 1622 parte
2703 1544 2765 1603 in
2794 1549 2997 1605 morte
3027 1545 3394 1625 disponere;

1867 1654 1992 1713 qua
2018 1636 2159 1714 lege
2195 1639 2421 1712 stante,
2456 1640 2783 1715 quaerunt,
2828 1654 2911 1696 an
2941 1637 3086 1699 licet
3112 1638 3399 1717 quintum

1865 1727 2013 1788 illud
2044 1729 2309 1790 excedat
2336 1730 2688 1790 necessaria
2724 1730 3052 1806 alimenta,
3086 1733 3283 1810 possit
3309 1737 3399 1794 to-

1866 1825 1999 1881 tum
2028 1821 2209 1882 dari?
2237 1827 2299 1883 et
2332 1822 2456 1883 alia
2485 1822 2709 1898 dubia,
2753 1841 2892 1901 quae
2924 1825 3273 1902 procedunt
3300 1843 3400 1886 so-

1864 1913 1994 1973 lum
2025 1933 2100 1974 ex
2137 1914 2563 1992 suppositione
2591 1914 2755 1974 illius
2785 1915 2969 1994 legiS,
3017 1917 3218 1978 videri
3255 1935 3401 1996 pos-

1865 2010 2011 2067 sunt
2039 2007 2162 2067 late
2193 2006 2361 2085 apud
2390 2005 2620 2068 Sanch.
2658 2013 2721 2069 et
2746 2010 2939 2087 Vasq.

1943 2099 2287 2177 Loquendo
2328 2118 2474 2159 vero
2505 2099 2583 2159 de
2605 2099 2746 2179 jure
2775 2102 3130 2180 communi,
3181 2120 3401 2165 conse-

1865 2198 2128 2269 quenter
2157 2191 2668 2270 distinguendum
2698 2199 2847 2272 puto
2883 2214 2897 2256 :
2944 2213 3092 2255 nam
3134 2196 3186 2256 si
3228 2197 3398 2257 bona

1865 2285 2000 2360 illa,
2061 2303 2202 2363 quae
2243 2285 2453 2362 spurio
2501 2285 2581 2344 ad
2628 2286 2928 2348 alimenta
2972 2289 3394 2368 assignantur,

1867 2378 2257 2439 aestimentur
2280 2383 2341 2438 et
2369 2396 2494 2438 non
2524 2379 2830 2441 excedant
2860 2381 2921 2439 in
2952 2399 3064 2441 suo
3094 2383 3305 2443 valore
3335 2383 3399 2443 id

1868 2469 2033 2548 quod
2065 2470 2322 2531 arbitrio
2362 2470 2509 2531 boni
2542 2471 2658 2531 viri
2685 2471 2966 2532 dandum
2992 2479 3158 2535 esset
3183 2476 3397 2554 spurio

1866 2563 1948 2624 ad
1977 2562 2276 2624 alimenta
2304 2582 2414 2642 per
2450 2567 2646 2624 totam
2676 2564 2867 2626 vitam
2892 2612 2907 2642 ,
2953 2567 3183 2644 poterit
3221 2574 3401 2647 pater

1867 2655 2018 2716 dare
2047 2655 2407 2718 facultatem
2430 2702 2446 2733 ,
2497 2663 2567 2718 ut
2610 2657 2660 2717 si
2712 2658 2862 2737 quid
2891 2676 2967 2719 ex
2997 2659 3073 2719 iis
3103 2662 3393 2739 supersit,

1866 2748 2061 2828 possit
2086 2748 2250 2809 filius
2284 2748 2361 2808 de
2386 2767 2461 2810 eo
2490 2750 2553 2810 in
2582 2757 2785 2812 morte
2814 2750 3187 2829 disponere;
3231 2773 3292 2816 v.
3327 2774 3392 2834 g.

1867 2840 2043 2903 dedit
2069 2840 2367 2916 fundum,
2420 2842 2524 2922 qui
2556 2843 2607 2902 si
2637 2843 3051 2922 venderetur,
3084 2852 3297 2924 posset
3324 2866 3399 2909 ex

1867 2933 2066 3012 pretio
2113 2934 2237 2994 emi
2267 2952 2494 2995 census
2526 2935 2819 2997 vitalitius
2849 2937 3119 2999 reddens
3154 2945 3249 3002 tot
3287 2959 3402 3002 au-

1867 3044 2009 3087 reos
2037 3044 2280 3087 annuos
2303 3073 2319 3103 ,
2380 3031 2533 3106 quot
2559 3028 2878 3090 sufficiunt
2922 3030 3002 3090 ad
3055 3032 3349 3096 alimenta
3381 3054 3396 3096 ε

1865 3124 2073 3200 potest
2098 3125 2277 3200 pater
2302 3119 2661 3181 facultatem
2690 3120 2842 3183 dare
2870 3123 2996 3184 sslio
3028 3124 3398 3204 disponendi

1868 3214 1946 3273 de
1976 3231 2049 3274 eo
2085 3213 2279 3274 fundo
2310 3219 2419 3275 aut
2446 3213 2523 3274 de
2553 3214 2784 3292 pretio,
2829 3215 2882 3276 si
2912 3216 3149 3297 aliquid
3178 3237 3401 3298 super·-

1868 3305 1949 3367 sit
1975 3311 2256 3385 tempore
2286 3307 2539 3383 mortis,
2590 3307 3013 3370 intercedente
3061 3312 3240 3390 quasi
3285 3331 3397 3391 pa-

1869 3406 1991 3475 cte,
2026 3418 2150 3479 quo
2180 3400 2410 3461 fundus
2450 3400 2552 3461 ille
2582 3400 2769 3461 datur
2799 3420 2912 3481 pro
2942 3403 3256 3467 alimentis
3284 3406 3397 3466 de-

1869 3492 2049 3569 bitis,
2105 3496 2169 3553 et
2195 3493 2359 3553 filius
2402 3512 2474 3554 eo
2506 3499 2837 3556 contentus
2882 3497 2983 3573 sit,
3034 3502 3184 3558 tunc
3230 3499 3399 3560 enim

1869 3586 2100 3646 fundus
2131 3586 2233 3646 ille
2263 3587 2472 3666 quoad
2510 3588 2959 3666 proprietatem
3003 3609 3127 3651 non
3159 3592 3403 3654 excedit

1870 3679 2349 3740 {estimationem
2389 3680 2829 3742 alimentorum
2866 3682 2929 3742 in
2966 3684 3199 3758 vitam;
3250 3703 3401 3764 ergo

1869 3776 2076 3850 potest
2098 3776 2269 3833 totus
2297 3771 2584 3833 absolute
2626 3773 2762 3833 dari
2791 3792 2902 3853 pro
2951 3775 3024 3837 iis
3066 3777 3397 3855 alimentis,

1870 3870 2060 3943 prout
2078 3865 2367 3926 concedit
2393 3865 2624 3927 Melina
2652 3866 2789 3927 loco
2812 3868 2998 3945 paulo
3018 3886 3097 3929 an
3107 3875 3166 3930 te
3187 3870 3399 3933 citato.

1872 3958 1935 4019 si
1968 3976 2117 4018 vero
2148 3958 2387 4018 fructus
2414 3958 2579 4018 illius
2608 3958 2785 4019 fundi
2805 3960 3164 4023 sufficerent
3190 3962 3272 4024 ad
3298 3964 3406 4023 ali·

1868 4056 2082 4112 menta
2109 4051 2172 4110 in
2202 4052 2418 4127 vitam,
2454 4069 2578 4112 non
2609 4056 2818 4130 posset
2843 4052 2970 4114 filio
3008 4054 3147 4115 dari
3174 4055 3403 4118 fundus

1869 4163 2014 4206 cum
2059 4145 2354 4206 facultate
2405 4144 2776 4223 disponendi
2824 4145 2903 4207 de
2945 4165 3019 4208 eo
3050 4153 3192 4227 post
3234 4168 3405 4211 mor·-

1867 4243 1995 4300 tem
2028 4258 2043 4311 ;
2079 4237 2229 4317 quia
2257 4237 2390 4317 jam
2421 4237 2723 4300 darentur
2765 4239 2892 4301 filio
2923 4259 3115 4319 supra
3142 4242 3207 4302 id
3235 4243 3405 4323 quod

1870 4331 2060 4391 debet
2085 4330 2223 4391 dari
2253 4331 2308 4391 ei
2339 4331 2419 4391 ad
2450 4332 2746 4393 alimenta
2780 4352 2793 4393 z
2827 4332 2907 4394 ad
2937 4333 3074 4395 haec
3094 4335 3260 4395 enim
3279 4337 3405 4399 suf-

1868 4425 2086 4484 ficeret
2113 4423 2505 4485 ususfructus
2533 4425 2708 4485 fundi
2735 4425 2800 4485 in
2833 4426 2977 4488 vita.
3014 4428 3082 4489 Si
3110 4447 3260 4508 ergo
3292 4431 3406 4491 da-

1868 4522 1973 4578 tur
2019 4534 2146 4576 non
2194 4517 2364 4577 solus
2414 4518 2800 4579 ususfructus
2820 4566 2835 4595 ,
2886 4520 2994 4580 sed
3028 4523 3399 4602 proprietas,

1870 4609 2056 4671 datur
2084 4609 2280 4670 multo
2326 4609 2463 4687 plus
2492 4628 2682 4689 quam
2728 4611 2865 4672 dari
2885 4612 3156 4675 debebat
3179 4617 3262 4677 ad
3294 4618 3402 4678 ali·

1867 4706 2101 4777 menta,
2135 4706 2324 4781 atque
2353 4702 2495 4763 ideo
2521 4704 2729 4782 quoad
2750 4723 3074 4767 excessum
3100 4708 3396 4790 invalide,

1870 4801 1934 4858 et
1959 4795 2171 4856 illicite
2199 4795 2405 4856 datur.

1948 4888 2231 4950 Dubitari
2279 4893 2484 4967 potest
2510 4889 2751 4969 quinto,
2813 4910 2893 4952 an
2949 4893 3089 4973 lege
3131 4894 3401 4973 positiva

1824 5016 1829 5025 ·
1866 4981 2071 5044 taxari
2099 4981 2297 5060 possit
2323 4980 2408 5054 id,
2435 5012 2439 5017 ·
2471 4983 2641 5061 quod
2687 4984 2967 5046 dandum
3023 4993 3118 5050 est
3145 5007 3258 5068 pro
3289 4990 3402 5051 ali·-

1869 5075 2096 5136 mentis
2124 5074 2359 5153 spurio,
2421 5075 2509 5137 ita
2537 5079 2607 5137 ut
2635 5074 2775 5156 plus
2830 5078 2969 5139 dari
3024 5097 3150 5142 non
3179 5084 3394 5161 possit,

1869 5173 2055 5248 prout
2083 5172 2362 5229 taxatum
2393 5173 2489 5229 est
2514 5169 2651 5247 lege
2681 5170 2786 5230 illa
2814 5172 3112 5251 Hispana,
3146 5177 3399 5254 quando

1869 5262 1995 5322 sint
2021 5261 2131 5321 filii
2158 5261 2440 5341 legitimi,
2492 5281 2570 5322 ne
2600 5263 2784 5323 detur
2823 5266 2905 5325 ad
2935 5267 3231 5330 alimenta
3257 5289 3399 5350 spu-

1870 5355 2129 5430 riorum,
2166 5354 2282 5415 nisi
2313 5354 2533 5434 quinta
2557 5355 2868 5417 bonorum
2898 5377 3064 5437 pars.
3101 5364 3170 5422 P.
3206 5365 3394 5444 Vasq.

1871 5448 2020 5508 dub.
2059 5464 2197 5512 vni.
2232 5467 2294 5510 n.
2330 5452 2464 5510 131.
2512 5449 2665 5510 dicit
2692 5448 2754 5510 in
2785 5451 3022 5530 primis,
3064 5472 3190 5516 non
3218 5474 3401 5536 posse
