4263 6376
16 924 88 954 η
113 966 126 974 .

16 974 177 1009 lenm

16 1030 191 1066 'nt-r.

1295 334 1768 395 DISPUTATIO
1813 333 2029 408 XXIII,
2080 331 2354 394 SECTIO
2399 333 2501 392 VI.

282 508 480 570 etiam
532 514 630 571 est
668 511 748 570 de
794 509 1210 588 promissione
1253 510 1599 571 secundum
1645 527 1734 585 se,
1768 512 1832 570 et

285 602 535 664 secluso
591 603 714 663 alio
761 603 997 665 damno
1053 612 1279 682 praeter
1307 603 1482 679 illud,
1534 602 1703 681 quod
1735 605 1831 662 est

286 712 427 755 rem
455 695 835 773 promissam
863 714 990 755 non
1022 695 1275 756 habere.

371 789 526 847 Tres
552 793 697 848 sunt
722 789 1046 850 sententiae
1074 788 1411 867 potissimae
1442 787 1506 847 in
1535 787 1654 847 hoc
1673 804 1834 865 pun-

289 882 419 956 cto,
440 880 645 959 prima
660 885 852 960 negat
876 881 1064 941 talem
1085 880 1528 957 obligationem
1549 896 1828 958 gravem,

290 990 413 1052 pro
441 990 567 1053 qua
595 974 941 1033 afferuntur
970 973 1163 1052 Cajet.
1195 977 1252 1034 2.
1273 976 1333 1033 2.
1368 974 1691 1051 qu.CX111.
1713 975 1828 1031 art.

289 1080 335 1125 1.
370 1064 524 1125 dub.
555 1068 617 1126 4.
651 1068 716 1125 ct
744 1066 805 1124 in
835 1065 1101 1140 Summa,
1135 1065 1329 1125 verbo
1350 1111 1366 1140 ,
1393 1063 1681 1145 perfidia,
1714 1065 1832 1123 Ar-

289 1156 490 1233 milla,
525 1157 698 1230 ento,
735 1159 952 1219 Petrus
978 1158 1317 1232 Ledesma‚
1351 1157 1703 1236 Henriquez
1725 1201 1742 1231 ,
1776 1158 1838 1215 et

289 1249 402 1309 alii
432 1265 589 1328 quos
618 1250 800 1310 affert
829 1249 1059 1311 Sanch.
1107 1249 1214 1310 lib.
1248 1250 1294 1310 1.
1346 1247 1415 1309 de
1440 1246 1831 1322 matrimonio,

288 1341 460 1421 disp.
496 1357 557 1401 V.
607 1359 879 1420 quorum
920 1345 1129 1402 tamen
1162 1341 1372 1420 plures
1402 1360 1526 1402 non
1555 1341 1744 1401 tuisse
1774 1339 1836 1399 in

288 1433 421 1494 hac
448 1434 757 1494 sententia
798 1434 1126 1495 ostendere
1155 1440 1419 1496 conatur
1447 1436 1517 1495 P.
1552 1436 1838 1513 vasquez

288 1532 452 1587 tom.
484 1527 589 1588 lv.
623 1526 681 1588 in
706 1543 798 1587 111.
828 1532 989 1606 part.
1020 1527 1181 1605 disp.
1209 1543 1270 1588 v.
1306 1525 1652 1587 deman-im.
1691 1543 1829 1602 cap.

288 1636 337 1679 1.
381 1638 492 1679 nu.
522 1621 582 1679 5.
617 1623 681 1679 et
705 1619 1130 1698 sequentibus.
1194 1622 1311 1681 Pro
1341 1620 1564 1680 eadem
1594 1623 1837 1679 senten·

287 1711 389 1772 tia
416 1711 628 1789 plures
657 1710 811 1771 alios
839 1711 1021 1772 affert
1048 1712 1247 1772 Diana
1292 1714 1338 1774 Ι.
1372 1716 1525 1773 tom.
1568 1715 1730 1790 part.
1765 1726 1833 1771 11.

286 1807 485 1864 tract.
519 1819 615 1864 ιιι.
647 1802 888 1864 miscell.
920 1803 1105 1864 resol.
1137 1807 1197 1865 9.
1231 1807 1294 1864 et
1319 1808 1471 1865 tom.
1505 1805 1608 1864 111.
1652 1807 1834 1864 tract.

287 1911 391 1955 lv.
414 1894 658 1957 nulscell.
690 1895 876 1956 resol.
911 1898 1046 1956 122.
1101 1914 1289 1975 quam
1333 1896 1721 1974 probabilem
1751 1894 1840 1954 di·-

289 1987 422 2062 eit,
481 1991 547 2048 et
584 1988 1071 2066 probabiliorem
1120 1990 1185 2048 P.
1218 1987 1534 2049 Maeratius
1574 1990 1727 2048 tom.
1760 1988 1834 2047 11.

287 2083 486 2140 tract.
520 2078 592 2139 de
599 2078 845 2159 justitia
887 2088 942 2139 et
969 2079 1135 2159 jure,
1191 2079 1351 2158 disp.
1384 2096 1513 2140 xrx.
1550 2084 1702 2141 sect.
1738 2082 1835 2140 10.

293 2172 586 2244 Quorum
614 2170 802 2250 aliqui
834 2190 1127 2250 expresse
1180 2172 1525 2252 loquuntur
1568 2173 1646 2233 de
1697 2190 1843 2250 pro-

289 2263 600 2324 missione
630 2263 948 2342 obligante
977 2265 1180 2325 solum
1207 2283 1281 2324 ex
1309 2265 1632 2327 fidelitate.

386 2356 677 2418 Secunda
706 2357 1015 2417 sententia
1044 2356 1336 2433 affirmat,
1365 2358 1842 2436 promissionem

290 2449 477 2509 illam
504 2452 891 2526 acceptatam
921 2468 995 2509 ex
1023 2467 1254 2527 genere
1276 2467 1388 2511 suo
1418 2451 1698 2530 obligare
1728 2450 1843 2510 sub

293 2540 577 2602 mortali.
620 2543 820 2612 Quam
851 2546 1062 2603 tenere
1092 2542 1385 2604 videntur
1414 2545 1480 2604 P.
1517 2545 1750 2604 Suarez
1774 2544 1843 2603 in

294 2632 599 2715 opusc-ndis
643 2632 979 2713 theoloqicis
1031 2634 1246 2696 relect.
1298 2634 1368 2694 de
1407 2634 1599 2697 libert.
1646 2635 1848 2696 divina

298 2726 473 2804 disp.
506 2743 573 2786 11.
606 2729 757 2787 sect.
793 2743 861 2787 11.
897 2746 1002 2787 nu.
1037 2730 1137 2787 22.
1196 2728 1443 2788 Lessius
1491 2746 1630 2806 cap.
1661 2745 1841 2789 xv111.

299 2820 463 2880 duh.
497 2821 556 2880 8.
589 2838 696 2880 nu.
729 2822 828 2879 55.
865 2820 1179 2880 Navarrus
1203 2867 1218 2896 ,
1274 2821 1615 2882 Turi-ianus
1638 2867 1654 2896 ‚
1695 2821 1849 2882 Mal-

300 2912 523 2987 derus,
558 2911 894 2987 FilliuciuS,
929 2912 1217 2972 Salonius
1247 2918 1309 2973 et
1336 2913 1463 2990 alii,
1484 2931 1639 2993 quos
1668 2914 1850 2975 affert

303 3005 517 3065 Diana
543 3004 709 3065 dieta
736 3003 920 3065 resol.
953 3008 1013 3066 9.
1069 3010 1133 3066 et
1176 3005 1320 3079 alii,
1368 3023 1526 3084 quos
1568 3006 1852 3084 congerit

304 3097 546 3160 Sanch.
580 3096 749 3158 dicta
777 3097 937 3175 disp.
973 3115 1032 3158 v.
1069 3116 1239 3158 num.
1274 3101 1370 3158 20.
1425 3098 1530 3177 qui
1561 3099 1849 3158 eamdem

299 3191 627 3270 sequitur,
669 3195 734 3252 et
759 3209 897 3251 eam
926 3191 1221 3270 supponit
1247 3191 1437 3251 etiam
1478 3197 1548 3254 ut
1592 3193 1848 3253 omnino

303 3301 528 3344 veram
555 3285 838 3363 vasquez
886 3283 1050 3345 dioto
1089 3302 1226 3361 cap.
1261 3300 1306 3345 1.
1342 3303 1516 3346 num.
1547 3289 1608 3345 4.
1667 3289 1730 3346 et
1756 3303 1849 3344 se‘-

305 3375 669 3456 quentibus.
731 3376 1008 3449 Quorum
1064 3380 1275 3437 tamen
1324 3376 1515 3456 aliqui
1560 3377 1853 3438 videntur

305 3487 457 3530 eam
485 3468 927 3547 obligationem
951 3487 1291 3548 agnoscere
1320 3473 1392 3530 ut
1409 3469 1726 3549 propriam
1748 3469 1852 3549 ju·-

305 3562 499 3623 stitiae
520 3607 536 3636 ,
568 3561 760 3640 aliqui
788 3579 937 3623 vero
967 3562 1185 3622 dicunt
1214 3579 1345 3622 esse
1374 3562 1564 3622 etiam
1592 3579 1851 3640 gravem

309 3656 481 3715 intra
505 3653 806 3715 terminos
831 3653 1170 3729 fidelitatis,
1197 3658 1383 3731 prout
1408 3654 1851 3732 condistingui-

309 3751 420 3808 tur
444 3764 482 3806 a
501 3746 744 3825 justitia
789 3747 1040 3825 proprie
1087 3746 1293 3822 dicta,
1340 3746 1488 3807 licet
1532 3747 1851 3807 reductive

310 3838 513 3917 possit
556 3838 636 3898 ad
674 3838 983 3917 justitiam
1030 3838 1344 3917 pertinere
1368 3885 1383 3915 ,
1443 3843 1507 3900 et
1551 3838 1852 3918 appellari

306 3949 460 4010 pars
485 3931 842 4009 potentialis
861 3930 1140 4011 justitiae.

394 4024 543 4085 Mihi
562 4024 816 4085 omnino
838 4023 1043 4102 placet
1059 4023 1243 4086 tertia
1264 4025 1572 4086 sententia
1592 4024 1845 4101 docenS,

311 4116 435 4177 boc
462 4116 740 4194 pendere
760 4134 832 4176 ex
854 4116 1060 4176 animo
1090 4116 1529 4195 promittentis,
1549 4118 1657 4197 qui
1683 4118 1737 4177 si
1766 4117 1851 4177 in·

311 4208 534 4270 tendat
558 4227 625 4269 se
656 4226 732 4268 ex
743 4207 984 4288 justitia
1011 4209 1311 4287 obligare,
1331 4208 1709 4288 obligabitur
1733 4211 1849 4270 sub

309 4302 584 4374 mortali,
617 4303 672 4361 si
697 4306 906 4363 autem
935 4303 1137 4362 solum
1166 4320 1241 4362 ex
1267 4302 1587 4380 fidelitate,
1614 4320 1735 4363 non
1763 4303 1850 4364 ita

307 4397 594 4476 graviter
636 4394 970 4474 obligatur.
1035 4397 1187 4456 Puto
1235 4398 1445 4456 autem
1482 4395 1748 4474 obligari
1775 4414 1851 4455 ex

300 4489 580 4569 justitia,
631 4489 876 4567 quoties
921 4488 1114 4548 hahet
1156 4488 1436 4549 animum
1481 4490 1757 4567 graviter
1783 4507 1849 4549 se

308 4580 633 4661 obligandi
654 4627 671 4656 ,
722 4599 864 4641 cum
895 4598 1016 4656 non
1046 4580 1228 4642 aliter
1253 4582 1447 4661 possit
1472 4582 1559 4642 ita
1588 4581 1850 4661 obligari

310 4675 427 4736 nisi
455 4693 534 4735 ex
555 4673 820 4753 justitia.
877 4676 1053 4734 Hanc
1101 4675 1478 4735 sententiam
1508 4675 1722 4736 docuit
1750 4694 1848 4735 ex·

307 4785 523 4849 presse
571 4769 637 4827 P.
672 4767 901 4827 Molina
931 4770 1088 4827 tom.
1121 4783 1192 4827 11.
1228 4767 1386 4845 disp.
1420 4771 1558 4829 262.
1610 4773 1673 4830 et
1708 4786 1849 4828 eam

307 4859 704 4942 probabilem
732 4859 884 4920 dicit
906 4861 1078 4924 Less.
1111 4879 1174 4920 n.
1207 4863 1307 4921 54.
1357 4862 1473 4921 Pro
1503 4859 1681 4940 cujus
1706 4879 1851 4920 sen-

311 4954 521 5016 tentiae
554 4952 987 5031 explicatione,
1021 4955 1085 5014 et
1115 4952 1485 5032 probatione
1512 4953 1851 5016 recolenda

307 5051 455 5107 sunt
498 5062 644 5124 quae
685 5044 956 5105 diximus
1000 5049 1151 5106 sect.
1205 5062 1249 5105 1.
1309 5045 1414 5105 ubi
1465 5046 1849 5107 ostendimus

310 5137 734 5198 differentiam
772 5136 936 5198 inter
973 5136 1336 5199 fidelitatem
1365 5143 1428 5200 et
1448 5138 1754 5217 justitiam
1784 5138 1847 5198 in

310 5248 382 5291 eo
411 5248 550 5291 esse
574 5277 590 5303 ,
644 5230 813 5309 quod
842 5229 1108 5291 fidelitas
1138 5230 1377 5290 nullum
1427 5232 1535 5292 det
1573 5230 1677 5309 jus
1704 5249 1849 5309 pro·

310 5324 594 5385 missario
622 5368 640 5399 ,
676 5322 790 5382 sed
816 5323 1017 5383 solum
1045 5322 1281 5401 obliget
1308 5341 1382 5382 ex
1412 5341 1486 5384 eo
1517 5323 1685 5402 quod
1714 5324 1848 5401 qui*-

310 5416 457 5478 libet
495 5416 692 5478 debet
732 5434 848 5476 sua
887 5415 1052 5477 facta
1081 5416 1472 5476 conformare
1500 5416 1842 5494 promissis,

312 5514 619 5589 quatenus
668 5526 922 5569 necesse
976 5512 1072 5570 est
1109 5507 1189 5568 ad
1230 5509 1587 5570 convictum
1625 5509 1848 5570 huma·

3392 330 3458 388 Η

1929 527 2079 569 num
2104 555 2119 585 ,
2178 527 2303 570 non
2359 508 2561 568 solum
2615 506 2783 587 quod
2840 505 3037 567 verba
3085 503 3471 566 concordent

1929 602 2120 663 menti
2149 649 2164 675 ,
2198 601 2362 682 quod
2394 601 2665 681 pertinet
2691 600 2772 661 ad
2803 599 3232 675 veracitatem,
3268 602 3332 659 et
3357 616 3471 676 op-

1929 694 2180 773 ponitur
2200 693 2548 765 mendaci0‚
2583 698 2652 754 ut
2680 692 2964 753 homines
2992 689 3237 770 possint
3260 689 3473 750 erede-

1930 806 2020 864 re,
2054 788 2164 848 sed
2193 788 2381 849 etiam
2412 786 2577 866 quod
2609 786 2773 846 facta
2799 784 3182 845 concordent
3207 781 3470 862 promis-

1932 880 2036 957 sis,
2069 880 2240 959 quod
2267 879 2537 959 pertinet
2564 878 2643 938 ad
2671 877 3036 938 fidelitatem
3056 923 3071 953 ,
3119 880 3182 937 et
3210 874 3472 954 opponi-

1930 976 2034 1033 tur
2060 970 2411 1032 infidelitati
2432 1017 2447 1048 ,
2482 973 2554 1031 ut
2580 969 2864 1030 homines
2892 966 3132 1047 possint
3158 967 3294 1027 aliis
3322 965 3472 1026 fide-

1932 1083 2001 1125 re
2049 1082 2064 1129 :
2123 1064 2229 1124 ubi
2276 1063 2465 1124 etiam
2513 1062 2896 1123 advertimus
2937 1060 3106 1120 aliud
3138 1059 3472 1120 discrimen

1935 1156 2103 1237 quod
2133 1176 2207 1216 ex
2236 1157 2356 1218 hoc
2383 1155 2601 1231 oritur,
2635 1172 2884 1233 nempe,
2918 1152 3087 1233 quod
3117 1153 3199 1213 ad
3228 1150 3473 1228 obliga·-

1934 1251 2169 1312 tionem
2178 1248 2202 1329 j
2212 1248 2435 1310 ustitiae
2465 1246 2806 1327 requiritur
2822 1247 2885 1306 in
2910 1245 3314 1324 promittente
3340 1243 3472 1304 ani-

1936 1360 2075 1402 mus
2103 1360 2169 1401 se
2199 1340 2539 1419 obligandi,
2574 1343 2762 1418 atque
2782 1339 2925 1400 ideo
2954 1338 3100 1399 ficta
3116 1336 3470 1416 promissi0,

1936 1451 2050 1513 per
2074 1453 2140 1494 se
2166 1432 2507 1513 loquend0,
2540 1450 2663 1493 non
2696 1432 2956 1510 obligat,
2986 1431 3134 1491 licet
3167 1447 3285 1509 per
3311 1427 3476 1489 acci-

1937 1527 2091 1587 dens
2121 1525 2316 1605 possit
2345 1524 2681 1604 aliquando
2713 1524 2992 1603 obligare
3018 1527 3275 1602 propter
3303 1521 3475 1582 dam-

1938 1637 2088 1679 num
2112 1617 2544 1698 promissariO,
2596 1635 2705 1677 seu
2749 1615 3143 1677 contrahenti
3181 1614 3422 1675 illatum
3455 1631 3469 1673 ε

1937 1710 2265 1789 promissio
2296 1727 2444 1769 vero
2477 1708 2666 1769 etiam
2696 1709 2841 1768 ficta
2880 1726 2956 1767 ex
2985 1706 3283 1767 fidelitate
3314 1704 3473 1766 obli-

1938 1807 2076 1883 gat,
2114 1802 2259 1881 quia
2289 1820 2414 1862 non
2442 1800 2651 1861 minus
2687 1799 3135 1880 praejudicatur
3165 1795 3473 1859 convictui

1938 1896 2213 1955 humano
2232 1939 2247 1970 ,
2294 1894 2348 1955 si
2391 1893 2556 1954 facta
2586 1911 2709 1953 non
2740 1891 3125 1954 concordent
3151 1888 3477 1970 promissis

1938 1988 2070 2049 sine
2096 1987 2332 2063 animo,
2365 2003 2554 2065 quam
2584 2003 2728 2047 cum
2757 1985 2988 2061 anime,
3014 1982 3264 2064 quando
3291 1981 3481 2042 verba

1940 2085 2199 2141 externa
2249 2079 2691 2158 significabant
2743 2077 3128 2138 sufficienter
3194 2074 3476 2135 animum

1939 2172 2344 2253 promittendi
2379 2191 2392 2232 ε
2428 2189 2698 2250 quorum
2728 2170 3010 2232 omnium
3041 2168 3197 2229 ratio
3227 2167 3314 2227 ibi
3340 2165 3480 2225 red-

1941 2265 2074 2328 dita
2101 2269 2215 2326 est.

2021 2360 2130 2420 His
2160 2375 2309 2437 ergo
2337 2356 2693 2438 suppositis,
2714 2356 3016 2436 probatur
3042 2353 3318 2415 breviter
3344 2351 3481 2412 hoec

1941 2451 2288 2524 sententia3
2344 2451 2494 2530 quia
2533 2449 2849 2528 loquendo
2880 2449 2959 2510 de
2986 2446 3298 2526 possibili,
3354 2463 3481 2505 non

1943 2547 2207 2624 apparet
2235 2561 2345 2603 cur
2375 2561 2501 2602 non
2530 2542 2729 2621 possis
2757 2541 3028 2620 gratuito
3049 2586 3064 2615 ,
3107 2544 3169 2600 et
3194 2538 3328 2600 sine
3356 2537 3480 2598 ullo

1945 2636 2155 2697 debito
2184 2634 2599 2714 praecedenti,
2650 2634 2811 2694 velle
2851 2637 2914 2695 te
2961 2650 3038 2692 ex
3057 2631 3302 2710 justitia
3330 2628 3483 2690 ohli-

1944 2747 2096 2808 gare
2126 2726 2306 2788 alteri
2339 2726 2418 2786 ad
2466 2727 2779 2801 dandum,
2829 2725 2931 2784 vel
2972 2723 3330 2785 faciendum
3375 2720 3485 2781 ali-

1947 2821 2097 2901 quid
2124 2824 2341 2899 postea
2369 2819 2431 2879 in
2453 2819 2588 2897 ejus
2615 2818 2904 2897 gratiam.
2969 2817 3144 2878 Sicut
3180 2815 3348 2874 enim
3375 2831 3486 2893 po-

1945 2918 2040 2976 tes
2067 2913 2303 2974 donare
2348 2912 2406 2972 ei
2445 2911 2718 2990 gratuito
2766 2910 3060 2985 domum,
3110 2912 3300 2987 atque
3341 2906 3485 2967 ideo

1946 3007 2285 3068 transferre
2315 3006 2381 3065 in
2415 3005 2619 3084 ipsum
2659 3003 2763 3085 jus
2804 3002 3060 3082 aliquod
3087 3001 3255 3061 reale
3283 3000 3347 3060 in
3375 2999 3489 3059 do·-

1947 3118 2156 3176 mum,
2209 3099 2376 3178 quod
2425 3099 2506 3159 sit
2550 3096 2865 3176 objectum
2894 3094 3164 3174 propriae
3185 3092 3481 3172 justitiae3

1948 3212 2059 3254 cur
2087 3212 2212 3254 non
2241 3191 2474 3272 poteris
2503 3191 2691 3251 etiam
2736 3188 3008 3268 gratuito
3053 3185 3392 3248 transferre
3420 3184 3486 3247 in

1950 3305 2094 3347 eum
2134 3285 2268 3365 jus,
2319 3303 2446 3345 non
2473 3284 2537 3343 in
2566 3301 2635 3344 re
2655 3329 2670 3359 ,
2706 3282 2817 3343 sed
2845 3281 2928 3342 ad
2953 3299 3122 3355 rem,
3166 3282 3229 3341 et
3256 3277 3487 3340 consti-⁶

1947 3384 2124 3441 tuere
2156 3383 2218 3439 te
2248 3377 2595 3437 debitorem
2622 3374 2816 3454 ipsius
2844 3394 2919 3435 ex
2949 3374 3158 3434 debito
3181 3371 3487 3452 justitiae?

1948 3474 2177 3532 Totum
2224 3470 2452 3550 quippe
2494 3468 2648 3528 illud
2692 3467 2859 3547 quod
2906 3470 3115 3546 potest
3159 3484 3235 3525 ex
3280 3463 3484 3545 pretio

1950 3564 2107 3640 dari,
2145 3562 2374 3642 poterit
2400 3562 2588 3623 etiam
2617 3560 2752 3621 dari
2781 3561 2995 3639 gratis,
3030 3563 3093 3620 et
3120 3558 3280 3620 sicut
3306 3561 3486 3637 potes

1952 3656 2209 3716 domum
2237 3654 2435 3734 pretio
2462 3653 2767 3729 vendere,
2801 3653 2889 3713 ita
2915 3655 3092 3731 potes
3121 3652 3312 3713 etiam
3339 3668 3486 3729 gra-

1949 3750 2028 3812 tis
2067 3767 2206 3809 eam
2235 3748 2494 3823 donare,
2529 3749 2593 3806 et
2618 3745 2703 3807 ita
2730 3745 2793 3804 in
2823 3748 3087 3823 utroque
3129 3762 3275 3804 casu
3306 3758 3484 3820 aeque

1950 3842 2063 3902 das
2085 3842 2190 3922 jus
2218 3838 2540 3919 proprium
2581 3837 2839 3916 justitiae
2886 3836 2948 3896 in
2992 3837 3282 3908 domum3
3333 3850 3483 3913 ergo

1949 3935 2111 3995 sicut
2137 3937 2313 4011 potes
2341 3931 2541 4010 pretio
2569 3934 2825 4008 accepto
2845 3975 2861 4005 ,
2895 3929 3170 4008 obligare
3197 3932 3260 3989 te
3290 3945 3365 3988 ex
3387 3926 3484 4006 ju-

1949 4027 2116 4088 stitia
2146 4026 2225 4085 ad
2253 4024 2489 4103 aliquid
2518 4022 2873 4083 faciendum
2899 4026 3118 4101 postea
3136 4066 3151 4097 ,
3200 4021 3301 4081 vel
3329 4019 3486 4080 dan-

1951 4120 2099 4180 dum
2119 4166 2136 4196 ,
2183 4136 2256 4177 ex
2289 4136 2413 4197 qua
2442 4115 2823 4195 obligatione
2851 4115 2965 4175 das
3004 4114 3109 4194 jus
3145 4133 3217 4175 ex
3243 4113 3487 4193 justitia

1948 4211 2204 4292 propria
2232 4210 2532 4270 adversus
2562 4214 2654 4281 te3
2705 4209 2793 4269 ita
2834 4208 3067 4287 poteris
3113 4207 3235 4268 hoc
3278 4206 3483 4284 ipsum

1942 4305 2045 4386 jus
2083 4304 2278 4383 gratis
2315 4302 2500 4378 dare,
2549 4306 2611 4363 et
2639 4301 3015 4362 constituere
3043 4305 3105 4361 te
3134 4299 3482 4360 debitorem

1949 4396 2319 4477 exjustitia,
2377 4394 2537 4455 sicut
2582 4394 2633 4454 si
2676 4393 2946 4471 pretium
2993 4392 3340 4472 accepisses
3368 4409 3482 4469 pro

1948 4492 2067 4552 hac
2095 4488 2494 4568 obligatione.
2522 4484 2862 4564 Loquendo
2893 4503 3044 4564 ergo
3075 4484 3152 4545 de
3181 4482 3480 4562 possibili,

1949 4583 2117 4643 nulla
2147 4583 2410 4660 apparet
2453 4578 2893 4656 repugnantia,
2944 4576 3111 4657 quod
3153 4576 3481 4655 promissio

1946 4675 2218 4755 gratuita
2253 4671 2511 4733 inducat
2537 4670 2984 4749 obligationem
3009 4669 3287 4749 justitiae,
3337 4669 3481 4730 siin

1946 4767 2347 4848 promittente
2403 4764 2564 4825 adsit
2605 4763 2853 4824 animus
2900 4762 2986 4823 ita
3031 4782 3097 4824 se
3137 4761 3477 4841 obligandi,

1946 4865 2136 4939 atque
2191 4858 2332 4918 ideo
2389 4875 2466 4916 ex
2509 4855 2703 4934 ipsius
2750 4855 2957 4916 animo
3007 4854 3340 4933 dependet,
3401 4871 3481 4913 an

1947 4953 2258 5031 obligatus
2285 4952 2541 5010 maneat
2565 4966 2638 5008 ex
2663 4947 2926 5028 justitia,
2958 4947 3058 5008 vel
3078 4947 3281 5009 solum
3310 4964 3382 5006 ex
3410 4946 3481 5006 fi-

1947 5045 2224 5106 delitate.

2029 5139 2221 5198 Porro
2258 5152 2384 5195 non
2435 5134 2572 5194 dari
2620 5133 3064 5212 obligationem
3104 5149 3360 5212 gravem
3404 5149 3481 5191 ex

1945 5230 2080 5292 sola
2104 5227 2425 5303 fidelitate,
2459 5245 2573 5305 per
2599 5246 2665 5286 se
2690 5226 3033 5306 loquendo,
3059 5243 3199 5304 quoe
3229 5227 3364 5286 erat
3389 5224 3481 5285 al-

1946 5328 2082 5385 tera
2112 5320 2298 5400 hujus
2326 5319 2648 5381 sententiae
2678 5337 2845 5398 pars,
2871 5317 3119 5396 probari
3151 5317 3338 5379 etiam
3367 5335 3482 5396 po·-

1946 5420 2088 5477 test.
2122 5411 2544 5491 Supponimus
2565 5416 2777 5472 autem
2804 5429 2881 5470 ex
2907 5410 3089 5471 dictis
3111 5409 3216 5472 illa
3242 5415 3396 5473 sect.
3431 5427 3475 5472 1.

1945 5526 2072 5570 non
2100 5525 2237 5568 esse
2263 5504 2432 5565 idem
2461 5503 2693 5565 habere
2721 5504 3109 5586 propositum
3138 5508 3202 5566 et
3226 5503 3482 5589 promit-

3627 2360 3697 2420 01

3544 2485 3746 2529 Probatur
3761 2485 3813 2528 de

3558 2539 3808 2592 obligatione

3576 2592 3779 2648 possibili.

3626 5148 3702 5206 92

3528 5273 3724 5318 fidelitas
3743 5283 3824 5315 nou

3596 5328 3752 5379 obligat

3583 5383 3777 5437 graviter.
