4263 6376
840 308 960 370 340

839 489 977 562 pter
1004 482 1447 562 obligationem
1474 480 1837 560 adjunctam
1877 479 2182 540 reddendi
2213 478 2366 538 mihi

839 576 1126 637 eamdem
1157 595 1290 637 rem
1319 577 1384 635 in
1414 574 1877 653 emphyteusim
1897 593 2018 651 pro
2048 574 2207 633 adeo
2238 590 2367 632 mo-

839 669 980 730 dica
1006 670 1322 747 pensione.
1359 667 1536 741 Quod
1565 667 1731 726 idem
1759 666 1965 727 locum
1998 666 2230 726 habere
2259 683 2367 744 po-

836 765 958 823 test
982 762 1045 821 in
1074 761 1386 841 emptione
1435 779 1657 822 census
1699 759 2097 835 redimimus,
2147 758 2207 818 in
2241 775 2364 837 quo

839 855 1023 916 debet
1079 859 1287 916 tamen
1338 853 1600 932 intelligi
1622 899 1637 928 ,
1692 853 1862 931 quod
1912 851 2162 931 quando
2212 850 2366 910 emis

834 965 1090 1007 censum
1114 995 1129 1023 ,
1181 947 1336 1007 emis
1367 946 1661 1025 primario
1690 944 1953 1005 fundum
1984 945 2190 1023 ipsum
2220 962 2362 1004 cum

834 1045 1016 1119 pacto
1046 1040 1234 1100 etiam
1260 1038 1808 1100 retrovenditionis
1838 1054 1948 1114 pro
1981 1037 2204 1097 eodem
2231 1055 2367 1115 pre-

833 1133 942 1209 tio,
973 1137 1037 1193 et
1064 1134 1312 1193 interim
1343 1131 1532 1191 dandi
1579 1130 1734 1190 mihi
1778 1129 2069 1189 eumdem
2098 1130 2363 1190 fundum

834 1224 896 1283 in
926 1226 1388 1304 emphyteusim
1418 1243 1528 1303 pro
1570 1228 1741 1284 tanta
1784 1222 2080 1302 pensione
2111 1239 2359 1287 annua:

834 1336 1027 1395 quare
1056 1321 1314 1397 propter
1342 1322 1596 1396 pactum
1641 1315 1795 1374 illud
1842 1314 2124 1374 additum
2168 1318 2363 1375 retro-

831 1410 1205 1471 venditionis
1233 1410 1535 1471 minuitur
1562 1408 1866 1487 pretium,
1911 1425 2033 1485 quo
2065 1407 2360 1484 primario

832 1503 987 1562 emis
1039 1522 1077 1562 a
1130 1521 1231 1563 me
1287 1502 1551 1562 fundum
1620 1501 1823 1579 ipsum
1879 1517 2021 1559 cum
2080 1499 2185 1559 illo
2241 1498 2359 1559 du-

828 1595 971 1673 plici
1002 1599 1207 1674 pact0,
1240 1595 1328 1656 ita
1357 1595 1686 1656 Albornoz.
1723 1593 1824 1653 111.
1860 1590 1930 1652 de
1948 1591 2357 1668 contractibus,

829 1686 921 1748 tit.
956 1704 1024 1748 11.

910 1781 1023 1841 Hic
1049 1785 1261 1842 tamen
1290 1779 1515 1840 modus
1544 1777 1896 1858 explicandi
1940 1776 2211 1837 difficilis
2241 1780 2355 1838 est.

827 1874 1037 1933 Primo
1063 1921 1078 1949 ,
1132 1873 1276 1953 quia
1309 1877 1403 1934 est
1430 1876 1649 1933 contra
1676 1876 1954 1931 mentem
1985 1876 2046 1931 et
2071 1870 2361 1930 intentio-

830 1984 973 2025 nem
1001 1964 1500 2026 contrahentium
1527 2010 1542 2040 ,
1588 1982 1731 2024 cum
1780 1963 1931 2023 nihil
1979 1962 2187 2022 minus
2214 1962 2364 2023 velit

827 2057 1116 2118 venditor
1162 2075 1424 2131 censuS,
1479 2074 1668 2135 quam
1710 2056 1981 2115 vendere
2027 2054 2354 2132 praedium,

827 2150 925 2209 vel
955 2149 1247 2209 abdicare
1279 2167 1316 2207 a
1342 2167 1408 2208 se
1439 2147 1573 2225 ejus
1604 2147 1972 2223 dominium,
2005 2147 2103 2207 vel
2135 2146 2359 2207 consti-

825 2245 1000 2302 tuere
1028 2259 1094 2301 se
1124 2240 1616 2319 emphyteutam,
1642 2245 1704 2301 et
1722 2241 1990 2301 retinere
2011 2239 2359 2300 dominium

828 2335 1029 2395 solum
1058 2333 1206 2394 utile
1251 2338 1384 2393 sine
1423 2332 1682 2393 directe.
1740 2332 2065 2408 SecundO,
2118 2333 2267 2411 quia
2294 2333 2357 2392 in

828 2428 947 2487 hoc
992 2430 1316 2487 contu-actu
1359 2425 1661 2485 deficiunt
1705 2443 1920 2485 omnes
1967 2425 2356 2486 conditiones

827 2538 966 2599 quae
1015 2519 1077 2578 in
1121 2518 1512 2596 emphyteusi
1565 2517 1805 2577 servari
1852 2518 2054 2578 solent
2092 2535 2106 2581 :
2154 2537 2356 2597 neque

826 2612 990 2672 enim
1021 2611 1308 2672 venditor
1355 2628 1577 2671 census
1623 2609 1811 2670 dehet
1851 2615 2069 2688 postea
2113 2610 2355 2671 solvere

823 2704 1209 2765 laude-mium
1229 2703 1482 2763 domino
1514 2720 1759 2777 censuS,
1783 2702 2028 2780 quoties
2049 2702 2355 2779 praedium

825 2796 1130 2858 censitum
1157 2794 1393 2870 vendit,
1427 2812 1629 2872 neque
1660 2793 1888 2854 amittit
1913 2794 2130 2871 praedii
2161 2794 2356 2854 domi·

826 2890 995 2949 nium
1026 2888 1215 2965 utile,
1251 2886 1500 2966 quando
1531 2904 1645 2964 per
1673 2885 1831 2945 duos
1857 2885 1956 2944 vel
2004 2890 2128 2946 tres
2159 2905 2354 2948 annos

823 2981 1153 3062 pensiones
1186 2999 1306 3039 non
1338 2979 1557 3054 solvit,
1589 2977 1701 3037 sed
1730 2977 2028 3038 satisfacit
2054 2979 2353 3040 solvendo

825 3075 1156 3155 pensiones
1212 3072 1483 3144 debitas3
1543 3089 1659 3130 nec
1713 3075 1961 3131 tenetur
2015 3070 2353 3133 admonere

824 3168 1145 3230 dominum
1174 3184 1418 3241 censuS,
1451 3164 1690 3244 quoties
1713 3164 2019 3244 praedium
2049 3166 2355 3226 censitum

825 3260 997 3323 alteri
1029 3259 1245 3321 vendit
1277 3279 1289 3319 ε
1343 3276 1482 3337 quae
1512 3261 1723 3317 tamen
1761 3257 1968 3318 omnia
1995 3256 2057 3316 in
2089 3258 2355 3337 emphy-

823 3354 983 3415 teusi
1011 3352 1428 3432 reperiuntur.
1489 3350 1697 3411 Tertio
1724 3396 1739 3424 ,
1795 3349 2064 3409 essentia
2093 3350 2353 3429 emphy-

821 3446 1013 3509 teusis
1042 3445 1177 3505 haec
1207 3448 1331 3519 est,
1382 3445 1452 3504 ut
1496 3441 1841 3502 dominium
1872 3440 2176 3501 directum
2207 3462 2354 3521 pro-

821 3538 1100 3619 prietatis
1130 3555 1254 3597 non
1283 3536 1364 3596 sit
1390 3536 1453 3594 in
1484 3534 1914 3612 emphyteuta,
1945 3533 2055 3593 sed
2084 3535 2147 3593 in
2177 3536 2297 3595 alio
2331 3556 2346 3597 :

820 3650 1075 3691 manere
1104 3635 1314 3690 autem
1343 3627 1691 3688 dominium
1719 3625 2138 3705 proprietatiS,
2173 3632 2236 3689 et
2263 3628 2352 3688 di-

818 3729 1060 3786 rectum
1090 3723 1152 3783 in
1180 3721 1323 3797 alio,
1372 3735 1494 3781 non
1524 3724 1618 3780 est
1645 3737 1744 3778 res
1775 3719 1852 3777 de
1883 3718 2012 3779 solo
2044 3720 2349 3781 vocabulo

819 3817 929 3878 sed
960 3817 1036 3876 de
1066 3835 1131 3876 re
1157 3862 1172 3892 ,
1227 3813 1373 3894 quia
1420 3811 1715 3873 nimirum
1762 3811 2109 3871 dominium
2141 3817 2236 3873 est
2261 3813 2349 3872 fa-

819 3911 1015 3972 cultas
1056 3907 1267 3969 utendi
1299 3924 1366 3966 re
1395 3903 1766 3985 aliquando;
1827 3923 2021 3983 quare
2069 3905 2350 3965 ususfru-

818 4006 953 4064 ctus
993 4003 1332 4081 perpetuus
1373 3998 1506 4058 sine
1548 3997 1673 4056 ullo
1703 4014 1990 4074 regressu
2038 3996 2116 4056 ad
2148 3997 2350 4058 ‹lomi-

817 4114 968 4155 num
995 4090 1390 4172 proprietatis
1418 4090 1482 4149 in
1511 4089 1681 4149 nullo
1710 4106 1857 4148 casu
1906 4089 2039 4150 dari
2086 4108 2211 4149 non
2242 4109 2346 4168 po-

816 4191 967 4262 test,
1028 4186 1175 4265 quia
1228 4183 1466 4243 nullum
1521 4186 1877 4243 remaneret
1905 4182 2252 4242 dominium
2282 4184 2344 4243 in

814 4279 1075 4340 domino·
1095 4274 1597 4356 proprietatiS,ut
1623 4293 1813 4352 supra
1841 4279 2099 4352 agentes
2128 4274 2206 4333 de
2237 4275 2344 4335 do-

815 4371 1004 4431 minio
1036 4369 1304 4428 vidimus
1339 4387 1351 4427 :
1403 4384 1544 4427 cum
1575 4384 1723 4444 ergo
1756 4371 2001 4444 emptor
2029 4385 2252 4425 census
2280 4365 2342 4425 in

816 4464 982 4525 nullo
1012 4481 1158 4523 casu
1188 4460 1381 4540 possit
1418 4477 1789 4538 recuperare
1819 4458 2165 4517 dominium
2194 4458 2341 4519 utile

812 4556 1031 4638 praedii
1055 4602 1070 4632 ,
1121 4554 1239 4615 nisi
1267 4553 1345 4613 ad
1374 4570 1689 4612 summum
1720 4550 2087 4612 auctoritate
2109 4551 2342 4630 judicis

811 4669 923 4729 pro
957 4648 1153 4727 pretio
1182 4646 1553 4725 pensionum
1599 4663 1720 4704 uon
1752 4643 2096 4703 solutarum
2118 4690 2134 4720 ,
2182 4643 2344 4705 sicut

806 4748 870 4805 et
898 4742 1002 4803 alii
1030 4740 1289 4820 quilibet
1315 4738 1655 4799 creditores
1683 4740 1957 4814 possent,
1992 4754 2111 4796 non
2145 4755 2341 4814 appa-

803 4840 900 4897 ret
941 4833 1253 4914 quomodo
1285 4830 1449 4910 apud
1479 4831 1683 4907 ipsum
1712 4833 1965 4889 maneat
1993 4828 2338 4889 dominium

804 4928 1110 4989 directum
1138 4925 1358 5005 praedii
1387 4923 1579 4998 illius,
1616 4927 1679 4982 et
1704 4921 2019 5000 quomodo
2050 4921 2339 4982 venditor

802 5040 1025 5083 census
1053 5019 1283 5080 habeat
1306 5015 1614 5097 proedium
1642 5015 1842 5074 solum
1871 5014 1931 5072 in
1963 5014 2338 5094 emphyteu-

801 5115 939 5176 sim.

877 5205 1159 5283 Denique
1186 5221 1262 5262 ex
1289 5201 1411 5263 hoc
1440 5204 1809 5279 sequeretur
1829 5246 1845 5276 ,
1880 5200 2049 5279 quod
2081 5200 2333 5262 debitor

796 5317 1018 5361 census
1047 5314 1173 5356 non
1200 5297 1412 5374 posset
1452 5293 1645 5354 alium
1692 5292 2039 5353 seeundum
2069 5310 2326 5353 censum

794 5412 982 5472 super
1005 5389 1225 5451 eodem
1257 5386 1491 5466 praedio
1522 5384 1918 5460 constituere,
1946 5388 2007 5444 et
2026 5385 2324 5459 vendcre;

1998 304 2099 363 DE
2143 301 2497 365 JUSTITIA
2544 303 2645 362 ΕΤ
2685 304 2888 364 JURE

2467 477 2613 557 quia
2641 479 2953 540 secundus
2981 483 3226 558 emptor
3252 499 3373 541 non
3405 486 3614 560 posset
3621 481 3989 564 jamahipso

2466 569 2811 632 dominium
2841 572 3147 635 directum
3193 573 3475 652 ejusdem
3515 576 3733 655 praedii
3765 596 3987 656 emere,

2465 682 2578 723 nec
2608 664 2775 724 idem
2804 665 3111 743 praedium
3153 666 3210 726 ei
3238 667 3391 727 dare
3424 667 3486 726 in
3515 669 3986 748 emphyteusim,

2462 756 2789 817 retinendo
2819 758 2934 817 sibi
2966 758 3310 819 dominium
3340 760 3669 836 directum,
3701 780 3844 823 cum
3866 762 3988 841 jam

2464 848 2810 909 dominium
2847 851 3066 929 praedii
3109 869 3234 911 non
3289 857 3453 913 esset
3500 872 3692 931 penes
3719 854 3989 916 vendito-

2461 959 2596 1000 rem
2651 960 2903 1018 censuS‚
2962 943 3071 1003 sed
3131 963 3321 1022 penes
3373 950 3719 1023 emptorem
3775 947 3991 1026 prioris

2462 1050 2718 1109 censu3‚
2770 1035 2874 1113 qui
2912 1035 3080 1095 solus
3118 1040 3325 1115 potest
3354 1037 3432 1097 de
3464 1037 3740 1099 dominio
3772 1039 3876 1099 illo
3908 1039 3992 1100 di-

2459 1130 2631 1187 recto
2676 1126 3039 1204 disponere;
3090 1135 3254 1190 esset
3298 1148 3448 1208 ergo
3491 1129 3724 1209 injusta
3765 1133 3990 1212 emptio

2459 1218 2720 1278 secundi
2766 1236 3021 1296 census,
3075 1221 3126 1280 si
3156 1240 3281 1282 non
3310 1226 3516 1300 potest
3543 1223 3725 1284 aliter
3751 1230 3990 1286 contra-

2459 1314 2595 1370 ctus
2624 1309 2726 1370 hic
2746 1311 3076 1389 justificari
3125 1313 3240 1375 nisi
3283 1333 3397 1393 per
3426 1315 3806 1393 emptionem
3836 1335 3991 1396 prae-

2459 1401 2545 1461 dii
2574 1406 2637 1462 et
2664 1401 3127 1481 emphyteusim
3173 1412 3660 1486 consequentem
3707 1427 3851 1470 cum
3894 1429 3988 1471 re-

2457 1494 2732 1556 tentione
2763 1495 3019 1556 dominii
3053 1497 3293 1559 directi.

2538 1587 2686 1647 Ideo
2717 1587 2817 1647 alii
2849 1589 3121 1650 seeundo
3146 1589 3381 1668 dicunt,
3402 1592 3465 1650 in
3495 1611 3683 1653 censu
3715 1612 3839 1654 non
3870 1595 3988 1655 emi
4111 1608 4170 1667 18

2459 1679 2765 1757 praedium
2793 1681 3020 1759 ipsum,
3056 1683 3167 1742 sed
3193 1684 3433 1745 fructus
3461 1685 3702 1764 praedii,
3735 1687 3842 1766 qui
3872 1687 3987 1748 fru·
4061 1732 4210 1775 mdia

2460 1776 2593 1832 ctus
2643 1778 2861 1851 postea
2916 1781 3383 1837 commutantur
3437 1778 3500 1837 in
3551 1780 3887 1856 pecuniam
3933 1786 3991 1843 et
4030 1787 4099 1828 2⁰¹¹
4127 1787 4210 1828 ‘rw

2459 1865 2791 1942 pensiones
2833 1867 3165 1928 solvendas
3210 1870 3552 1930 secundum
3601 1871 3908 1932 moralem
3932 1876 3992 1934 et

2459 1956 2833 2034 prudentem
2877 1959 3355 2022 aestimationem
3398 1962 3713 2024 fructuum
3761 1964 3991 2026 futuro·

2456 2067 2618 2126 rum,
2653 2050 2739 2112 ita
2767 2050 2996 2131 aliqui,
3033 2072 3188 2132 quos
3217 2054 3407 2116 refert
3436 2056 3613 2117 Salas
3643 2056 3809 2118 dicto
3840 2057 3986 2119 dub.

2457 2157 2524 2202 11.
2561 2160 2732 2204 num.
2757 2146 2815 2203 6.
2848 2145 2905 2223 ἓ.
2939 2143 3260 2225 Supposita
3286 2165 3446 2226 erqo.
3480 2150 3626 2208 Haec
3653 2153 3866 2210 tamen
3895 2169 3990 2211 re-

2455 2235 2706 2312 sponsio
2740 2253 2862 2296 non
2891 2242 3153 2298 evacuat
3182 2238 3611 2300 difficultatem
3638 2259 3654 2302 ε
3686 2242 3833 2320 quia
3862 2242 3990 2303 fru-

2456 2330 2590 2386 ctus
2636 2327 2916 2405 perpetui
2965 2328 3383 2408 quadraginta
3411 2332 3510 2392 vel
3540 2332 3993 2413 quinquaginta

2457 2418 2552 2478 vel
2584 2420 2853 2497 plurium
2881 2439 3189 2481 annorum
3213 2469 3229 2499 ,
3279 2423 3341 2483 in
3386 2428 3760 2503 perpetuum
3809 2445 3993 2505 supe-

2454 2517 2596 2573 rant
2641 2512 2918 2573 valorem
2948 2514 3169 2591 pretii,
3219 2515 3389 2594 quod
3419 2516 3607 2578 datur
3631 2538 3745 2597 pro
3775 2538 3987 2596 censu,

2454 2623 2599 2665 cum
2645 2605 2847 2665 solum
2893 2605 3123 2666 dentur
3150 2607 3369 2686 viginti
3422 2628 3529 2688 pro
3575 2630 3698 2672 uno
3727 2630 3987 2676 annuo:

2453 2697 2754 2758 minuitur
2789 2716 2938 2775 ergo
2987 2699 3256 2775 pretium
3300 2706 3557 2779 propter
3599 2705 3994 2783 anticipatio·

2453 2807 2596 2848 nem
2616 2789 2961 2867 solutionis,
2984 2795 3312 2871 etpropter
3332 2793 3694 2857 dilationem
3715 2797 3992 2860 habendi

2454 2900 2586 2940 rem
2615 2887 2889 2959 emptam
2914 2929 2928 2959 ‚
2986 2885 3155 2963 quod
3185 2886 3454 2966 pertinet
3483 2888 3561 2948 ad
3591 2909 3873 2969 usuram,
3926 2896 3993 2953 ut

2452 2979 2697 3036 constat
2723 2994 2799 3034 ex
2826 2978 3220 3054 supradictis,
3353 3036 3356 3040 a

2531 3067 2651 3127 Alii
2706 3086 2854 3147 ergo
2895 3069 3101 3145 tertio,
3163 3076 3225 3132 et
3272 3077 3691 3138 communiter
3743 3077 3985 3155 dicunt,
4123 3087 4184 3144 19

2452 3179 2577 3222 non
2607 3160 2724 3220 emi
2756 3162 3061 3239 praedium
3087 3182 3201 3226 nec
3228 3166 3467 3229 fructus
3490 3170 3731 3249 praedii,
3757 3170 3870 3232 sed
3884 3172 3990 3252 jus
4050 3180 4210 3254 Anam

2452 3254 2531 3313 ad
2561 3254 2889 3332 pensiones
2910 3274 3152 3318 annuas
3177 3260 3592 3338 recipiendas.
3628 3267 3758 3326 Hoc
3772 3269 3988 3326 tamen
4061 3266 4209 3327 ΜΝ

2450 3346 2761 3407 difficilius
2787 3347 3056 3426 videtur,
3091 3352 3238 3430 quia
3266 3372 3473 3415 emere
3496 3356 3600 3436 jus
3628 3358 3706 3417 ad
3739 3358 3992 3436 pensio-

2450 3459 2560 3500 nes
2589 3458 2626 3499 a
2654 3440 2976 3502 venditore
3005 3446 3355 3510 successive
3381 3449 3795 3527 recipiendas,
3832 3450 3990 3512 nihil

2450 3531 2618 3593 aliud
2648 3536 2774 3608 est,
2821 3551 3010 3611 quam
3041 3553 3249 3598 emere
3278 3538 3442 3618 ipsas
3473 3543 3804 3620 pensiones
3841 3564 3856 3605 :
3902 3545 3991 3604 sic

2449 3625 2616 3684 enim
2659 3625 2762 3704 qui
2811 3626 2963 3688 emit
2991 3627 3249 3689 domum
3278 3649 3313 3691 a
3343 3633 3667 3695 venditore
3696 3636 3811 3696 sibi
3846 3639 3992 3715 post

2447 3736 2726 3777 mensem
2752 3718 3146 3797 tradendam,
3170 3725 3438 3802 acquirit
3455 3724 3561 3804 jus
3588 3727 3666 3787 ad
3698 3728 3986 3806 domum,

2447 3813 2509 3870 et
2534 3828 2658 3870 non
2687 3815 2889 3888 potest
2919 3831 3127 3873 emere
3157 3814 3414 3877 domum
3451 3819 3571 3880 nisi
3598 3821 3991 3901 acquirendo

2444 3902 2566 3964 tale
2601 3902 2704 3981 jus
2733 3902 2814 3962 ad
2846 3904 3102 3974 domum
3131 3910 3558 3988 recipiendam
3578 3960 3594 3989 ‚
3649 3933 3766 3975 nec
3801 3916 3992 3977 aliter

2445 3996 2710 4074 acquirit
2737 3997 2858 4056 tale
2879 3996 3005 4076 jus,
3035 3998 3147 4059 nisi
3182 4003 3446 4063 emendo
3479 4005 3759 4069 domum.
3796 4008 3993 4070 Simi-

2442 4087 2582 4149 liter
2609 4107 2758 4167 ergo
2787 4090 3051 4175 emendo
3083 4093 3412 4169 pensiones
3441 4097 3683 4160 futuras
3712 4101 3992 4180 acquirit

2434 4180 2539 4257 jus
2566 4181 2645 4240 ad
2677 4181 2830 4241 tales
2862 4183 3227 4261 pensioneS,
3264 4193 3328 4248 et
3354 4191 3741 4268 acquirendo
3772 4193 3873 4272 jus
3904 4193 3987 4254 ad

2441 4273 2791 4351 pensioneS,
2819 4292 2892 4335 eo
2911 4275 3043 4353 ipso
3075 4284 3370 4340 censetur
3397 4299 3605 4343 emere
3635 4284 3803 4363 ipsas
3831 4305 3989 4364 pen·

2440 4365 2644 4426 siones
2663 4412 2678 4442 ,
2730 4385 2872 4426 cum
2902 4387 3026 4429 non
3057 4370 3138 4431 sit
3164 4372 3334 4431 aliud
3364 4393 3572 4436 emere
3600 4396 3736 4437 rem
3761 4384 3990 4457 postea

2438 4458 2841 4536 tradendam,
2893 4479 3081 4540 quam
3112 4464 3436 4543 acquirere
3471 4467 3576 4547 jus
3608 4475 3676 4530 ut
3711 4471 3854 4532 talis
3882 4490 3990 4533 res

2440 4551 2493 4611 ei
2522 4551 2809 4612 tradatur
2835 4558 3116 4633 tempore
3145 4561 3398 4620 statuto.
3435 4561 3502 4621 Si
3530 4579 3679 4640 ergo
3710 4582 3837 4623 non
3868 4583 3990 4645 po·-

2437 4647 2558 4705 test
2576 4644 2716 4705 sine
2746 4665 2935 4707 usura
2964 4648 3086 4707 emi
3115 4649 3339 4729 triplex
3367 4654 3582 4732 pensio
3611 4660 3832 4734 postea
3862 4659 3989 4720 sol-

2435 4737 2663 4813 venda,
2698 4756 2838 4816 quae
2868 4745 3120 4819 superet
3146 4744 3419 4819 pretium
3449 4765 3572 4826 quo
3591 4749 3853 4824 emitur;
3893 4752 3988 4812 sic

2436 4848 2557 4889 non
2588 4831 2815 4908 poterit
2843 4833 2963 4892 emi
2986 4832 3090 4910 jus
3118 4835 3199 4894 ad
3231 4837 3384 4898 tales
3414 4840 3744 4917 pensiones
3773 4862 3990 4905 aven-

2435 4922 2636 4982 (litore
2665 4924 3112 5002 suscipiendaS,
3146 4928 3199 4986 si
3228 4930 3498 5006 pretium
3526 4951 3649 4993 non
3681 4934 3990 5015 adaequet

2432 5015 2707 5075 valorem
2736 5017 3108 5095 pensionum
3128 5065 3143 5096 ,
3176 5021 3256 5080 ad
3288 5042 3443 5101 quas
3472 5027 3822 5105 acquiritur
3841 5030 3981 5107 juS.

2432 5108 2724 5187 Alioquin
2756 5109 2806 5169 si
2835 5109 2970 5171 haec
3002 5130 3124 5171 non
3158 5120 3325 5176 esset
3350 5136 3542 5177 usura
3568 5164 3582 5196 ,
3617 5119 3795 5180 facile
3827 5141 3989 5200 pos-

2428 5206 2523 5260 set
2550 5219 2733 5261 omne
2761 5207 3050 5263 mutuum
3080 5223 3224 5266 cum
3252 5207 3422 5269 lucro
3453 5209 3534 5271 ab
3564 5231 3753 5272 usura
3780 5232 3989 5276 excu-

2430 5293 2551 5353 sari
2585 5312 2599 5352 ε
2652 5292 2860 5354 dicere
2892 5296 3057 5356 enim
3081 5305 3295 5376 posset
3320 5306 3618 5364 mutuans
3642 5350 3657 5380 ,
3707 5323 3775 5365 se
3802 5308 3986 5368 nolle

2428 5385 2671 5446 lucrum
2718 5405 2793 5446 ex
2839 5393 3055 5450 mutuo
3081 5436 3097 5467 ,
3157 5391 3266 5451 sed
3298 5394 3454 5455 velle
3502 5395 3623 5457 illis
3654 5400 3790 5460 100.
3828 5418 3985 5479 quae
