<?xml version="1.0" encoding="UTF-8"?>
<!DOCTYPE html PUBLIC "-//W3C//DTD XHTML 1.0 Transitional//EN"
    "http://www.w3.org/TR/xhtml1/DTD/xhtml1-transitional.dtd">
<html xmlns="http://www.w3.org/1999/xhtml" xml:lang="en" lang="en">
 <head>
  <title>
</title>
<meta http-equiv="Content-Type" content="text/html;charset=utf-8" />
  <meta name='ocr-system' content='tesseract 3.04.00' />
  <meta name='ocr-capabilities' content='ocr_page ocr_carea ocr_par ocr_line ocrx_word'/>
</head>
<body>
  <div class='ocr_page' id='page_1' title='image "./joannisdelugodi00lugogoog_0800.png"; bbox 0 0 4263 6376; ppageno 0'>
   <div class='ocr_carea' id='block_1_1' title="bbox 905 315 1023 374">
    <p class='ocr_par' dir='ltr' id='par_1_1' title="bbox 905 315 1023 374">
     <span class='ocr_line' id='line_1_1' title="bbox 905 315 1023 374; baseline 0.017 -1"><span class='ocrx_word' id='word_1_1' title='bbox 905 315 1023 374; x_wconf 84' lang='lat'><strong>760</strong></span> 
     </span>
    </p>
   </div>
   <div class='ocr_carea' id='block_1_2' title="bbox 909 490 2459 5602">
    <p class='ocr_par' dir='ltr' id='par_1_2' title="bbox 909 490 2459 5602">
     <span class='ocr_line' id='line_1_2' title="bbox 909 490 2439 572; baseline -0.001 -20"><span class='ocrx_word' id='word_1_2' title='bbox 909 497 1050 572; x_wconf 90' lang='lat' dir='ltr'><strong>pter</strong></span> <span class='ocrx_word' id='word_1_3' title='bbox 1079 491 1424 552; x_wconf 90' lang='lat' dir='ltr'><strong>dominium</strong></span> <span class='ocrx_word' id='word_1_4' title='bbox 1452 491 1648 553; x_wconf 89' lang='lat' dir='ltr'><strong>altum</strong></span> <span class='ocrx_word' id='word_1_5' title='bbox 1678 491 1849 569; x_wconf 90' lang='lat' dir='ltr'><strong>quod</strong></span> <span class='ocrx_word' id='word_1_6' title='bbox 1879 490 2090 567; x_wconf 86' lang='lat' dir='ltr'><strong>habet,</strong></span> <span class='ocrx_word' id='word_1_7' title='bbox 2125 490 2285 551; x_wconf 88' lang='lat' dir='ltr'><strong>sicut</strong></span> <span class='ocrx_word' id='word_1_8' title='bbox 2326 507 2439 569; x_wconf 91' lang='lat' dir='ltr'><strong>po-</strong></span> 
     </span>
     <span class='ocr_line' id='line_1_3' title="bbox 910 584 2440 663; baseline -0.002 -17"><span class='ocrx_word' id='word_1_9' title='bbox 910 589 1031 646; x_wconf 88' lang='lat' dir='ltr'><strong>test</strong></span> <span class='ocrx_word' id='word_1_10' title='bbox 1050 585 1242 647; x_wconf 86' lang='lat' dir='ltr'><strong>invito</strong></span> <span class='ocrx_word' id='word_1_11' title='bbox 1267 584 1519 645; x_wconf 88' lang='lat' dir='ltr'><strong>domino</strong></span> <span class='ocrx_word' id='word_1_12' title='bbox 1551 584 1793 663; x_wconf 83' lang='lat' dir='ltr'><strong>praedii,</strong></span> <span class='ocrx_word' id='word_1_13' title='bbox 1827 584 2151 662; x_wconf 79' lang='lat' dir='ltr'><strong>imponere</strong></span> <span class='ocrx_word' id='word_1_14' title='bbox 2180 584 2440 645; x_wconf 78' lang='lat' dir='ltr'><strong>servitu·</strong></span> 
     </span>
     <span class='ocr_line' id='line_1_4' title="bbox 909 677 2438 757; baseline -0.001 -18"><span class='ocrx_word' id='word_1_15' title='bbox 909 684 1039 740; x_wconf 88' lang='lat' dir='ltr'><strong>tem</strong></span> <span class='ocrx_word' id='word_1_16' title='bbox 1071 678 1434 738; x_wconf 88' lang='lat' dir='ltr'><strong>transeundi</strong></span> <span class='ocrx_word' id='word_1_17' title='bbox 1465 678 1546 737; x_wconf 89' lang='lat' dir='ltr'><strong>ad</strong></span> <span class='ocrx_word' id='word_1_18' title='bbox 1575 678 1841 751; x_wconf 84' lang='lat' dir='ltr'><strong>moenia;</strong></span> <span class='ocrx_word' id='word_1_19' title='bbox 1878 677 1967 737; x_wconf 91' lang='lat' dir='ltr'><strong>sic</strong></span> <span class='ocrx_word' id='word_1_20' title='bbox 2009 681 2218 757; x_wconf 87' lang='lat' dir='ltr'><strong>potest</strong></span> <span class='ocrx_word' id='word_1_21' title='bbox 2244 677 2438 738; x_wconf 85' lang='lat' dir='ltr'><strong>invito</strong></span> 
     </span>
     <span class='ocr_line' id='line_1_5' title="bbox 911 771 2439 850; baseline -0.002 -18"><span class='ocrx_word' id='word_1_22' title='bbox 911 773 1233 850; x_wconf 80' lang='lat' dir='ltr'>imponere</span> <span class='ocrx_word' id='word_1_23' title='bbox 1255 771 1531 831; x_wconf 84' lang='lat' dir='ltr'><strong>officium</strong></span> <span class='ocrx_word' id='word_1_24' title='bbox 1558 771 1734 832; x_wconf 82' lang='lat' dir='ltr'><strong>testis</strong></span> <span class='ocrx_word' id='word_1_25' title='bbox 1762 771 1894 831; x_wconf 90' lang='lat' dir='ltr'><strong>sine</strong></span> <span class='ocrx_word' id='word_1_26' title='bbox 1925 771 2119 849; x_wconf 91' lang='lat' dir='ltr'><strong>ipsius</strong></span> <span class='ocrx_word' id='word_1_27' title='bbox 2151 776 2439 850; x_wconf 88' lang='lat' dir='ltr'><strong>accepta-</strong></span> 
     </span>
     <span class='ocr_line' id='line_1_6' title="bbox 911 863 2444 927; baseline -0.002 -1"><span class='ocrx_word' id='word_1_28' title='bbox 911 866 1102 927; x_wconf 80' lang='lat' dir='ltr'><strong>tione.</strong></span> <span class='ocrx_word' id='word_1_29' title='bbox 1136 865 1228 924; x_wconf 89' lang='lat' dir='ltr'><strong>Ita</strong></span> <span class='ocrx_word' id='word_1_30' title='bbox 1277 864 1594 924; x_wconf 84' lang='lat' dir='ltr'><strong>Malderus</strong></span> <span class='ocrx_word' id='word_1_31' title='bbox 1632 864 1799 926; x_wconf 92' lang='lat' dir='ltr'><strong>dicto</strong></span> <span class='ocrx_word' id='word_1_32' title='bbox 1834 863 1983 925; x_wconf 92' lang='lat' dir='ltr'><strong>dub.</strong></span> <span class='ocrx_word' id='word_1_33' title='bbox 2018 881 2102 924; x_wconf 68' lang='grc' dir='ltr'><strong>ιχ.</strong></span> <span class='ocrx_word' id='word_1_34' title='bbox 2138 867 2201 924; x_wconf 89' lang='grc'><strong>01</strong></span> <span class='ocrx_word' id='word_1_35' title='bbox 2228 867 2322 924; x_wconf 89' lang='lat' dir='ltr'><strong>est</strong></span> <span class='ocrx_word' id='word_1_36' title='bbox 2348 882 2444 924; x_wconf 92' lang='lat' dir='ltr'><strong>so-</strong></span> 
     </span>
     <span class='ocr_line' id='line_1_7' title="bbox 911 956 2444 1035; baseline -0.002 -17"><span class='ocrx_word' id='word_1_37' title='bbox 911 957 1064 1019; x_wconf 89' lang='lat' dir='ltr'><strong>lutio</strong></span> <span class='ocrx_word' id='word_1_38' title='bbox 1086 956 1449 1035; x_wconf 86' lang='lat' dir='ltr'><strong>probabilis.</strong></span> <span class='ocrx_word' id='word_1_39' title='bbox 1487 959 1622 1018; x_wconf 90' lang='lat' dir='ltr'><strong>Non</strong></span> <span class='ocrx_word' id='word_1_40' title='bbox 1669 961 1881 1018; x_wconf 88' lang='lat' dir='ltr'><strong>tamen</strong></span> <span class='ocrx_word' id='word_1_41' title='bbox 1912 958 2217 1019; x_wconf 81' lang='lat' dir='ltr'><strong>satisfacit</strong></span> <span class='ocrx_word' id='word_1_42' title='bbox 2246 956 2444 1017; x_wconf 89' lang='lat' dir='ltr'><strong>omni-</strong></span> 
     </span>
     <span class='ocr_line' id='line_1_8' title="bbox 915 1050 2446 1129; baseline -0.001 -18"><span class='ocrx_word' id='word_1_43' title='bbox 915 1069 1017 1127; x_wconf 87' lang='grc'><strong>00,</strong></span> <span class='ocrx_word' id='word_1_44' title='bbox 1052 1050 1200 1129; x_wconf 88' lang='lat' dir='ltr'><strong>quia</strong></span> <span class='ocrx_word' id='word_1_45' title='bbox 1243 1050 1552 1128; x_wconf 83' lang='lat' dir='ltr'><strong>imprimis</strong></span> <span class='ocrx_word' id='word_1_46' title='bbox 1597 1051 1846 1112; x_wconf 87' lang='lat' dir='ltr'><strong>videtur</strong></span> <span class='ocrx_word' id='word_1_47' title='bbox 1891 1051 2042 1111; x_wconf 83' lang='lat' dir='ltr'><strong>satis</strong></span> <span class='ocrx_word' id='word_1_48' title='bbox 2098 1050 2327 1111; x_wconf 90' lang='lat' dir='ltr'><strong>durum</strong></span> <span class='ocrx_word' id='word_1_49' title='bbox 2383 1052 2446 1110; x_wconf 88' lang='lat' dir='ltr'><strong>et</strong></span> 
     </span>
     <span class='ocr_line' id='line_1_9' title="bbox 914 1143 2445 1223; baseline -0.001 -20"><span class='ocrx_word' id='word_1_50' title='bbox 914 1161 1171 1219; x_wconf 89' lang='lat' dir='ltr'><strong>novum,</strong></span> <span class='ocrx_word' id='word_1_51' title='bbox 1234 1143 1402 1223; x_wconf 90' lang='lat' dir='ltr'><strong>quod</strong></span> <span class='ocrx_word' id='word_1_52' title='bbox 1447 1143 1802 1221; x_wconf 77' lang='lat' dir='ltr'><strong>respublica</strong></span> <span class='ocrx_word' id='word_1_53' title='bbox 1859 1162 1969 1204; x_wconf 89' lang='lat' dir='ltr'><strong>seu</strong></span> <span class='ocrx_word' id='word_1_54' title='bbox 2038 1144 2445 1222; x_wconf 79' lang='lat' dir='ltr'><strong>magistratus</strong></span> 
     </span>
     <span class='ocr_line' id='line_1_10' title="bbox 913 1235 2444 1316; baseline 0 -21"><span class='ocrx_word' id='word_1_55' title='bbox 913 1236 1198 1315; x_wconf 88' lang='lat' dir='ltr'><strong>imponat</strong></span> <span class='ocrx_word' id='word_1_56' title='bbox 1215 1236 1481 1297; x_wconf 90' lang='lat' dir='ltr'><strong>subditis</strong></span> <span class='ocrx_word' id='word_1_57' title='bbox 1507 1237 1952 1316; x_wconf 81' lang='lat' dir='ltr'><strong>obligationem</strong></span> <span class='ocrx_word' id='word_1_58' title='bbox 1969 1237 2046 1297; x_wconf 91' lang='lat' dir='ltr'><strong>de</strong></span> <span class='ocrx_word' id='word_1_59' title='bbox 2060 1235 2301 1316; x_wconf 88' lang='lat' dir='ltr'><strong>justitia</strong></span> <span class='ocrx_word' id='word_1_60' title='bbox 2330 1237 2444 1297; x_wconf 91' lang='lat' dir='ltr'><strong>cir-</strong></span> 
     </span>
     <span class='ocr_line' id='line_1_11' title="bbox 915 1329 2447 1409; baseline 0 -21"><span class='ocrx_word' id='word_1_61' title='bbox 915 1346 989 1388; x_wconf 89' lang='lat' dir='ltr'><strong>ca</strong></span> <span class='ocrx_word' id='word_1_62' title='bbox 1017 1329 1295 1390; x_wconf 82' lang='lat' dir='ltr'><strong>actiones</strong></span> <span class='ocrx_word' id='word_1_63' title='bbox 1324 1330 1706 1407; x_wconf 80' lang='lat' dir='ltr'><strong>personales,</strong></span> <span class='ocrx_word' id='word_1_64' title='bbox 1746 1332 1957 1391; x_wconf 90' lang='lat' dir='ltr'><strong>Potest</strong></span> <span class='ocrx_word' id='word_1_65' title='bbox 2011 1330 2269 1409; x_wconf 85' lang='lat' dir='ltr'><strong>quidem</strong></span> <span class='ocrx_word' id='word_1_66' title='bbox 2315 1348 2447 1389; x_wconf 91' lang='lat' dir='ltr'><strong>res-</strong></span> 
     </span>
     <span class='ocr_line' id='line_1_12' title="bbox 915 1422 2446 1501; baseline 0.001 -20"><span class='ocrx_word' id='word_1_67' title='bbox 915 1423 1166 1500; x_wconf 82' lang='lat' dir='ltr'><strong>publica</strong></span> <span class='ocrx_word' id='word_1_68' title='bbox 1188 1423 1373 1501; x_wconf 88' lang='lat' dir='ltr'><strong>justis</strong></span> <span class='ocrx_word' id='word_1_69' title='bbox 1403 1422 1481 1482; x_wconf 89' lang='lat' dir='ltr'><strong>de</strong></span> <span class='ocrx_word' id='word_1_70' title='bbox 1514 1423 1717 1484; x_wconf 91' lang='lat' dir='ltr'><strong>causis</strong></span> <span class='ocrx_word' id='word_1_71' title='bbox 1744 1425 2084 1484; x_wconf 86' lang='lat' dir='ltr'><strong>transferre</strong></span> <span class='ocrx_word' id='word_1_72' title='bbox 2097 1423 2446 1484; x_wconf 90' lang='lat' dir='ltr'><strong>dominium</strong></span> 
     </span>
     <span class='ocr_line' id='line_1_13' title="bbox 916 1515 2449 1578; baseline 0.001 -4"><span class='ocrx_word' id='word_1_73' title='bbox 916 1515 1225 1575; x_wconf 85' lang='lat' dir='ltr'><strong>bonorum</strong></span> <span class='ocrx_word' id='word_1_74' title='bbox 1257 1517 1336 1576; x_wconf 89' lang='lat' dir='ltr'><strong>ab</strong></span> <span class='ocrx_word' id='word_1_75' title='bbox 1368 1535 1489 1576; x_wconf 93' lang='lat' dir='ltr'><strong>uno</strong></span> <span class='ocrx_word' id='word_1_76' title='bbox 1520 1517 1585 1576; x_wconf 91' lang='lat' dir='ltr'><strong>in</strong></span> <span class='ocrx_word' id='word_1_77' title='bbox 1615 1517 1805 1577; x_wconf 91' lang='lat' dir='ltr'><strong>alium</strong></span> <span class='ocrx_word' id='word_1_78' title='bbox 1841 1537 1854 1578; x_wconf 90' lang='lat'>:</span> <span class='ocrx_word' id='word_1_79' title='bbox 1889 1521 2249 1578; x_wconf 88' lang='lat' dir='ltr'><strong>nontamen</strong></span> <span class='ocrx_word' id='word_1_80' title='bbox 2271 1516 2449 1576; x_wconf 87' lang='lat' dir='ltr'><strong>vide-</strong></span> 
     </span>
     <span class='ocr_line' id='line_1_14' title="bbox 915 1609 2448 1689; baseline -0.001 -20"><span class='ocrx_word' id='word_1_81' title='bbox 915 1612 1019 1669; x_wconf 90' lang='lat' dir='ltr'><strong>tur</strong></span> <span class='ocrx_word' id='word_1_82' title='bbox 1050 1626 1229 1687; x_wconf 91' lang='lat' dir='ltr'><strong>posse</strong></span> <span class='ocrx_word' id='word_1_83' title='bbox 1271 1609 1644 1688; x_wconf 82' lang='lat' dir='ltr'><strong>regulariter</strong></span> <span class='ocrx_word' id='word_1_84' title='bbox 1686 1628 1920 1689; x_wconf 90' lang='lat' dir='ltr'><strong>ponere</strong></span> <span class='ocrx_word' id='word_1_85' title='bbox 1979 1629 2175 1672; x_wconf 89' lang='lat' dir='ltr'><strong>unum</strong></span> <span class='ocrx_word' id='word_1_86' title='bbox 2230 1609 2448 1671; x_wconf 90' lang='lat' dir='ltr'><strong>subdi-</strong></span> 
     </span>
     <span class='ocr_line' id='line_1_15' title="bbox 916 1695 2449 1783; baseline 0.001 -21"><span class='ocrx_word' id='word_1_87' title='bbox 916 1706 1049 1763; x_wconf 90' lang='lat' dir='ltr'><strong>tum</strong></span> <span class='ocrx_word' id='word_1_88' title='bbox 1078 1703 1142 1762; x_wconf 90' lang='lat' dir='ltr'><strong>in</strong></span> <span class='ocrx_word' id='word_1_89' title='bbox 1201 1703 1480 1764; x_wconf 89' lang='lat' dir='ltr'><strong>dominio</strong></span> <span class='ocrx_word' id='word_1_90' title='bbox 1538 1704 1813 1780; x_wconf 77' lang='lat' dir='ltr'><strong>alteriuS,</strong></span> <span class='ocrx_word' id='word_1_91' title='bbox 1863 1722 1974 1765; x_wconf 90' lang='lat' dir='ltr'><strong>seu</strong></span> <span class='ocrx_word' id='word_1_92' title='bbox 2025 1705 2234 1765; x_wconf 87' lang='lat' dir='ltr'><strong>facere</strong></span> <span class='ocrx_word' id='word_1_93' title='bbox 2281 1695 2449 1783; x_wconf 73' lang='lat' dir='ltr'><strong>qu’od</strong></span> 
     </span>
     <span class='ocr_line' id='line_1_16' title="bbox 918 1796 2451 1876; baseline 0.002 -22"><span class='ocrx_word' id='word_1_94' title='bbox 918 1813 1079 1855; x_wconf 89' lang='lat' dir='ltr'><strong>unus</strong></span> <span class='ocrx_word' id='word_1_95' title='bbox 1109 1799 1397 1857; x_wconf 89' lang='lat' dir='ltr'><strong>teneatur</strong></span> <span class='ocrx_word' id='word_1_96' title='bbox 1426 1797 1503 1857; x_wconf 92' lang='lat' dir='ltr'><strong>de</strong></span> <span class='ocrx_word' id='word_1_97' title='bbox 1532 1796 1777 1876; x_wconf 88' lang='lat' dir='ltr'><strong>justitia</strong></span> <span class='ocrx_word' id='word_1_98' title='bbox 1807 1797 2064 1858; x_wconf 88' lang='lat' dir='ltr'><strong>obedire</strong></span> <span class='ocrx_word' id='word_1_99' title='bbox 2095 1798 2294 1858; x_wconf 90' lang='lat' dir='ltr'><strong>alteri.</strong></span> <span class='ocrx_word' id='word_1_100' title='bbox 2336 1800 2451 1857; x_wconf 87' lang='lat' dir='ltr'><strong>Ra-</strong></span> 
     </span>
     <span class='ocr_line' id='line_1_17' title="bbox 919 1888 2448 1970; baseline 0.001 -22"><span class='ocrx_word' id='word_1_101' title='bbox 919 1888 1004 1949; x_wconf 87' lang='lat' dir='ltr'><strong>tio</strong></span> <span class='ocrx_word' id='word_1_102' title='bbox 1067 1893 1280 1949; x_wconf 91' lang='lat' dir='ltr'><strong>autem</strong></span> <span class='ocrx_word' id='word_1_103' title='bbox 1337 1889 1704 1952; x_wconf 83' lang='lat' dir='ltr'><strong>differentiae</strong></span> <span class='ocrx_word' id='word_1_104' title='bbox 1761 1890 2010 1951; x_wconf 87' lang='lat' dir='ltr'><strong>videtur</strong></span> <span class='ocrx_word' id='word_1_105' title='bbox 2060 1910 2219 1967; x_wconf 89' lang='lat' dir='ltr'><strong>esse,</strong></span> <span class='ocrx_word' id='word_1_106' title='bbox 2280 1891 2448 1970; x_wconf 88' lang='lat' dir='ltr'><strong>quod</strong></span> 
     </span>
     <span class='ocr_line' id='line_1_18' title="bbox 919 1981 2450 2063; baseline 0.003 -22"><span class='ocrx_word' id='word_1_107' title='bbox 919 1981 1084 2042; x_wconf 91' lang='lat' dir='ltr'><strong>circa</strong></span> <span class='ocrx_word' id='word_1_108' title='bbox 1111 1982 1279 2042; x_wconf 90' lang='lat' dir='ltr'><strong>bona</strong></span> <span class='ocrx_word' id='word_1_109' title='bbox 1335 1987 1592 2044; x_wconf 83' lang='lat' dir='ltr'><strong>externa</strong></span> <span class='ocrx_word' id='word_1_110' title='bbox 1647 2002 1771 2045; x_wconf 89' lang='lat' dir='ltr'><strong>non</strong></span> <span class='ocrx_word' id='word_1_111' title='bbox 1829 1987 2041 2062; x_wconf 89' lang='lat' dir='ltr'><strong>posset</strong></span> <span class='ocrx_word' id='word_1_112' title='bbox 2094 1983 2450 2063; x_wconf 89' lang='lat' dir='ltr'><strong>respublica</strong></span> 
     </span>
     <span class='ocr_line' id='line_1_19' title="bbox 919 2075 2450 2156; baseline 0.003 -23"><span class='ocrx_word' id='word_1_113' title='bbox 919 2075 1099 2136; x_wconf 89' lang='lat' dir='ltr'><strong>aliter</strong></span> <span class='ocrx_word' id='word_1_114' title='bbox 1144 2076 1499 2155; x_wconf 87' lang='lat' dir='ltr'><strong>disponere,</strong></span> <span class='ocrx_word' id='word_1_115' title='bbox 1535 2077 1654 2137; x_wconf 92' lang='lat' dir='ltr'><strong>nisi</strong></span> <span class='ocrx_word' id='word_1_116' title='bbox 1697 2081 1908 2156; x_wconf 90' lang='lat' dir='ltr'><strong>posset</strong></span> <span class='ocrx_word' id='word_1_117' title='bbox 1962 2077 2301 2138; x_wconf 86' lang='lat' dir='ltr'><strong>transferre</strong></span> <span class='ocrx_word' id='word_1_118' title='bbox 2351 2094 2450 2138; x_wconf 93' lang='lat' dir='ltr'><strong>eo-</strong></span> 
     </span>
     <span class='ocr_line' id='line_1_20' title="bbox 918 2169 2452 2249; baseline 0.001 -22"><span class='ocrx_word' id='word_1_119' title='bbox 918 2187 1059 2229; x_wconf 88' lang='lat' dir='ltr'><strong>rum</strong></span> <span class='ocrx_word' id='word_1_120' title='bbox 1087 2169 1405 2231; x_wconf 83' lang='lat' dir='ltr'><strong>dominia:</strong></span> <span class='ocrx_word' id='word_1_121' title='bbox 1459 2170 1733 2249; x_wconf 86' lang='lat' dir='ltr'><strong>alioquin</strong></span> <span class='ocrx_word' id='word_1_122' title='bbox 1765 2173 2130 2232; x_wconf 87' lang='lat' dir='ltr'><strong>occurrente</strong></span> <span class='ocrx_word' id='word_1_123' title='bbox 2189 2170 2452 2231; x_wconf 89' lang='lat' dir='ltr'><strong>necessi-</strong></span> 
     </span>
     <span class='ocr_line' id='line_1_21' title="bbox 919 2262 2451 2343; baseline 0 -21"><span class='ocrx_word' id='word_1_124' title='bbox 919 2266 1044 2322; x_wconf 85' lang='lat' dir='ltr'><strong>tate</strong></span> <span class='ocrx_word' id='word_1_125' title='bbox 1072 2262 1346 2341; x_wconf 92' lang='lat' dir='ltr'><strong>publica,</strong></span> <span class='ocrx_word' id='word_1_126' title='bbox 1366 2282 1489 2324; x_wconf 92' lang='lat' dir='ltr'><strong>non</strong></span> <span class='ocrx_word' id='word_1_127' title='bbox 1512 2269 1725 2342; x_wconf 88' lang='lat' dir='ltr'><strong>posset</strong></span> <span class='ocrx_word' id='word_1_128' title='bbox 1771 2265 1905 2324; x_wconf 88' lang='lat' dir='ltr'><strong>sine</strong></span> <span class='ocrx_word' id='word_1_129' title='bbox 1935 2263 2244 2343; x_wconf 86' lang='lat' dir='ltr'><strong>injustitia</strong></span> <span class='ocrx_word' id='word_1_130' title='bbox 2276 2282 2451 2324; x_wconf 89' lang='lat' dir='ltr'><strong>ever-</strong></span> 
     </span>
     <span class='ocr_line' id='line_1_22' title="bbox 919 2355 2449 2436; baseline 0.001 -20"><span class='ocrx_word' id='word_1_131' title='bbox 919 2359 1050 2416; x_wconf 90' lang='lat' dir='ltr'><strong>tere</strong></span> <span class='ocrx_word' id='word_1_132' title='bbox 1083 2355 1341 2416; x_wconf 92' lang='lat' dir='ltr'><strong>domum</strong></span> <span class='ocrx_word' id='word_1_133' title='bbox 1367 2357 1561 2417; x_wconf 86' lang='lat' dir='ltr'><strong>invito</strong></span> <span class='ocrx_word' id='word_1_134' title='bbox 1627 2356 1920 2432; x_wconf 88' lang='lat' dir='ltr'><strong>domino;</strong></span> <span class='ocrx_word' id='word_1_135' title='bbox 1985 2359 2267 2436; x_wconf 90' lang='lat' dir='ltr'><strong>oportuit</strong></span> <span class='ocrx_word' id='word_1_136' title='bbox 2299 2375 2449 2436; x_wconf 86' lang='lat' dir='ltr'><strong>ergo</strong></span> 
     </span>
     <span class='ocr_line' id='line_1_23' title="bbox 921 2448 2450 2529; baseline 0.001 -22"><span class='ocrx_word' id='word_1_137' title='bbox 921 2448 1088 2528; x_wconf 88' lang='lat' dir='ltr'><strong>quod</strong></span> <span class='ocrx_word' id='word_1_138' title='bbox 1119 2448 1383 2509; x_wconf 89' lang='lat' dir='ltr'><strong>haberet</strong></span> <span class='ocrx_word' id='word_1_139' title='bbox 1397 2453 1771 2528; x_wconf 89' lang='lat' dir='ltr'><strong>potestatem</strong></span> <span class='ocrx_word' id='word_1_140' title='bbox 1793 2451 1874 2511; x_wconf 88' lang='lat' dir='ltr'><strong>ad</strong></span> <span class='ocrx_word' id='word_1_141' title='bbox 1896 2450 2177 2510; x_wconf 90' lang='lat' dir='ltr'><strong>dandum</strong></span> <span class='ocrx_word' id='word_1_142' title='bbox 2190 2452 2295 2529; x_wconf 89' lang='lat' dir='ltr'><strong>jus</strong></span> <span class='ocrx_word' id='word_1_143' title='bbox 2318 2452 2450 2528; x_wconf 89' lang='lat' dir='ltr'><strong>jus-</strong></span> 
     </span>
     <span class='ocr_line' id='line_1_24' title="bbox 918 2542 2450 2605; baseline 0 -1"><span class='ocrx_word' id='word_1_144' title='bbox 918 2542 1071 2604; x_wconf 85' lang='lat' dir='ltr'><strong>titiae</strong></span> <span class='ocrx_word' id='word_1_145' title='bbox 1107 2542 1276 2602; x_wconf 89' lang='lat' dir='ltr'><strong>circa</strong></span> <span class='ocrx_word' id='word_1_146' title='bbox 1331 2542 1592 2603; x_wconf 89' lang='lat' dir='ltr'><strong>domum</strong></span> <span class='ocrx_word' id='word_1_147' title='bbox 1638 2544 1739 2603; x_wconf 82' lang='lat' dir='ltr'><strong>vel</strong></span> <span class='ocrx_word' id='word_1_148' title='bbox 1790 2543 1914 2604; x_wconf 91' lang='lat' dir='ltr'><strong>alia</strong></span> <span class='ocrx_word' id='word_1_149' title='bbox 1955 2543 2158 2604; x_wconf 89' lang='lat' dir='ltr'><strong>bona:</strong></span> <span class='ocrx_word' id='word_1_150' title='bbox 2209 2549 2274 2605; x_wconf 89' lang='lat' dir='ltr'><strong>at</strong></span> <span class='ocrx_word' id='word_1_151' title='bbox 2301 2561 2450 2604; x_wconf 85' lang='lat' dir='ltr'><strong>vero</strong></span> 
     </span>
     <span class='ocr_line' id='line_1_25' title="bbox 921 2635 2451 2715; baseline 0.001 -21"><span class='ocrx_word' id='word_1_152' title='bbox 921 2636 1089 2696; x_wconf 89' lang='lat' dir='ltr'><strong>circa</strong></span> <span class='ocrx_word' id='word_1_153' title='bbox 1115 2635 1391 2696; x_wconf 86' lang='lat' dir='ltr'><strong>actiones</strong></span> <span class='ocrx_word' id='word_1_154' title='bbox 1421 2637 1783 2714; x_wconf 85' lang='lat' dir='ltr'><strong>personales</strong></span> <span class='ocrx_word' id='word_1_155' title='bbox 1811 2640 2018 2715; x_wconf 89' lang='lat' dir='ltr'><strong>potest</strong></span> <span class='ocrx_word' id='word_1_156' title='bbox 2062 2638 2451 2697; x_wconf 85' lang='lat' dir='ltr'><strong>sufficienter</strong></span> 
     </span>
     <span class='ocr_line' id='line_1_26' title="bbox 920 2728 2453 2808; baseline 0.001 -21"><span class='ocrx_word' id='word_1_157' title='bbox 920 2728 1252 2808; x_wconf 88' lang='lat' dir='ltr'><strong>providere</strong></span> <span class='ocrx_word' id='word_1_158' title='bbox 1281 2746 1398 2807; x_wconf 90' lang='lat' dir='ltr'><strong>per</strong></span> <span class='ocrx_word' id='word_1_159' title='bbox 1427 2728 1881 2806; x_wconf 86' lang='lat' dir='ltr'><strong>obedientiam,</strong></span> <span class='ocrx_word' id='word_1_160' title='bbox 1915 2730 2341 2808; x_wconf 83' lang='lat' dir='ltr'><strong>praecipiendo</strong></span> <span class='ocrx_word' id='word_1_161' title='bbox 2383 2729 2453 2788; x_wconf 89' lang='lat' dir='ltr'><strong>il·</strong></span> 
     </span>
     <span class='ocr_line' id='line_1_27' title="bbox 919 2821 2453 2903; baseline 0.001 -22"><span class='ocrx_word' id='word_1_162' title='bbox 919 2822 1012 2881; x_wconf 88' lang='lat' dir='ltr'><strong>las</strong></span> <span class='ocrx_word' id='word_1_163' title='bbox 1040 2821 1290 2901; x_wconf 90' lang='lat' dir='ltr'><strong>quando</strong></span> <span class='ocrx_word' id='word_1_164' title='bbox 1313 2823 1695 2900; x_wconf 85' lang='lat' dir='ltr'><strong>oportuerit:</strong></span> <span class='ocrx_word' id='word_1_165' title='bbox 1741 2823 1910 2903; x_wconf 88' lang='lat' dir='ltr'><strong>quod</strong></span> <span class='ocrx_word' id='word_1_166' title='bbox 1941 2823 1989 2883; x_wconf 90' lang='lat' dir='ltr'><strong>si</strong></span> <span class='ocrx_word' id='word_1_167' title='bbox 2040 2823 2277 2884; x_wconf 90' lang='lat' dir='ltr'><strong>subditi</strong></span> <span class='ocrx_word' id='word_1_168' title='bbox 2327 2841 2453 2883; x_wconf 90' lang='lat' dir='ltr'><strong>non</strong></span> 
     </span>
     <span class='ocr_line' id='line_1_28' title="bbox 921 2915 2451 2995; baseline 0.001 -19"><span class='ocrx_word' id='word_1_169' title='bbox 921 2915 1240 2992; x_wconf 87' lang='lat' dir='ltr'><strong>obediant,</strong></span> <span class='ocrx_word' id='word_1_170' title='bbox 1269 2916 1499 2994; x_wconf 87' lang='lat' dir='ltr'><strong>poterit</strong></span> <span class='ocrx_word' id='word_1_171' title='bbox 1525 2934 1631 2978; x_wconf 91' lang='lat' dir='ltr'><strong>eos</strong></span> <span class='ocrx_word' id='word_1_172' title='bbox 1659 2916 1881 2995; x_wconf 89' lang='lat' dir='ltr'><strong>punire</strong></span> <span class='ocrx_word' id='word_1_173' title='bbox 1911 2936 1988 2977; x_wconf 93' lang='lat' dir='ltr'><strong>ne</strong></span> <span class='ocrx_word' id='word_1_174' title='bbox 2037 2916 2183 2977; x_wconf 91' lang='lat' dir='ltr'><strong>huic</strong></span> <span class='ocrx_word' id='word_1_175' title='bbox 2236 2917 2451 2977; x_wconf 89' lang='lat' dir='ltr'><strong>incon·</strong></span> 
     </span>
     <span class='ocr_line' id='line_1_29' title="bbox 920 3008 2456 3089; baseline -0.001 -21"><span class='ocrx_word' id='word_1_176' title='bbox 920 3008 1193 3068; x_wconf 84' lang='lat' dir='ltr'><strong>venienti</strong></span> <span class='ocrx_word' id='word_1_177' title='bbox 1215 3012 1668 3084; x_wconf 89' lang='lat' dir='ltr'><strong>occurreretur,</strong></span> <span class='ocrx_word' id='word_1_178' title='bbox 1703 3010 1988 3088; x_wconf 89' lang='lat' dir='ltr'><strong>quamvis</strong></span> <span class='ocrx_word' id='word_1_179' title='bbox 2025 3013 2238 3089; x_wconf 90' lang='lat' dir='ltr'><strong>posset</strong></span> <span class='ocrx_word' id='word_1_180' title='bbox 2294 3008 2456 3069; x_wconf 92' lang='lat' dir='ltr'><strong>obli-</strong></span> 
     </span>
     <span class='ocr_line' id='line_1_30' title="bbox 921 3099 2445 3180; baseline 0.001 -21"><span class='ocrx_word' id='word_1_181' title='bbox 921 3119 1071 3180; x_wconf 88' lang='lat' dir='ltr'><strong>gare</strong></span> <span class='ocrx_word' id='word_1_182' title='bbox 1093 3119 1199 3160; x_wconf 89' lang='lat' dir='ltr'><strong>eos</strong></span> <span class='ocrx_word' id='word_1_183' title='bbox 1231 3119 1304 3159; x_wconf 86' lang='lat' dir='ltr'><strong>ex</strong></span> <span class='ocrx_word' id='word_1_184' title='bbox 1323 3099 1565 3178; x_wconf 88' lang='lat' dir='ltr'><strong>justitia</strong></span> <span class='ocrx_word' id='word_1_185' title='bbox 1595 3101 1676 3160; x_wconf 89' lang='lat' dir='ltr'><strong>ad</strong></span> <span class='ocrx_word' id='word_1_186' title='bbox 1722 3101 1999 3162; x_wconf 89' lang='lat' dir='ltr'><strong>actiones</strong></span> <span class='ocrx_word' id='word_1_187' title='bbox 2046 3102 2445 3179; x_wconf 85' lang='lat' dir='ltr'><strong>personales;</strong></span> 
     </span>
     <span class='ocr_line' id='line_1_31' title="bbox 922 3192 2449 3272; baseline 0.001 -19"><span class='ocrx_word' id='word_1_188' title='bbox 922 3196 1177 3272; x_wconf 90' lang='lat' dir='ltr'><strong>possent</strong></span> <span class='ocrx_word' id='word_1_189' title='bbox 1205 3192 1370 3252; x_wconf 91' lang='lat' dir='ltr'><strong>enim</strong></span> <span class='ocrx_word' id='word_1_190' title='bbox 1399 3193 1607 3253; x_wconf 89' lang='lat' dir='ltr'><strong>adhuc</strong></span> <span class='ocrx_word' id='word_1_191' title='bbox 1652 3194 1916 3254; x_wconf 82' lang='lat' dir='ltr'><strong>rebelles</strong></span> <span class='ocrx_word' id='word_1_192' title='bbox 1973 3212 2095 3255; x_wconf 90' lang='lat' dir='ltr'><strong>non</strong></span> <span class='ocrx_word' id='word_1_193' title='bbox 2153 3194 2449 3267; x_wconf 88' lang='lat' dir='ltr'><strong>obedire,</strong></span> <span class='ocrx_word' id='word_1_194' title='bbox 2434 3215 2447 3228; x_wconf 90' lang='lat'><strong>·</strong></span> 
     </span>
     <span class='ocr_line' id='line_1_32' title="bbox 923 3286 2454 3366; baseline 0 -18"><span class='ocrx_word' id='word_1_195' title='bbox 923 3304 1047 3348; x_wconf 89' lang='lat' dir='ltr'><strong>non</strong></span> <span class='ocrx_word' id='word_1_196' title='bbox 1077 3303 1225 3364; x_wconf 92' lang='lat' dir='ltr'><strong>ergo</strong></span> <span class='ocrx_word' id='word_1_197' title='bbox 1257 3286 1588 3363; x_wconf 86' lang='lat' dir='ltr'><strong>oportebat</strong></span> <span class='ocrx_word' id='word_1_198' title='bbox 1603 3286 2016 3366; x_wconf 86' lang='lat' dir='ltr'><strong>multiplicare</strong></span> <span class='ocrx_word' id='word_1_199' title='bbox 2044 3287 2294 3348; x_wconf 85' lang='lat' dir='ltr'><strong>vincula</strong></span> <span class='ocrx_word' id='word_1_200' title='bbox 2321 3288 2454 3348; x_wconf 89' lang='lat' dir='ltr'><strong>sine</strong></span> 
     </span>
     <span class='ocr_line' id='line_1_33' title="bbox 922 3379 2454 3457; baseline 0.001 -18"><span class='ocrx_word' id='word_1_201' title='bbox 922 3379 1290 3440; x_wconf 86' lang='lat' dir='ltr'><strong>necessitate</strong></span> <span class='ocrx_word' id='word_1_202' title='bbox 1321 3383 1384 3440; x_wconf 91' lang='lat' dir='ltr'><strong>et</strong></span> <span class='ocrx_word' id='word_1_203' title='bbox 1401 3379 1689 3441; x_wconf 88' lang='lat' dir='ltr'><strong>utilitate.</strong></span> <span class='ocrx_word' id='word_1_204' title='bbox 1750 3382 1798 3441; x_wconf 80' lang='lat' dir='ltr'>A</span> <span class='ocrx_word' id='word_1_205' title='bbox 1860 3380 2191 3457; x_wconf 87' lang='lat' dir='ltr'><strong>posteriori</strong></span> <span class='ocrx_word' id='word_1_206' title='bbox 2244 3385 2454 3444; x_wconf 90' lang='lat' dir='ltr'><strong>autem</strong></span> 
     </span>
     <span class='ocr_line' id='line_1_34' title="bbox 922 3472 2456 3552; baseline 0.001 -19"><span class='ocrx_word' id='word_1_207' title='bbox 922 3476 1017 3533; x_wconf 90' lang='lat' dir='ltr'><strong>est</strong></span> <span class='ocrx_word' id='word_1_208' title='bbox 1035 3472 1340 3550; x_wconf 91' lang='lat' dir='ltr'><strong>optimum</strong></span> <span class='ocrx_word' id='word_1_209' title='bbox 1368 3472 1618 3550; x_wconf 91' lang='lat' dir='ltr'><strong>signum</strong></span> <span class='ocrx_word' id='word_1_210' title='bbox 1672 3472 1753 3533; x_wconf 92' lang='lat' dir='ltr'><strong>ad</strong></span> <span class='ocrx_word' id='word_1_211' title='bbox 1800 3474 2198 3552; x_wconf 84' lang='lat' dir='ltr'><strong>arguendum</strong></span> <span class='ocrx_word' id='word_1_212' title='bbox 2252 3475 2456 3535; x_wconf 88' lang='lat' dir='ltr'><strong>defec-</strong></span> 
     </span>
     <span class='ocr_line' id='line_1_35' title="bbox 919 3564 2457 3646; baseline 0.001 -19"><span class='ocrx_word' id='word_1_213' title='bbox 919 3570 1054 3627; x_wconf 90' lang='lat' dir='ltr'><strong>tum</strong></span> <span class='ocrx_word' id='word_1_214' title='bbox 1083 3564 1268 3643; x_wconf 88' lang='lat' dir='ltr'><strong>hujus</strong></span> <span class='ocrx_word' id='word_1_215' title='bbox 1296 3566 1660 3645; x_wconf 86' lang='lat' dir='ltr'><strong>potestatis;</strong></span> <span class='ocrx_word' id='word_1_216' title='bbox 1712 3566 1880 3646; x_wconf 88' lang='lat' dir='ltr'><strong>quod</strong></span> <span class='ocrx_word' id='word_1_217' title='bbox 1923 3566 2201 3646; x_wconf 90' lang='lat' dir='ltr'><strong>alioquin</strong></span> <span class='ocrx_word' id='word_1_218' title='bbox 2247 3570 2457 3645; x_wconf 89' lang='lat' dir='ltr'><strong>posset</strong></span> 
     </span>
     <span class='ocr_line' id='line_1_36' title="bbox 919 3658 2455 3739; baseline 0 -20"><span class='ocrx_word' id='word_1_219' title='bbox 919 3659 1144 3739; x_wconf 91' lang='lat' dir='ltr'><strong>aliquis</strong></span> <span class='ocrx_word' id='word_1_220' title='bbox 1174 3658 1403 3734; x_wconf 87' lang='lat' dir='ltr'><strong>dicere,</strong></span> <span class='ocrx_word' id='word_1_221' title='bbox 1438 3658 1501 3717; x_wconf 91' lang='lat' dir='ltr'><strong>in</strong></span> <span class='ocrx_word' id='word_1_222' title='bbox 1532 3672 1929 3738; x_wconf 87' lang='lat' dir='ltr'><strong>quocumque</strong></span> <span class='ocrx_word' id='word_1_223' title='bbox 1971 3665 2287 3739; x_wconf 83' lang='lat' dir='ltr'><strong>praecepto</strong></span> <span class='ocrx_word' id='word_1_224' title='bbox 2328 3660 2455 3721; x_wconf 86' lang='lat' dir='ltr'><strong>rei-</strong></span> 
     </span>
     <span class='ocr_line' id='line_1_37' title="bbox 921 3751 2449 3831; baseline 0 -19"><span class='ocrx_word' id='word_1_225' title='bbox 921 3751 1185 3831; x_wconf 79' lang='lat' dir='ltr'><strong>publicae</strong></span> <span class='ocrx_word' id='word_1_226' title='bbox 1214 3751 1602 3812; x_wconf 90' lang='lat' dir='ltr'><strong>intercedere</strong></span> <span class='ocrx_word' id='word_1_227' title='bbox 1631 3756 1964 3831; x_wconf 88' lang='lat' dir='ltr'><strong>utramque</strong></span> <span class='ocrx_word' id='word_1_228' title='bbox 1978 3752 2449 3831; x_wconf 85' lang='lat' dir='ltr'><strong>obligationem,</strong></span> 
     </span>
     <span class='ocr_line' id='line_1_38' title="bbox 921 3845 2453 3925; baseline 0.001 -19"><span class='ocrx_word' id='word_1_229' title='bbox 921 3845 1157 3906; x_wconf 89' lang='lat' dir='ltr'><strong>scilicet</strong></span> <span class='ocrx_word' id='word_1_230' title='bbox 1183 3845 1557 3905; x_wconf 63' lang='lat' dir='ltr'><strong>obedientiae</strong></span> <span class='ocrx_word' id='word_1_231' title='bbox 1595 3848 1657 3906; x_wconf 90' lang='lat' dir='ltr'><strong>ct</strong></span> <span class='ocrx_word' id='word_1_232' title='bbox 1704 3845 1984 3923; x_wconf 85' lang='lat' dir='ltr'><strong>justitiae:</strong></span> <span class='ocrx_word' id='word_1_233' title='bbox 2047 3849 2236 3925; x_wconf 84' lang='lat' dir='ltr'><strong>atque</strong></span> <span class='ocrx_word' id='word_1_234' title='bbox 2296 3847 2453 3907; x_wconf 92' lang='lat' dir='ltr'><strong>adeo</strong></span> 
     </span>
     <span class='ocr_line' id='line_1_39' title="bbox 922 3937 2455 4018; baseline 0.001 -21"><span class='ocrx_word' id='word_1_235' title='bbox 922 3956 1182 4016; x_wconf 90' lang='lat' dir='ltr'><strong>peccare</strong></span> <span class='ocrx_word' id='word_1_236' title='bbox 1210 3941 1428 3999; x_wconf 87' lang='lat' dir='ltr'><strong>contra</strong></span> <span class='ocrx_word' id='word_1_237' title='bbox 1439 3937 1750 4018; x_wconf 86' lang='lat' dir='ltr'><strong>justitiam</strong></span> <span class='ocrx_word' id='word_1_238' title='bbox 1779 3938 2103 3999; x_wconf 90' lang='lat' dir='ltr'><strong>subditum</strong></span> <span class='ocrx_word' id='word_1_239' title='bbox 2136 3958 2261 3999; x_wconf 91' lang='lat' dir='ltr'><strong>non</strong></span> <span class='ocrx_word' id='word_1_240' title='bbox 2306 3939 2455 4000; x_wconf 89' lang='lat' dir='ltr'><strong>obe-</strong></span> 
     </span>
     <span class='ocr_line' id='line_1_40' title="bbox 923 4031 2456 4110; baseline 0.001 -19"><span class='ocrx_word' id='word_1_241' title='bbox 923 4032 1198 4093; x_wconf 82' lang='lat' dir='ltr'><strong>dientem</strong></span> <span class='ocrx_word' id='word_1_242' title='bbox 1225 4031 1640 4109; x_wconf 87' lang='lat' dir='ltr'><strong>magistratui,</strong></span> <span class='ocrx_word' id='word_1_243' title='bbox 1675 4032 1926 4110; x_wconf 89' lang='lat' dir='ltr'><strong>quando</strong></span> <span class='ocrx_word' id='word_1_244' title='bbox 1959 4032 2246 4110; x_wconf 81' lang='lat' dir='ltr'><strong>praecipit</strong></span> <span class='ocrx_word' id='word_1_245' title='bbox 2273 4052 2456 4093; x_wconf 91' lang='lat' dir='ltr'><strong>mun-</strong></span> 
     </span>
     <span class='ocr_line' id='line_1_41' title="bbox 923 4124 2456 4204; baseline 0 -19"><span class='ocrx_word' id='word_1_246' title='bbox 923 4126 1072 4185; x_wconf 88' lang='lat' dir='ltr'><strong>dare</strong></span> <span class='ocrx_word' id='word_1_247' title='bbox 1100 4129 1162 4186; x_wconf 90' lang='lat' dir='ltr'><strong>et</strong></span> <span class='ocrx_word' id='word_1_248' title='bbox 1191 4142 1412 4185; x_wconf 88' lang='lat' dir='ltr'><strong>ornare</strong></span> <span class='ocrx_word' id='word_1_249' title='bbox 1440 4125 1572 4184; x_wconf 86' lang='lat' dir='ltr'><strong>vias</strong></span> <span class='ocrx_word' id='word_1_250' title='bbox 1601 4124 1905 4204; x_wconf 75' lang='lat' dir='ltr'><strong>publicaS,</strong></span> <span class='ocrx_word' id='word_1_251' title='bbox 1959 4143 2289 4186; x_wconf 86' lang='lat' dir='ltr'><strong>occurrere</strong></span> <span class='ocrx_word' id='word_1_252' title='bbox 2341 4125 2456 4185; x_wconf 89' lang='lat' dir='ltr'><strong>ali-</strong></span> 
     </span>
     <span class='ocr_line' id='line_1_42' title="bbox 922 4217 2452 4298; baseline 0 -20"><span class='ocrx_word' id='word_1_253' title='bbox 922 4218 1023 4278; x_wconf 91' lang='lat' dir='ltr'><strong>cui</strong></span> <span class='ocrx_word' id='word_1_254' title='bbox 1049 4217 1334 4295; x_wconf 88' lang='lat' dir='ltr'><strong>principi,</strong></span> <span class='ocrx_word' id='word_1_255' title='bbox 1372 4217 1471 4277; x_wconf 85' lang='lat' dir='ltr'><strong>vel</strong></span> <span class='ocrx_word' id='word_1_256' title='bbox 1518 4217 1666 4296; x_wconf 89' lang='lat' dir='ltr'><strong>quid</strong></span> <span class='ocrx_word' id='word_1_257' title='bbox 1721 4218 1962 4282; x_wconf 86' lang='lat' dir='ltr'><strong>simile:</strong></span> <span class='ocrx_word' id='word_1_258' title='bbox 2021 4219 2190 4298; x_wconf 89' lang='lat' dir='ltr'><strong>quod</strong></span> <span class='ocrx_word' id='word_1_259' title='bbox 2239 4222 2452 4279; x_wconf 89' lang='lat' dir='ltr'><strong>tamen</strong></span> 
     </span>
     <span class='ocr_line' id='line_1_43' title="bbox 922 4309 2458 4391; baseline 0.002 -21"><span class='ocrx_word' id='word_1_260' title='bbox 922 4329 1105 4370; x_wconf 84' lang='lat' dir='ltr'><strong>nemo</strong></span> <span class='ocrx_word' id='word_1_261' title='bbox 1136 4309 1319 4371; x_wconf 90' lang='lat' dir='ltr'><strong>dicet.</strong></span> <span class='ocrx_word' id='word_1_262' title='bbox 1346 4312 1634 4371; x_wconf 86' lang='lat' dir='ltr'><strong>Fortasse</strong></span> <span class='ocrx_word' id='word_1_263' title='bbox 1655 4310 1717 4369; x_wconf 91' lang='lat' dir='ltr'><strong>in</strong></span> <span class='ocrx_word' id='word_1_264' title='bbox 1745 4311 1954 4391; x_wconf 86' lang='lat' dir='ltr'><strong>aliquo</strong></span> <span class='ocrx_word' id='word_1_265' title='bbox 1984 4331 2127 4373; x_wconf 91' lang='lat' dir='ltr'><strong>raro</strong></span> <span class='ocrx_word' id='word_1_266' title='bbox 2160 4330 2309 4373; x_wconf 89' lang='lat' dir='ltr'><strong>casu</strong></span> <span class='ocrx_word' id='word_1_267' title='bbox 2338 4331 2458 4391; x_wconf 92' lang='lat' dir='ltr'><strong>po-</strong></span> 
     </span>
     <span class='ocr_line' id='line_1_44' title="bbox 921 4403 2456 4482; baseline 0.001 -19"><span class='ocrx_word' id='word_1_268' title='bbox 921 4405 1130 4482; x_wconf 88' lang='lat' dir='ltr'><strong>potest</strong></span> <span class='ocrx_word' id='word_1_269' title='bbox 1171 4403 1527 4481; x_wconf 88' lang='lat' dir='ltr'><strong>respublica</strong></span> <span class='ocrx_word' id='word_1_270' title='bbox 1570 4403 1893 4482; x_wconf 90' lang='lat' dir='ltr'><strong>imponere</strong></span> <span class='ocrx_word' id='word_1_271' title='bbox 1945 4423 2053 4465; x_wconf 90' lang='lat' dir='ltr'><strong>reo</strong></span> <span class='ocrx_word' id='word_1_272' title='bbox 2093 4404 2456 4467; x_wconf 75' lang='lat' dir='ltr'><strong>servitutem</strong></span> 
     </span>
     <span class='ocr_line' id='line_1_45' title="bbox 922 4496 2451 4577; baseline 0.002 -21"><span class='ocrx_word' id='word_1_273' title='bbox 922 4516 1036 4577; x_wconf 87' lang='lat' dir='ltr'><strong>per</strong></span> <span class='ocrx_word' id='word_1_274' title='bbox 1060 4496 1320 4556; x_wconf 91' lang='lat' dir='ltr'><strong>modum</strong></span> <span class='ocrx_word' id='word_1_275' title='bbox 1348 4513 1575 4575; x_wconf 85' lang='lat' dir='ltr'><strong>poenae‚</strong></span> <span class='ocrx_word' id='word_1_276' title='bbox 1605 4497 1694 4558; x_wconf 90' lang='lat' dir='ltr'><strong>ita</strong></span> <span class='ocrx_word' id='word_1_277' title='bbox 1727 4501 1793 4559; x_wconf 92' lang='lat' dir='ltr'><strong>ut</strong></span> <span class='ocrx_word' id='word_1_278' title='bbox 1840 4516 1985 4558; x_wconf 82' lang='lat' dir='ltr'><strong>vere</strong></span> <span class='ocrx_word' id='word_1_279' title='bbox 2039 4498 2151 4559; x_wconf 90' lang='lat' dir='ltr'><strong>fiat</strong></span> <span class='ocrx_word' id='word_1_280' title='bbox 2194 4516 2451 4571; x_wconf 79' lang='lat' dir='ltr'><strong>servus3</strong></span> 
     </span>
     <span class='ocr_line' id='line_1_46' title="bbox 924 4590 2457 4671; baseline -0.001 -18"><span class='ocrx_word' id='word_1_281' title='bbox 924 4599 1071 4653; x_wconf 84' lang='lat' dir='ltr'><strong>tunc</strong></span> <span class='ocrx_word' id='word_1_282' title='bbox 1097 4594 1308 4652; x_wconf 89' lang='lat' dir='ltr'><strong>tamen</strong></span> <span class='ocrx_word' id='word_1_283' title='bbox 1340 4593 1435 4651; x_wconf 90' lang='lat' dir='ltr'><strong>est</strong></span> <span class='ocrx_word' id='word_1_284' title='bbox 1460 4590 1582 4649; x_wconf 90' lang='lat' dir='ltr'><strong>alia</strong></span> <span class='ocrx_word' id='word_1_285' title='bbox 1608 4591 1790 4668; x_wconf 90' lang='lat' dir='ltr'><strong>ratio,</strong></span> <span class='ocrx_word' id='word_1_286' title='bbox 1817 4591 1966 4671; x_wconf 83' lang='lat' dir='ltr'><strong>quia</strong></span> <span class='ocrx_word' id='word_1_287' title='bbox 1978 4591 2081 4652; x_wconf 91' lang='lat' dir='ltr'><strong>ille</strong></span> <span class='ocrx_word' id='word_1_288' title='bbox 2103 4591 2292 4653; x_wconf 86' lang='lat' dir='ltr'><strong>homo</strong></span> <span class='ocrx_word' id='word_1_289' title='bbox 2325 4595 2457 4653; x_wconf 87' lang='lat' dir='ltr'><strong>erat</strong></span> 
     </span>
     <span class='ocr_line' id='line_1_47' title="bbox 925 4683 2458 4764; baseline 0.002 -21"><span class='ocrx_word' id='word_1_290' title='bbox 925 4685 1151 4762; x_wconf 88' lang='lat' dir='ltr'><strong>dignus</strong></span> <span class='ocrx_word' id='word_1_291' title='bbox 1199 4684 1296 4743; x_wconf 85' lang='lat' dir='ltr'><strong>vel</strong></span> <span class='ocrx_word' id='word_1_292' title='bbox 1339 4683 1470 4743; x_wconf 88' lang='lat' dir='ltr'><strong>fere</strong></span> <span class='ocrx_word' id='word_1_293' title='bbox 1502 4683 1729 4762; x_wconf 87' lang='lat' dir='ltr'><strong>dignus</strong></span> <span class='ocrx_word' id='word_1_294' title='bbox 1760 4688 1997 4757; x_wconf 86' lang='lat' dir='ltr'><strong>morte;</strong></span> <span class='ocrx_word' id='word_1_295' title='bbox 2058 4703 2251 4764; x_wconf 89' lang='lat' dir='ltr'><strong>quare</strong></span> <span class='ocrx_word' id='word_1_296' title='bbox 2298 4685 2458 4746; x_wconf 81' lang='lat' dir='ltr'><strong>sicrt</strong></span> 
     </span>
     <span class='ocr_line' id='line_1_48' title="bbox 923 4776 2456 4857; baseline 0.001 -19"><span class='ocrx_word' id='word_1_297' title='bbox 923 4777 1089 4856; x_wconf 87' lang='lat' dir='ltr'><strong>capti</strong></span> <span class='ocrx_word' id='word_1_298' title='bbox 1109 4776 1170 4835; x_wconf 91' lang='lat' dir='ltr'><strong>in</strong></span> <span class='ocrx_word' id='word_1_299' title='bbox 1190 4776 1354 4837; x_wconf 92' lang='lat' dir='ltr'><strong>bello</strong></span> <span class='ocrx_word' id='word_1_300' title='bbox 1385 4776 1765 4840; x_wconf 89' lang='lat' dir='ltr'><strong>contrahunt</strong></span> <span class='ocrx_word' id='word_1_301' title='bbox 1802 4777 2040 4857; x_wconf 91' lang='lat' dir='ltr'><strong>justam</strong></span> <span class='ocrx_word' id='word_1_302' title='bbox 2091 4777 2456 4840; x_wconf 85' lang='lat' dir='ltr'><strong>servitutem</strong></span> 
     </span>
     <span class='ocr_line' id='line_1_49' title="bbox 924 4870 2458 4952; baseline 0.002 -23"><span class='ocrx_word' id='word_1_303' title='bbox 924 4888 1037 4949; x_wconf 89' lang='lat' dir='ltr'><strong>pro</strong></span> <span class='ocrx_word' id='word_1_304' title='bbox 1068 4871 1198 4930; x_wconf 83' lang='lat' dir='ltr'><strong>vita</strong></span> <span class='ocrx_word' id='word_1_305' title='bbox 1227 4887 1417 4949; x_wconf 86' lang='lat' dir='ltr'><strong>quam</strong></span> <span class='ocrx_word' id='word_1_306' title='bbox 1447 4870 1762 4949; x_wconf 90' lang='lat' dir='ltr'><strong>accipiunt</strong></span> <span class='ocrx_word' id='word_1_307' title='bbox 1789 4891 1824 4931; x_wconf 87' lang='lat' dir='ltr'><strong>a</strong></span> <span class='ocrx_word' id='word_1_308' title='bbox 1879 4871 2148 4945; x_wconf 85' lang='lat' dir='ltr'><strong>victore;</strong></span> <span class='ocrx_word' id='word_1_309' title='bbox 2211 4872 2296 4933; x_wconf 92' lang='lat' dir='ltr'><strong>ita</strong></span> <span class='ocrx_word' id='word_1_310' title='bbox 2350 4891 2458 4952; x_wconf 88' lang='lat' dir='ltr'><strong>po-</strong></span> 
     </span>
     <span class='ocr_line' id='line_1_50' title="bbox 923 4961 2456 5042; baseline 0.001 -18"><span class='ocrx_word' id='word_1_311' title='bbox 923 4967 1046 5024; x_wconf 91' lang='lat' dir='ltr'><strong>test</strong></span> <span class='ocrx_word' id='word_1_312' title='bbox 1072 4962 1353 5024; x_wconf 90' lang='lat' dir='ltr'><strong>contrahi</strong></span> <span class='ocrx_word' id='word_1_313' title='bbox 1381 4961 1553 5042; x_wconf 87' lang='lat' dir='ltr'><strong>justa</strong></span> <span class='ocrx_word' id='word_1_314' title='bbox 1580 4964 1845 5025; x_wconf 89' lang='lat' dir='ltr'><strong>servitus</strong></span> <span class='ocrx_word' id='word_1_315' title='bbox 1890 4965 2026 5026; x_wconf 93' lang='lat' dir='ltr'><strong>loco</strong></span> <span class='ocrx_word' id='word_1_316' title='bbox 2082 4966 2324 5042; x_wconf 81' lang='lat' dir='ltr'><strong>mortiS‚</strong></span> <span class='ocrx_word' id='word_1_317' title='bbox 2357 4967 2456 5026; x_wconf 88' lang='lat' dir='ltr'><strong>vel</strong></span> 
     </span>
     <span class='ocr_line' id='line_1_51' title="bbox 925 5056 2454 5139; baseline 0.003 -25"><span class='ocrx_word' id='word_1_318' title='bbox 925 5056 1311 5135; x_wconf 84' lang='lat' dir='ltr'><strong>gravissimae</strong></span> <span class='ocrx_word' id='word_1_319' title='bbox 1370 5074 1573 5134; x_wconf 82' lang='lat' dir='ltr'><strong>poenoe</strong></span> <span class='ocrx_word' id='word_1_320' title='bbox 1628 5058 1990 5138; x_wconf 86' lang='lat' dir='ltr'><strong>corporalis,</strong></span> <span class='ocrx_word' id='word_1_321' title='bbox 2045 5077 2236 5139; x_wconf 92' lang='lat' dir='ltr'><strong>quam</strong></span> <span class='ocrx_word' id='word_1_322' title='bbox 2285 5060 2454 5137; x_wconf 88' lang='lat' dir='ltr'><strong>juste</strong></span> 
     </span>
     <span class='ocr_line' id='line_1_52' title="bbox 924 5148 2456 5229; baseline 0 -19"><span class='ocrx_word' id='word_1_323' title='bbox 924 5153 1136 5229; x_wconf 88' lang='lat' dir='ltr'><strong>posset</strong></span> <span class='ocrx_word' id='word_1_324' title='bbox 1150 5148 1436 5208; x_wconf 90' lang='lat' dir='ltr'><strong>subditus</strong></span> <span class='ocrx_word' id='word_1_325' title='bbox 1452 5149 1582 5226; x_wconf 91' lang='lat' dir='ltr'><strong>pati</strong></span> <span class='ocrx_word' id='word_1_326' title='bbox 1605 5169 1619 5208; x_wconf 92' lang='lat'>:</span> <span class='ocrx_word' id='word_1_327' title='bbox 1654 5150 2028 5229; x_wconf 87' lang='lat' dir='ltr'><strong>regulariter</strong></span> <span class='ocrx_word' id='word_1_328' title='bbox 2054 5156 2266 5211; x_wconf 89' lang='lat' dir='ltr'><strong>tamen</strong></span> <span class='ocrx_word' id='word_1_329' title='bbox 2283 5151 2456 5211; x_wconf 73' lang='lat' dir='ltr'><strong>vide-</strong></span> 
     </span>
     <span class='ocr_line' id='line_1_53' title="bbox 926 5241 2455 5323; baseline 0 -19"><span class='ocrx_word' id='word_1_330' title='bbox 926 5247 1025 5304; x_wconf 91' lang='lat' dir='ltr'><strong>tur</strong></span> <span class='ocrx_word' id='word_1_331' title='bbox 1046 5241 1345 5302; x_wconf 84' lang='lat' dir='ltr'><strong>excedere</strong></span> <span class='ocrx_word' id='word_1_332' title='bbox 1373 5246 1749 5321; x_wconf 87' lang='lat' dir='ltr'><strong>potestatem</strong></span> <span class='ocrx_word' id='word_1_333' title='bbox 1777 5244 2137 5323; x_wconf 86' lang='lat' dir='ltr'><strong>reipublicae</strong></span> <span class='ocrx_word' id='word_1_334' title='bbox 2164 5264 2179 5316; x_wconf 89' lang='grc'>;</span> <span class='ocrx_word' id='word_1_335' title='bbox 2216 5262 2328 5304; x_wconf 86' lang='grc'><strong>000</strong></span> <span class='ocrx_word' id='word_1_336' title='bbox 2374 5245 2455 5304; x_wconf 90' lang='lat' dir='ltr'><strong>ci-</strong></span> 
     </span>
     <span class='ocr_line' id='line_1_54' title="bbox 923 5335 2459 5415; baseline 0 -19"><span class='ocrx_word' id='word_1_337' title='bbox 923 5354 1033 5396; x_wconf 84' lang='lat' dir='ltr'><strong>ves</strong></span> <span class='ocrx_word' id='word_1_338' title='bbox 1062 5335 1354 5396; x_wconf 87' lang='lat' dir='ltr'><strong>videntur</strong></span> <span class='ocrx_word' id='word_1_339' title='bbox 1370 5335 1640 5396; x_wconf 88' lang='lat' dir='ltr'><strong>voluisse</strong></span> <span class='ocrx_word' id='word_1_340' title='bbox 1669 5337 1756 5398; x_wconf 89' lang='lat' dir='ltr'><strong>ita</strong></span> <span class='ocrx_word' id='word_1_341' title='bbox 1776 5356 1842 5397; x_wconf 87' lang='lat' dir='ltr'><strong>se</strong></span> <span class='ocrx_word' id='word_1_342' title='bbox 1859 5338 2133 5398; x_wconf 88' lang='lat' dir='ltr'><strong>subdere</strong></span> <span class='ocrx_word' id='word_1_343' title='bbox 2163 5337 2459 5415; x_wconf 90' lang='lat' dir='ltr'><strong>reipubli-</strong></span> 
     </span>
     <span class='ocr_line' id='line_1_55' title="bbox 924 5428 2453 5509; baseline 0.001 -21"><span class='ocrx_word' id='word_1_344' title='bbox 924 5446 1036 5504; x_wconf 82' lang='lat' dir='ltr'><strong>cae,</strong></span> <span class='ocrx_word' id='word_1_345' title='bbox 1070 5432 1139 5489; x_wconf 89' lang='lat' dir='ltr'><strong>ut</strong></span> <span class='ocrx_word' id='word_1_346' title='bbox 1164 5428 1360 5507; x_wconf 88' lang='lat' dir='ltr'><strong>possit</strong></span> <span class='ocrx_word' id='word_1_347' title='bbox 1386 5447 1492 5490; x_wconf 91' lang='lat' dir='ltr'><strong>eos</strong></span> <span class='ocrx_word' id='word_1_348' title='bbox 1523 5448 1598 5489; x_wconf 85' lang='lat' dir='ltr'><strong>ex</strong></span> <span class='ocrx_word' id='word_1_349' title='bbox 1618 5431 1862 5508; x_wconf 54' lang='lat' dir='ltr'><strong>,iustitia</strong></span> <span class='ocrx_word' id='word_1_350' title='bbox 1889 5431 2168 5509; x_wconf 88' lang='lat' dir='ltr'><strong>obligare</strong></span> <span class='ocrx_word' id='word_1_351' title='bbox 2211 5431 2292 5491; x_wconf 90' lang='lat' dir='ltr'><strong>ad</strong></span> <span class='ocrx_word' id='word_1_352' title='bbox 2351 5449 2453 5489; x_wconf 73' lang='lat' dir='ltr'><strong>ac-</strong></span> 
     </span>
     <span class='ocr_line' id='line_1_56' title="bbox 928 5521 2449 5602; baseline 0 -20"><span class='ocrx_word' id='word_1_353' title='bbox 928 5521 1131 5582; x_wconf 90' lang='lat' dir='ltr'><strong>tiones</strong></span> <span class='ocrx_word' id='word_1_354' title='bbox 1160 5523 1520 5600; x_wconf 88' lang='lat' dir='ltr'><strong>personales</strong></span> <span class='ocrx_word' id='word_1_355' title='bbox 1547 5543 1560 5584; x_wconf 88' lang='lat'>:</span> <span class='ocrx_word' id='word_1_356' title='bbox 1595 5522 1746 5602; x_wconf 90' lang='lat' dir='ltr'><strong>quid</strong></span> <span class='ocrx_word' id='word_1_357' title='bbox 1778 5523 1945 5586; x_wconf 88' lang='lat' dir='ltr'><strong>enim</strong></span> <span class='ocrx_word' id='word_1_358' title='bbox 1972 5524 2144 5584; x_wconf 90' lang='lat' dir='ltr'><strong>aliud</strong></span> <span class='ocrx_word' id='word_1_359' title='bbox 2191 5528 2285 5585; x_wconf 90' lang='lat' dir='ltr'><strong>est</strong></span> <span class='ocrx_word' id='word_1_360' title='bbox 2325 5542 2449 5583; x_wconf 86' lang='lat' dir='ltr'><strong>ser-</strong></span> 
     </span>
    </p>
   </div>
   <div class='ocr_carea' id='block_1_3' title="bbox 2037 311 2921 374">
    <p class='ocr_par' dir='ltr' id='par_1_3' title="bbox 2037 311 2921 374">
     <span class='ocr_line' id='line_1_57' title="bbox 2037 311 2921 374; baseline 0 -2"><span class='ocrx_word' id='word_1_361' title='bbox 2037 312 2143 372; x_wconf 79' lang='lat' dir='ltr'><strong>DE</strong></span> <span class='ocrx_word' id='word_1_362' title='bbox 2184 311 2538 374; x_wconf 83' lang='lat' dir='ltr'><strong>JUS&#39;rl&#39;rlA</strong></span> <span class='ocrx_word' id='word_1_363' title='bbox 2580 311 2682 372; x_wconf 76' lang='lat' dir='ltr'><strong>ET</strong></span> <span class='ocrx_word' id='word_1_364' title='bbox 2721 311 2921 374; x_wconf 81' lang='lat' dir='ltr'>JURE</span> 
     </span>
    </p>
   </div>
   <div class='ocr_carea' id='block_1_4' title="bbox 2536 488 4077 4470">
    <p class='ocr_par' dir='ltr' id='par_1_4' title="bbox 2536 488 4077 1671">
     <span class='ocr_line' id='line_1_58' title="bbox 2537 488 4061 570; baseline 0.001 -19"><span class='ocrx_word' id='word_1_365' title='bbox 2537 490 2724 566; x_wconf 85' lang='lat' dir='ltr'><strong>vitus,</strong></span> <span class='ocrx_word' id='word_1_366' title='bbox 2760 488 2878 549; x_wconf 91' lang='lat' dir='ltr'><strong>nisi</strong></span> <span class='ocrx_word' id='word_1_367' title='bbox 2908 488 3208 568; x_wconf 85' lang='lat' dir='ltr'><strong>obligatio</strong></span> <span class='ocrx_word' id='word_1_368' title='bbox 3240 508 3320 551; x_wconf 86' lang='lat' dir='ltr'><strong>ex</strong></span> <span class='ocrx_word' id='word_1_369' title='bbox 3369 489 3622 570; x_wconf 86' lang='lat' dir='ltr'><strong>justitia</strong></span> <span class='ocrx_word' id='word_1_370' title='bbox 3681 489 3763 549; x_wconf 89' lang='lat' dir='ltr'><strong>ad</strong></span> <span class='ocrx_word' id='word_1_371' title='bbox 3822 490 4061 552; x_wconf 72' lang='lat' dir='ltr'><strong>actiones</strong></span> 
     </span>
     <span class='ocr_line' id='line_1_59' title="bbox 2536 583 4067 663; baseline 0.001 -20"><span class='ocrx_word' id='word_1_372' title='bbox 2536 584 2897 663; x_wconf 88' lang='lat' dir='ltr'><strong>personales</strong></span> <span class='ocrx_word' id='word_1_373' title='bbox 2942 583 3356 644; x_wconf 53' lang='lat' dir='ltr'><strong>exhibenda&amp;</strong></span> <span class='ocrx_word' id='word_1_374' title='bbox 3421 586 3563 644; x_wconf 91' lang='lat' dir='ltr'><strong>Non</strong></span> <span class='ocrx_word' id='word_1_375' title='bbox 3624 601 3783 661; x_wconf 86' lang='lat' dir='ltr'><strong>ergo</strong></span> <span class='ocrx_word' id='word_1_376' title='bbox 3850 583 4067 646; x_wconf 74' lang='lat' dir='ltr'><strong>videtur</strong></span> 
     </span>
     <span class='ocr_line' id='line_1_60' title="bbox 2540 676 4066 756; baseline 0.002 -20"><span class='ocrx_word' id='word_1_377' title='bbox 2540 677 2898 750; x_wconf 87' lang='lat' dir='ltr'><strong>dicendum,</strong></span> <span class='ocrx_word' id='word_1_378' title='bbox 2935 677 3104 756; x_wconf 89' lang='lat' dir='ltr'><strong>quod</strong></span> <span class='ocrx_word' id='word_1_379' title='bbox 3124 676 3325 756; x_wconf 82' lang='lat' dir='ltr'><strong>judex</strong></span> <span class='ocrx_word' id='word_1_380' title='bbox 3355 678 3555 756; x_wconf 86' lang='lat' dir='ltr'><strong>possit</strong></span> <span class='ocrx_word' id='word_1_381' title='bbox 3582 677 3876 755; x_wconf 86' lang='lat' dir='ltr'><strong>obligare</strong></span> <span class='ocrx_word' id='word_1_382' title='bbox 3905 682 4066 739; x_wconf 62' lang='lat' dir='ltr'><strong>testes</strong></span> 
     </span>
     <span class='ocr_line' id='line_1_61' title="bbox 2540 768 4071 848; baseline 0.002 -19"><span class='ocrx_word' id='word_1_383' title='bbox 2540 788 2617 829; x_wconf 84' lang='lat' dir='ltr'><strong>ex</strong></span> <span class='ocrx_word' id='word_1_384' title='bbox 2642 768 2881 848; x_wconf 87' lang='lat' dir='ltr'><strong>justitia</strong></span> <span class='ocrx_word' id='word_1_385' title='bbox 2907 770 2990 830; x_wconf 89' lang='lat' dir='ltr'><strong>ad</strong></span> <span class='ocrx_word' id='word_1_386' title='bbox 3016 770 3353 831; x_wconf 83' lang='lat' dir='ltr'><strong>ferendum</strong></span> <span class='ocrx_word' id='word_1_387' title='bbox 3384 771 3967 847; x_wconf 68' lang='grc' dir='ltr'>1051110001οω,ωά</span> <span class='ocrx_word' id='word_1_388' title='bbox 3993 792 4071 832; x_wconf 72' lang='grc' dir='ltr'><strong>εο-</strong></span> 
     </span>
     <span class='ocr_line' id='line_1_62' title="bbox 2538 862 4071 942; baseline 0 -18"><span class='ocrx_word' id='word_1_389' title='bbox 2538 863 2670 924; x_wconf 87' lang='grc'>1001</span> <span class='ocrx_word' id='word_1_390' title='bbox 2699 880 2776 921; x_wconf 85' lang='lat' dir='ltr'><strong>ex</strong></span> <span class='ocrx_word' id='word_1_391' title='bbox 2805 862 3185 925; x_wconf 87' lang='lat' dir='ltr'><strong>obedientia.</strong></span> <span class='ocrx_word' id='word_1_392' title='bbox 3237 863 3446 939; x_wconf 85' lang='lat' dir='ltr'><strong>Adde,</strong></span> <span class='ocrx_word' id='word_1_393' title='bbox 3480 864 3633 925; x_wconf 89' lang='lat' dir='ltr'><strong>licet</strong></span> <span class='ocrx_word' id='word_1_394' title='bbox 3670 864 3737 923; x_wconf 89' lang='lat' dir='ltr'><strong>id</strong></span> <span class='ocrx_word' id='word_1_395' title='bbox 3770 870 3979 942; x_wconf 84' lang='lat' dir='ltr'><strong>posset</strong></span> <span class='ocrx_word' id='word_1_396' title='bbox 4000 865 4071 924; x_wconf 75' lang='lat' dir='ltr'><strong>fa·</strong></span> 
     </span>
     <span class='ocr_line' id='line_1_63' title="bbox 2541 954 4069 1035; baseline 0.001 -18"><span class='ocrx_word' id='word_1_397' title='bbox 2541 973 2683 1017; x_wconf 87' lang='lat' dir='ltr'><strong>cere</strong></span> <span class='ocrx_word' id='word_1_398' title='bbox 2708 954 3066 1035; x_wconf 87' lang='lat' dir='ltr'><strong>respublica</strong></span> <span class='ocrx_word' id='word_1_399' title='bbox 3095 956 3174 1016; x_wconf 88' lang='lat' dir='ltr'><strong>de</strong></span> <span class='ocrx_word' id='word_1_400' title='bbox 3220 960 3534 1035; x_wconf 85' lang='lat' dir='ltr'><strong>potestate</strong></span> <span class='ocrx_word' id='word_1_401' title='bbox 3591 957 3916 1033; x_wconf 85' lang='lat' dir='ltr'><strong>absoluta,</strong></span> <span class='ocrx_word' id='word_1_402' title='bbox 3964 977 4069 1018; x_wconf 81' lang='grc'><strong>000</strong></span> 
     </span>
     <span class='ocr_line' id='line_1_64' title="bbox 2540 1049 4075 1126; baseline 0.001 -16"><span class='ocrx_word' id='word_1_403' title='bbox 2540 1052 2755 1110; x_wconf 90' lang='lat' dir='ltr'><strong>tamen</strong></span> <span class='ocrx_word' id='word_1_404' title='bbox 2810 1054 3301 1126; x_wconf 69' lang='lat' dir='ltr'><strong>praesumeretur</strong></span> <span class='ocrx_word' id='word_1_405' title='bbox 3349 1050 3414 1110; x_wconf 92' lang='lat' dir='ltr'><strong>id</strong></span> <span class='ocrx_word' id='word_1_406' title='bbox 3471 1049 3716 1125; x_wconf 88' lang='lat' dir='ltr'><strong>facere,</strong></span> <span class='ocrx_word' id='word_1_407' title='bbox 3778 1051 3898 1109; x_wconf 69' lang='lat' dir='ltr'><strong>nisi</strong></span> <span class='ocrx_word' id='word_1_408' title='bbox 3948 1053 4075 1111; x_wconf 77' lang='lat' dir='ltr'><strong>satu</strong></span> 
     </span>
     <span class='ocr_line' id='line_1_65' title="bbox 2544 1142 4076 1223; baseline 0.001 -20"><span class='ocrx_word' id='word_1_409' title='bbox 2544 1142 2709 1203; x_wconf 88' lang='lat' dir='ltr'><strong>clare</strong></span> <span class='ocrx_word' id='word_1_410' title='bbox 2740 1142 3119 1222; x_wconf 86' lang='lat' dir='ltr'><strong>exprimeret</strong></span> <span class='ocrx_word' id='word_1_411' title='bbox 3163 1162 3344 1204; x_wconf 89' lang='lat' dir='ltr'><strong>suam</strong></span> <span class='ocrx_word' id='word_1_412' title='bbox 3373 1143 3777 1205; x_wconf 79' lang='lat' dir='ltr'><strong>voluntatem</strong></span> <span class='ocrx_word' id='word_1_413' title='bbox 3824 1145 4076 1223; x_wconf 74' lang='lat' dir='ltr'><strong>obligan-</strong></span> 
     </span>
     <span class='ocr_line' id='line_1_66' title="bbox 2544 1235 4071 1318; baseline 0.001 -21"><span class='ocrx_word' id='word_1_414' title='bbox 2544 1235 2610 1297; x_wconf 91' lang='lat' dir='ltr'><strong>di</strong></span> <span class='ocrx_word' id='word_1_415' title='bbox 2636 1235 2743 1297; x_wconf 91' lang='lat' dir='ltr'><strong>tali</strong></span> <span class='ocrx_word' id='word_1_416' title='bbox 2771 1236 2961 1297; x_wconf 90' lang='lat' dir='ltr'><strong>modo</strong></span> <span class='ocrx_word' id='word_1_417' title='bbox 2995 1257 3010 1297; x_wconf 87' lang='lat'>:</span> <span class='ocrx_word' id='word_1_418' title='bbox 3044 1237 3207 1298; x_wconf 89' lang='lat' dir='ltr'><strong>sicut</strong></span> <span class='ocrx_word' id='word_1_419' title='bbox 3261 1254 3378 1297; x_wconf 92' lang='lat' dir='ltr'><strong>nec</strong></span> <span class='ocrx_word' id='word_1_420' title='bbox 3424 1238 3491 1297; x_wconf 92' lang='grc'><strong>10</strong></span> <span class='ocrx_word' id='word_1_421' title='bbox 3552 1236 3697 1297; x_wconf 87' lang='lat' dir='ltr'><strong>aliis</strong></span> <span class='ocrx_word' id='word_1_422' title='bbox 3742 1241 4071 1318; x_wconf 57' lang='lat' dir='ltr'><strong>praeceptis,</strong></span> 
     </span>
     <span class='ocr_line' id='line_1_67' title="bbox 2545 1329 4073 1409; baseline 0.002 -21"><span class='ocrx_word' id='word_1_423' title='bbox 2545 1348 2685 1409; x_wconf 84' lang='lat' dir='ltr'><strong>quae</strong></span> <span class='ocrx_word' id='word_1_424' title='bbox 2714 1329 3122 1408; x_wconf 87' lang='lat' dir='ltr'><strong>imponuntur</strong></span> <span class='ocrx_word' id='word_1_425' title='bbox 3147 1349 3187 1390; x_wconf 92' lang='lat' dir='ltr'><strong>a</strong></span> <span class='ocrx_word' id='word_1_426' title='bbox 3213 1330 3701 1408; x_wconf 85' lang='lat' dir='ltr'><strong>magistratibus</strong></span> <span class='ocrx_word' id='word_1_427' title='bbox 3751 1332 4073 1391; x_wconf 84' lang='lat' dir='ltr'><strong>communi-</strong></span> 
     </span>
     <span class='ocr_line' id='line_1_68' title="bbox 2543 1423 4075 1504; baseline 0 -20"><span class='ocrx_word' id='word_1_428' title='bbox 2543 1423 3108 1502; x_wconf 80' lang='lat' dir='ltr'><strong>ter,praesumimus</strong></span> <span class='ocrx_word' id='word_1_429' title='bbox 3133 1442 3241 1484; x_wconf 89' lang='lat' dir='ltr'><strong>eos</strong></span> <span class='ocrx_word' id='word_1_430' title='bbox 3261 1424 3421 1485; x_wconf 85' lang='lat' dir='ltr'><strong>velle</strong></span> <span class='ocrx_word' id='word_1_431' title='bbox 3454 1424 3750 1502; x_wconf 89' lang='lat' dir='ltr'><strong>obligare</strong></span> <span class='ocrx_word' id='word_1_432' title='bbox 3773 1425 4075 1504; x_wconf 76' lang='lat' dir='ltr'><strong>exjustitia</strong></span> 
     </span>
     <span class='ocr_line' id='line_1_69' title="bbox 2544 1515 4077 1598; baseline 0.003 -23"><span class='ocrx_word' id='word_1_433' title='bbox 2544 1515 2827 1579; x_wconf 91' lang='lat' dir='ltr'><strong>subditos</strong></span> <span class='ocrx_word' id='word_1_434' title='bbox 2858 1536 2873 1589; x_wconf 84' lang='lat'>;</span> <span class='ocrx_word' id='word_1_435' title='bbox 2943 1517 3092 1596; x_wconf 91' lang='lat' dir='ltr'><strong>quia</strong></span> <span class='ocrx_word' id='word_1_436' title='bbox 3147 1517 3444 1579; x_wconf 88' lang='lat' dir='ltr'><strong>nimirum</strong></span> <span class='ocrx_word' id='word_1_437' title='bbox 3505 1517 3633 1579; x_wconf 88' lang='grc'>1100</span> <span class='ocrx_word' id='word_1_438' title='bbox 3690 1538 3825 1584; x_wconf 88' lang='grc'><strong>000</strong></span> <span class='ocrx_word' id='word_1_439' title='bbox 3894 1521 4077 1598; x_wconf 80' lang='lat' dir='ltr'><strong>expri-</strong></span> 
     </span>
     <span class='ocr_line' id='line_1_70' title="bbox 2545 1612 2745 1671; baseline 0.01 -2"><span class='ocrx_word' id='word_1_440' title='bbox 2545 1612 2745 1671; x_wconf 88' lang='lat' dir='ltr'><strong>munt.</strong></span> 
     </span>
    </p>

    <p class='ocr_par' dir='ltr' id='par_1_5' title="bbox 2547 1702 4071 2993">
     <span class='ocr_line' id='line_1_71' title="bbox 2628 1702 4067 1782; baseline 0.003 -20"><span class='ocrx_word' id='word_1_441' title='bbox 2628 1702 2945 1764; x_wconf 87' lang='lat' dir='ltr'><strong>Habemus</strong></span> <span class='ocrx_word' id='word_1_442' title='bbox 3002 1722 3153 1782; x_wconf 87' lang='lat' dir='ltr'><strong>ergo</strong></span> <span class='ocrx_word' id='word_1_443' title='bbox 3182 1707 3409 1765; x_wconf 88' lang='lat' dir='ltr'><strong>testem</strong></span> <span class='ocrx_word' id='word_1_444' title='bbox 3463 1723 3596 1766; x_wconf 90' lang='lat' dir='ltr'><strong>non</strong></span> <span class='ocrx_word' id='word_1_445' title='bbox 3646 1704 4067 1768; x_wconf 80' lang='lat' dir='ltr'><strong>testificantem</strong></span> 
     </span>
     <span class='ocr_line' id='line_1_72' title="bbox 2548 1795 4071 1876; baseline 0.003 -22"><span class='ocrx_word' id='word_1_446' title='bbox 2548 1812 2810 1873; x_wconf 89' lang='lat' dir='ltr'><strong>peccare</strong></span> <span class='ocrx_word' id='word_1_447' title='bbox 2851 1795 3107 1876; x_wconf 90' lang='lat' dir='ltr'><strong>quidem</strong></span> <span class='ocrx_word' id='word_1_448' title='bbox 3165 1802 3390 1859; x_wconf 79' lang='lat' dir='ltr'><strong>contra</strong></span> <span class='ocrx_word' id='word_1_449' title='bbox 3444 1797 3918 1872; x_wconf 80' lang='lat' dir='ltr'><strong>obedientiam,</strong></span> <span class='ocrx_word' id='word_1_450' title='bbox 3971 1818 4071 1859; x_wconf 75' lang='lat' dir='ltr'><strong>nea</strong></span> 
     </span>
     <span class='ocr_line' id='line_1_73' title="bbox 2548 1889 4073 1968; baseline 0.003 -20"><span class='ocrx_word' id='word_1_451' title='bbox 2548 1893 2765 1949; x_wconf 90' lang='lat' dir='ltr'><strong>contra</strong></span> <span class='ocrx_word' id='word_1_452' title='bbox 2786 1889 3122 1968; x_wconf 84' lang='lat' dir='ltr'><strong>justitiam,</strong></span> <span class='ocrx_word' id='word_1_453' title='bbox 3158 1895 3222 1951; x_wconf 93' lang='lat' dir='ltr'><strong>et</strong></span> <span class='ocrx_word' id='word_1_454' title='bbox 3249 1889 3394 1951; x_wconf 89' lang='lat' dir='ltr'><strong>ideo</strong></span> <span class='ocrx_word' id='word_1_455' title='bbox 3426 1909 3559 1951; x_wconf 89' lang='lat' dir='ltr'><strong>non</strong></span> <span class='ocrx_word' id='word_1_456' title='bbox 3580 1891 3797 1952; x_wconf 87' lang='lat' dir='ltr'><strong>teneri</strong></span> <span class='ocrx_word' id='word_1_457' title='bbox 3826 1891 3907 1950; x_wconf 86' lang='lat' dir='ltr'><strong>ad</strong></span> <span class='ocrx_word' id='word_1_458' title='bbox 3932 1894 4073 1952; x_wconf 78' lang='lat' dir='ltr'><strong>resti·</strong></span> 
     </span>
     <span class='ocr_line' id='line_1_74' title="bbox 2547 1981 4071 2062; baseline 0.001 -19"><span class='ocrx_word' id='word_1_459' title='bbox 2547 1981 2874 2059; x_wconf 89' lang='lat' dir='ltr'><strong>tutionem,</strong></span> <span class='ocrx_word' id='word_1_460' title='bbox 2928 1983 3045 2043; x_wconf 90' lang='lat' dir='ltr'><strong>nisi</strong></span> <span class='ocrx_word' id='word_1_461' title='bbox 3094 1982 3361 2062; x_wconf 82' lang='lat' dir='ltr'><strong>positive</strong></span> <span class='ocrx_word' id='word_1_462' title='bbox 3409 1982 3656 2045; x_wconf 83' lang='lat' dir='ltr'><strong>falsum</strong></span> <span class='ocrx_word' id='word_1_463' title='bbox 3710 1983 4071 2046; x_wconf 74' lang='lat' dir='ltr'><strong>testificando</strong></span> 
     </span>
     <span class='ocr_line' id='line_1_75' title="bbox 2548 2074 4071 2150; baseline 0.003 -16"><span class='ocrx_word' id='word_1_464' title='bbox 2548 2074 2736 2135; x_wconf 88' lang='lat' dir='ltr'><strong>fuerit</strong></span> <span class='ocrx_word' id='word_1_465' title='bbox 2761 2094 2953 2137; x_wconf 91' lang='lat' dir='ltr'><strong>causa</strong></span> <span class='ocrx_word' id='word_1_466' title='bbox 2996 2076 3209 2136; x_wconf 89' lang='lat' dir='ltr'><strong>damni</strong></span> <span class='ocrx_word' id='word_1_467' title='bbox 3254 2075 3430 2139; x_wconf 83' lang='lat' dir='ltr'><strong>illati.</strong></span> <span class='ocrx_word' id='word_1_468' title='bbox 3489 2077 3707 2150; x_wconf 86' lang='lat' dir='ltr'><strong>Quam</strong></span> <span class='ocrx_word' id='word_1_469' title='bbox 3740 2080 4071 2139; x_wconf 70' lang='lat' dir='ltr'><strong>senteutiam</strong></span> 
     </span>
     <span class='ocr_line' id='line_1_76' title="bbox 2548 2168 4071 2246; baseline 0.003 -19"><span class='ocrx_word' id='word_1_470' title='bbox 2548 2168 2774 2229; x_wconf 87' lang='lat' dir='ltr'><strong>limitat</strong></span> <span class='ocrx_word' id='word_1_471' title='bbox 2793 2169 3027 2229; x_wconf 91' lang='lat' dir='ltr'><strong>Molina</strong></span> <span class='ocrx_word' id='word_1_472' title='bbox 3061 2169 3169 2229; x_wconf 93' lang='lat' dir='ltr'><strong>ubi</strong></span> <span class='ocrx_word' id='word_1_473' title='bbox 3200 2188 3418 2246; x_wconf 90' lang='lat' dir='ltr'><strong>supra,</strong></span> <span class='ocrx_word' id='word_1_474' title='bbox 3481 2175 3557 2231; x_wconf 91' lang='lat' dir='ltr'><strong>ut</strong></span> <span class='ocrx_word' id='word_1_475' title='bbox 3586 2190 3725 2232; x_wconf 88' lang='lat' dir='ltr'><strong>uon</strong></span> <span class='ocrx_word' id='word_1_476' title='bbox 3755 2171 3977 2232; x_wconf 81' lang='lat' dir='ltr'><strong>habeat</strong></span> <span class='ocrx_word' id='word_1_477' title='bbox 4006 2173 4071 2231; x_wconf 82' lang='lat' dir='ltr'><strong>lo-</strong></span> 
     </span>
     <span class='ocr_line' id='line_1_77' title="bbox 2551 2262 4071 2341; baseline 0.003 -20"><span class='ocrx_word' id='word_1_478' title='bbox 2551 2280 2696 2322; x_wconf 90' lang='lat' dir='ltr'><strong>cum</strong></span> <span class='ocrx_word' id='word_1_479' title='bbox 2726 2263 2982 2341; x_wconf 87' lang='lat' dir='ltr'><strong>quando</strong></span> <span class='ocrx_word' id='word_1_480' title='bbox 3033 2262 3209 2323; x_wconf 87' lang='lat' dir='ltr'><strong>testis</strong></span> <span class='ocrx_word' id='word_1_481' title='bbox 3259 2263 3582 2324; x_wconf 86' lang='lat' dir='ltr'><strong>accedeus</strong></span> <span class='ocrx_word' id='word_1_482' title='bbox 3638 2264 3726 2324; x_wconf 87' lang='lat' dir='ltr'><strong>ad</strong></span> <span class='ocrx_word' id='word_1_483' title='bbox 3776 2266 4071 2325; x_wconf 77' lang='lat' dir='ltr'><strong>testifican-</strong></span> 
     </span>
     <span class='ocr_line' id='line_1_78' title="bbox 2550 2354 4067 2433; baseline 0.001 -19"><span class='ocrx_word' id='word_1_484' title='bbox 2550 2354 2700 2415; x_wconf 91' lang='lat' dir='ltr'><strong>dum</strong></span> <span class='ocrx_word' id='word_1_485' title='bbox 2730 2355 2793 2415; x_wconf 93' lang='lat' dir='ltr'><strong>in</strong></span> <span class='ocrx_word' id='word_1_486' title='bbox 2823 2373 3012 2415; x_wconf 91' lang='lat' dir='ltr'><strong>causa</strong></span> <span class='ocrx_word' id='word_1_487' title='bbox 3043 2359 3157 2433; x_wconf 91' lang='lat' dir='ltr'><strong>est,</strong></span> <span class='ocrx_word' id='word_1_488' title='bbox 3192 2357 3530 2417; x_wconf 86' lang='lat' dir='ltr'><strong>veritatem</strong></span> <span class='ocrx_word' id='word_1_489' title='bbox 3566 2357 3845 2418; x_wconf 84' lang='lat' dir='ltr'><strong>celando</strong></span> <span class='ocrx_word' id='word_1_490' title='bbox 3873 2363 3939 2418; x_wconf 86' lang='lat' dir='ltr'><strong>ut</strong></span> <span class='ocrx_word' id='word_1_491' title='bbox 3962 2359 4003 2417; x_wconf 81' lang='lat' dir='ltr'><strong>is</strong></span> <span class='ocrx_word' id='word_1_492' title='bbox 4025 2359 4067 2416; x_wconf 86' lang='lat' dir='ltr'><strong>in</strong></span> 
     </span>
     <span class='ocr_line' id='line_1_79' title="bbox 2551 2447 4067 2527; baseline 0.001 -18"><span class='ocrx_word' id='word_1_493' title='bbox 2551 2447 2729 2527; x_wconf 86' lang='lat' dir='ltr'><strong>cujus</strong></span> <span class='ocrx_word' id='word_1_494' title='bbox 2770 2448 3053 2509; x_wconf 87' lang='lat' dir='ltr'><strong>favorem</strong></span> <span class='ocrx_word' id='word_1_495' title='bbox 3094 2448 3431 2510; x_wconf 85' lang='lat' dir='ltr'><strong>tenebatur</strong></span> <span class='ocrx_word' id='word_1_496' title='bbox 3484 2469 3645 2510; x_wconf 81' lang='lat' dir='ltr'><strong>vere</strong></span> <span class='ocrx_word' id='word_1_497' title='bbox 3694 2451 3929 2524; x_wconf 77' lang='lat' dir='ltr'><strong>dicere,</strong></span> <span class='ocrx_word' id='word_1_498' title='bbox 3978 2470 4067 2510; x_wconf 75' lang='lat' dir='ltr'><strong>non</strong></span> 
     </span>
     <span class='ocr_line' id='line_1_80' title="bbox 2550 2540 4067 2622; baseline 0.003 -23"><span class='ocrx_word' id='word_1_499' title='bbox 2550 2540 2851 2603; x_wconf 83' lang='lat' dir='ltr'><strong>adhibeat</strong></span> <span class='ocrx_word' id='word_1_500' title='bbox 2896 2541 3052 2601; x_wconf 90' lang='lat' dir='ltr'><strong>alios</strong></span> <span class='ocrx_word' id='word_1_501' title='bbox 3080 2545 3271 2602; x_wconf 87' lang='lat' dir='ltr'><strong>testes</strong></span> <span class='ocrx_word' id='word_1_502' title='bbox 3325 2547 3527 2622; x_wconf 87' lang='lat' dir='ltr'><strong>atque</strong></span> <span class='ocrx_word' id='word_1_503' title='bbox 3571 2542 3729 2604; x_wconf 87' lang='lat' dir='ltr'><strong>ideo</strong></span> <span class='ocrx_word' id='word_1_504' title='bbox 3781 2543 3884 2622; x_wconf 83' lang='lat' dir='ltr'><strong>jus</strong></span> <span class='ocrx_word' id='word_1_505' title='bbox 3926 2562 4067 2604; x_wconf 77' lang='lat' dir='ltr'><strong>suum</strong></span> 
     </span>
     <span class='ocr_line' id='line_1_81' title="bbox 2550 2635 4068 2699; baseline 0.003 -6"><span class='ocrx_word' id='word_1_506' title='bbox 2550 2652 2677 2694; x_wconf 90' lang='lat' dir='ltr'><strong>non</strong></span> <span class='ocrx_word' id='word_1_507' title='bbox 2704 2635 3021 2696; x_wconf 85' lang='lat' dir='ltr'><strong>defendat.</strong></span> <span class='ocrx_word' id='word_1_508' title='bbox 3057 2638 3154 2696; x_wconf 87' lang='lat' dir='ltr'><strong>An</strong></span> <span class='ocrx_word' id='word_1_509' title='bbox 3187 2653 3335 2696; x_wconf 80' lang='lat' dir='ltr'><strong>vero</strong></span> <span class='ocrx_word' id='word_1_510' title='bbox 3365 2640 3679 2697; x_wconf 87' lang='lat' dir='ltr'><strong>teneatur</strong></span> <span class='ocrx_word' id='word_1_511' title='bbox 3710 2638 3887 2699; x_wconf 58' lang='lat' dir='ltr'><strong>testis</strong></span> <span class='ocrx_word' id='word_1_512' title='bbox 3910 2637 3977 2696; x_wconf 79' lang='lat' dir='ltr'><strong>ad</strong></span> <span class='ocrx_word' id='word_1_513' title='bbox 4000 2657 4068 2697; x_wconf 74' lang='lat' dir='ltr'><strong>re-</strong></span> 
     </span>
     <span class='ocr_line' id='line_1_82' title="bbox 2549 2727 4063 2808; baseline 0 -20"><span class='ocrx_word' id='word_1_514' title='bbox 2549 2727 2933 2788; x_wconf 88' lang='lat' dir='ltr'><strong>stituendam</strong></span> <span class='ocrx_word' id='word_1_515' title='bbox 2987 2746 3242 2806; x_wconf 84' lang='lat' dir='ltr'><strong>poenam</strong></span> <span class='ocrx_word' id='word_1_516' title='bbox 3272 2775 3288 2803; x_wconf 89' lang='lat'>‚</span> <span class='ocrx_word' id='word_1_517' title='bbox 3351 2748 3557 2808; x_wconf 88' lang='lat' dir='ltr'><strong>quam</strong></span> <span class='ocrx_word' id='word_1_518' title='bbox 3618 2749 3777 2790; x_wconf 86' lang='lat' dir='ltr'><strong>reus</strong></span> <span class='ocrx_word' id='word_1_519' title='bbox 3830 2731 4063 2790; x_wconf 49' lang='lat' dir='ltr'><strong>sola-sa</strong></span> 
     </span>
     <span class='ocr_line' id='line_1_83' title="bbox 2550 2819 4065 2899; baseline 0.001 -20"><span class='ocrx_word' id='word_1_520' title='bbox 2550 2819 2723 2896; x_wconf 90' lang='lat' dir='ltr'><strong>fisco,</strong></span> <span class='ocrx_word' id='word_1_521' title='bbox 2756 2820 2876 2880; x_wconf 91' lang='lat' dir='ltr'><strong>nisi</strong></span> <span class='ocrx_word' id='word_1_522' title='bbox 2904 2821 3037 2899; x_wconf 90' lang='lat' dir='ltr'><strong>ipse</strong></span> <span class='ocrx_word' id='word_1_523' title='bbox 3069 2819 3295 2882; x_wconf 79' lang='lat' dir='ltr'><strong>falsum</strong></span> <span class='ocrx_word' id='word_1_524' title='bbox 3325 2822 3721 2888; x_wconf 86' lang='lat' dir='ltr'><strong>testificatus</strong></span> <span class='ocrx_word' id='word_1_525' title='bbox 3749 2824 3969 2897; x_wconf 80' lang='lat' dir='ltr'><strong>fuisset,</strong></span> <span class='ocrx_word' id='word_1_526' title='bbox 3994 2822 4065 2881; x_wconf 74' lang='lat' dir='ltr'><strong>di-</strong></span> 
     </span>
     <span class='ocr_line' id='line_1_84' title="bbox 2551 2913 3779 2993; baseline 0.003 -21"><span class='ocrx_word' id='word_1_527' title='bbox 2551 2913 2755 2973; x_wconf 85' lang='lat' dir='ltr'><strong>ximus</strong></span> <span class='ocrx_word' id='word_1_528' title='bbox 2784 2913 2943 2993; x_wconf 88' lang='lat' dir='ltr'><strong>disp.</strong></span> <span class='ocrx_word' id='word_1_529' title='bbox 2982 2913 3388 2991; x_wconf 83' lang='lat' dir='ltr'><strong>praecedenti,</strong></span> <span class='ocrx_word' id='word_1_530' title='bbox 3426 2919 3591 2976; x_wconf 91' lang='lat' dir='ltr'><strong>sect.</strong></span> <span class='ocrx_word' id='word_1_531' title='bbox 3633 2933 3779 2978; x_wconf 79' lang='lat' dir='ltr'><strong>vm.</strong></span> 
     </span>
    </p>

    <p class='ocr_par' dir='ltr' id='par_1_6' title="bbox 2551 3007 4077 4391">
     <span class='ocr_line' id='line_1_85' title="bbox 2633 3007 4069 3088; baseline 0.001 -22"><span class='ocrx_word' id='word_1_532' title='bbox 2633 3008 2752 3067; x_wconf 91' lang='lat' dir='ltr'><strong>Pro</strong></span> <span class='ocrx_word' id='word_1_533' title='bbox 2783 3007 3096 3068; x_wconf 88' lang='lat' dir='ltr'><strong>contraria</strong></span> <span class='ocrx_word' id='word_1_534' title='bbox 3124 3007 3439 3068; x_wconf 88' lang='lat' dir='ltr'><strong>sententia</strong></span> <span class='ocrx_word' id='word_1_535' title='bbox 3469 3008 3675 3088; x_wconf 88' lang='lat' dir='ltr'><strong>objici</strong></span> <span class='ocrx_word' id='word_1_536' title='bbox 3709 3010 3867 3071; x_wconf 85' lang='lat' dir='ltr'><strong>solet</strong></span> <span class='ocrx_word' id='word_1_537' title='bbox 3899 3028 4069 3069; x_wconf 75' lang='lat' dir='ltr'><strong>ex.-</strong></span> 
     </span>
     <span class='ocr_line' id='line_1_86' title="bbox 2553 3099 4065 3182; baseline 0.002 -23"><span class='ocrx_word' id='word_1_538' title='bbox 2553 3101 2747 3179; x_wconf 89' lang='lat' dir='ltr'><strong>plum,</strong></span> <span class='ocrx_word' id='word_1_539' title='bbox 2781 3099 2856 3176; x_wconf 88' lang='lat' dir='ltr'><strong>si,</strong></span> <span class='ocrx_word' id='word_1_540' title='bbox 2898 3118 2958 3160; x_wconf 86' lang='lat' dir='ltr'><strong>v.</strong></span> <span class='ocrx_word' id='word_1_541' title='bbox 2994 3120 3056 3179; x_wconf 92' lang='lat' dir='ltr'><strong>g.</strong></span> <span class='ocrx_word' id='word_1_542' title='bbox 3092 3099 3279 3179; x_wconf 83' lang='lat' dir='ltr'><strong>judex</strong></span> <span class='ocrx_word' id='word_1_543' title='bbox 3311 3102 3655 3180; x_wconf 81' lang='lat' dir='ltr'><strong>praecipiat</strong></span> <span class='ocrx_word' id='word_1_544' title='bbox 3689 3103 3807 3163; x_wconf 84' lang='lat' dir='ltr'><strong>tibi</strong></span> <span class='ocrx_word' id='word_1_545' title='bbox 3838 3103 4065 3182; x_wconf 78' lang='lat' dir='ltr'><strong>proierre</strong></span> 
     </span>
     <span class='ocr_line' id='line_1_87' title="bbox 2552 3194 4068 3274; baseline 0.001 -20"><span class='ocrx_word' id='word_1_546' title='bbox 2552 3194 2926 3272; x_wconf 89' lang='lat' dir='ltr'><strong>scripturam</strong></span> <span class='ocrx_word' id='word_1_547' title='bbox 2972 3194 3053 3254; x_wconf 90' lang='lat' dir='ltr'><strong>ad</strong></span> <span class='ocrx_word' id='word_1_548' title='bbox 3108 3212 3365 3255; x_wconf 88' lang='lat' dir='ltr'><strong>causam</strong></span> <span class='ocrx_word' id='word_1_549' title='bbox 3411 3198 3883 3274; x_wconf 84' lang='lat' dir='ltr'><strong>pertinentem,</strong></span> <span class='ocrx_word' id='word_1_550' title='bbox 3932 3203 3985 3257; x_wconf 76' lang='lat' dir='ltr'><strong>et</strong></span> <span class='ocrx_word' id='word_1_551' title='bbox 4016 3204 4068 3256; x_wconf 80' lang='lat' dir='ltr'><strong>tn</strong></span> 
     </span>
     <span class='ocr_line' id='line_1_88' title="bbox 2554 3288 4067 3367; baseline 0.002 -19"><span class='ocrx_word' id='word_1_552' title='bbox 2554 3305 2693 3348; x_wconf 89' lang='lat' dir='ltr'><strong>eam</strong></span> <span class='ocrx_word' id='word_1_553' title='bbox 2722 3288 3067 3349; x_wconf 88' lang='lat' dir='ltr'><strong>occultares</strong></span> <span class='ocrx_word' id='word_1_554' title='bbox 3098 3288 3200 3350; x_wconf 83' lang='lat' dir='ltr'><strong>vel</strong></span> <span class='ocrx_word' id='word_1_555' title='bbox 3231 3288 3582 3367; x_wconf 81' lang='lat' dir='ltr'><strong>lacerareS,</strong></span> <span class='ocrx_word' id='word_1_556' title='bbox 3636 3291 3903 3352; x_wconf 84' lang='lat' dir='ltr'><strong>deberes</strong></span> <span class='ocrx_word' id='word_1_557' title='bbox 3925 3290 4067 3351; x_wconf 76' lang='lat' dir='ltr'><strong>resti-</strong></span> 
     </span>
     <span class='ocr_line' id='line_1_89' title="bbox 2551 3380 4073 3462; baseline 0.001 -22"><span class='ocrx_word' id='word_1_558' title='bbox 2551 3383 2729 3441; x_wconf 91' lang='lat' dir='ltr'><strong>tuere</strong></span> <span class='ocrx_word' id='word_1_559' title='bbox 2794 3380 2957 3458; x_wconf 92' lang='lat' dir='ltr'><strong>parti</strong></span> <span class='ocrx_word' id='word_1_560' title='bbox 2999 3380 3180 3460; x_wconf 90' lang='lat' dir='ltr'><strong>cujus</strong></span> <span class='ocrx_word' id='word_1_561' title='bbox 3228 3381 3541 3444; x_wconf 84' lang='lat' dir='ltr'><strong>intererat</strong></span> <span class='ocrx_word' id='word_1_562' title='bbox 3587 3382 3913 3462; x_wconf 68' lang='lat' dir='ltr'><strong>scripture</strong></span> <span class='ocrx_word' id='word_1_563' title='bbox 3955 3402 4073 3462; x_wconf 81' lang='lat' dir='ltr'><strong>pro-</strong></span> 
     </span>
     <span class='ocr_line' id='line_1_90' title="bbox 2552 3472 4071 3550; baseline 0.003 -19"><span class='ocrx_word' id='word_1_564' title='bbox 2552 3472 2740 3546; x_wconf 85' lang='lat' dir='ltr'><strong>latio;</strong></span> <span class='ocrx_word' id='word_1_565' title='bbox 2776 3490 2925 3550; x_wconf 88' lang='lat' dir='ltr'><strong>ergo</strong></span> <span class='ocrx_word' id='word_1_566' title='bbox 2955 3473 3241 3534; x_wconf 89' lang='lat' dir='ltr'><strong>similiter</strong></span> <span class='ocrx_word' id='word_1_567' title='bbox 3268 3473 3507 3535; x_wconf 88' lang='lat' dir='ltr'><strong>teneris</strong></span> <span class='ocrx_word' id='word_1_568' title='bbox 3538 3475 3594 3535; x_wconf 88' lang='lat' dir='ltr'><strong>si</strong></span> <span class='ocrx_word' id='word_1_569' title='bbox 3624 3476 3903 3536; x_wconf 80' lang='lat' dir='ltr'><strong>occultes</strong></span> <span class='ocrx_word' id='word_1_570' title='bbox 3927 3476 4071 3538; x_wconf 58' lang='lat' dir='ltr'><strong>testi-</strong></span> 
     </span>
     <span class='ocr_line' id='line_1_91' title="bbox 2553 3565 4071 3646; baseline 0.003 -21"><span class='ocrx_word' id='word_1_571' title='bbox 2553 3565 2857 3641; x_wconf 89' lang='lat' dir='ltr'><strong>monium,</strong></span> <span class='ocrx_word' id='word_1_572' title='bbox 2893 3565 3063 3645; x_wconf 85' lang='lat' dir='ltr'><strong>quod</strong></span> <span class='ocrx_word' id='word_1_573' title='bbox 3088 3565 3285 3645; x_wconf 85' lang='lat' dir='ltr'><strong>judex</strong></span> <span class='ocrx_word' id='word_1_574' title='bbox 3313 3568 3613 3646; x_wconf 83' lang='lat' dir='ltr'><strong>praecipit</strong></span> <span class='ocrx_word' id='word_1_575' title='bbox 3634 3570 3919 3646; x_wconf 84' lang='lat' dir='ltr'><strong>proferri.</strong></span> <span class='ocrx_word' id='word_1_576' title='bbox 3953 3572 4071 3629; x_wconf 79' lang='lat' dir='ltr'><strong>Res-</strong></span> 
     </span>
     <span class='ocr_line' id='line_1_92' title="bbox 2554 3657 4069 3742; baseline 0.006 -24"><span class='ocrx_word' id='word_1_577' title='bbox 2554 3657 2867 3736; x_wconf 90' lang='lat' dir='ltr'><strong>pondetur</strong></span> <span class='ocrx_word' id='word_1_578' title='bbox 2895 3677 2971 3718; x_wconf 83' lang='lat' dir='ltr'><strong>ex</strong></span> <span class='ocrx_word' id='word_1_579' title='bbox 2999 3659 3180 3721; x_wconf 89' lang='lat' dir='ltr'><strong>dictis</strong></span> <span class='ocrx_word' id='word_1_580' title='bbox 3210 3659 3506 3738; x_wconf 86' lang='lat' dir='ltr'><strong>negando</strong></span> <span class='ocrx_word' id='word_1_581' title='bbox 3554 3664 4069 3742; x_wconf 73' lang='lat' dir='ltr'><strong>consequentiam.</strong></span> 
     </span>
     <span class='ocr_line' id='line_1_93' title="bbox 2554 3749 4075 3835; baseline 0.002 -25"><span class='ocrx_word' id='word_1_582' title='bbox 2554 3749 2702 3828; x_wconf 90' lang='lat' dir='ltr'><strong>quia</strong></span> <span class='ocrx_word' id='word_1_583' title='bbox 2730 3751 3041 3830; x_wconf 88' lang='lat' dir='ltr'><strong>scriptura</strong></span> <span class='ocrx_word' id='word_1_584' title='bbox 3087 3756 3181 3813; x_wconf 86' lang='lat' dir='ltr'><strong>est</strong></span> <span class='ocrx_word' id='word_1_585' title='bbox 3207 3770 3308 3812; x_wconf 91' lang='lat' dir='ltr'><strong>res</strong></span> <span class='ocrx_word' id='word_1_586' title='bbox 3354 3758 3648 3830; x_wconf 85' lang='lat' dir='ltr'><strong>externa,</strong></span> <span class='ocrx_word' id='word_1_587' title='bbox 3708 3756 3789 3815; x_wconf 87' lang='lat' dir='ltr'><strong>de</strong></span> <span class='ocrx_word' id='word_1_588' title='bbox 3819 3775 3935 3835; x_wconf 84' lang='lat' dir='ltr'><strong>qua</strong></span> <span class='ocrx_word' id='word_1_589' title='bbox 3964 3774 4075 3815; x_wconf 74' lang='lat' dir='ltr'><strong>res-</strong></span> 
     </span>
     <span class='ocr_line' id='line_1_94' title="bbox 2554 3844 4075 3929; baseline 0.003 -26"><span class='ocrx_word' id='word_1_590' title='bbox 2554 3844 2805 3923; x_wconf 86' lang='lat' dir='ltr'><strong>publica</strong></span> <span class='ocrx_word' id='word_1_591' title='bbox 2831 3849 3037 3924; x_wconf 88' lang='lat' dir='ltr'><strong>potest</strong></span> <span class='ocrx_word' id='word_1_592' title='bbox 3063 3844 3243 3907; x_wconf 86' lang='lat' dir='ltr'><strong>facile</strong></span> <span class='ocrx_word' id='word_1_593' title='bbox 3274 3844 3645 3924; x_wconf 86' lang='lat' dir='ltr'><strong>disponere,</strong></span> <span class='ocrx_word' id='word_1_594' title='bbox 3706 3852 3771 3910; x_wconf 89' lang='lat' dir='ltr'><strong>et</strong></span> <span class='ocrx_word' id='word_1_595' title='bbox 3798 3850 4075 3929; x_wconf 70' lang='lat' dir='ltr'><strong>applicare</strong></span> 
     </span>
     <span class='ocr_line' id='line_1_95' title="bbox 2557 3936 4077 4018; baseline 0.001 -21"><span class='ocrx_word' id='word_1_596' title='bbox 2557 3956 2698 3997; x_wconf 92' lang='lat' dir='ltr'><strong>eam</strong></span> <span class='ocrx_word' id='word_1_597' title='bbox 2726 3936 2834 3997; x_wconf 88' lang='lat' dir='ltr'><strong>uni</strong></span> <span class='ocrx_word' id='word_1_598' title='bbox 2864 3937 3027 4017; x_wconf 88' lang='lat' dir='ltr'><strong>parti</strong></span> <span class='ocrx_word' id='word_1_599' title='bbox 3075 3938 3297 4000; x_wconf 88' lang='lat' dir='ltr'><strong>saltem</strong></span> <span class='ocrx_word' id='word_1_600' title='bbox 3328 3939 3545 4018; x_wconf 88' lang='lat' dir='ltr'><strong>quoad</strong></span> <span class='ocrx_word' id='word_1_601' title='bbox 3576 3960 3795 4002; x_wconf 88' lang='lat' dir='ltr'><strong>usum.</strong></span> <span class='ocrx_word' id='word_1_602' title='bbox 3858 3941 4077 4014; x_wconf 61' lang='lat' dir='ltr'><strong>Quoties</strong></span> 
     </span>
     <span class='ocr_line' id='line_1_96' title="bbox 2554 4029 4075 4110; baseline 0.002 -20"><span class='ocrx_word' id='word_1_603' title='bbox 2554 4033 2765 4091; x_wconf 89' lang='lat' dir='ltr'><strong>autem</strong></span> <span class='ocrx_word' id='word_1_604' title='bbox 2791 4029 2988 4110; x_wconf 85' lang='lat' dir='ltr'><strong>judex</strong></span> <span class='ocrx_word' id='word_1_605' title='bbox 3033 4032 3268 4110; x_wconf 89' lang='lat' dir='ltr'><strong>aliquid</strong></span> <span class='ocrx_word' id='word_1_606' title='bbox 3325 4032 3617 4094; x_wconf 88' lang='lat' dir='ltr'><strong>decernit</strong></span> <span class='ocrx_word' id='word_1_607' title='bbox 3670 4039 3893 4097; x_wconf 81' lang='grc'>000110</span> <span class='ocrx_word' id='word_1_608' title='bbox 3942 4036 4075 4095; x_wconf 77' lang='lat' dir='ltr'><strong>bom</strong></span> 
     </span>
     <span class='ocr_line' id='line_1_97' title="bbox 2555 4124 4076 4209; baseline 0.003 -25"><span class='ocrx_word' id='word_1_609' title='bbox 2555 4128 2833 4202; x_wconf 85' lang='lat' dir='ltr'><strong>externa,</strong></span> <span class='ocrx_word' id='word_1_610' title='bbox 2885 4143 2958 4185; x_wconf 91' lang='lat' dir='ltr'><strong>eo</strong></span> <span class='ocrx_word' id='word_1_611' title='bbox 2987 4124 3121 4203; x_wconf 92' lang='lat' dir='ltr'><strong>ipso</strong></span> <span class='ocrx_word' id='word_1_612' title='bbox 3153 4125 3263 4186; x_wconf 89' lang='lat' dir='ltr'><strong>dat</strong></span> <span class='ocrx_word' id='word_1_613' title='bbox 3305 4126 3412 4203; x_wconf 89' lang='lat' dir='ltr'><strong>jus</strong></span> <span class='ocrx_word' id='word_1_614' title='bbox 3460 4126 3749 4206; x_wconf 79' lang='lat' dir='ltr'><strong>litiganti</strong></span> <span class='ocrx_word' id='word_1_615' title='bbox 3780 4148 3963 4209; x_wconf 86' lang='lat' dir='ltr'><strong>super</strong></span> <span class='ocrx_word' id='word_1_616' title='bbox 3996 4129 4076 4188; x_wconf 65' lang='grc' dir='ltr'><strong>Ἧι</strong></span> 
     </span>
     <span class='ocr_line' id='line_1_98' title="bbox 2553 4218 4073 4300; baseline 0.003 -23"><span class='ocrx_word' id='word_1_617' title='bbox 2553 4218 2761 4291; x_wconf 89' lang='lat' dir='ltr'><strong>bona;</strong></span> <span class='ocrx_word' id='word_1_618' title='bbox 2815 4225 2877 4279; x_wconf 84' lang='lat' dir='ltr'><strong>et</strong></span> <span class='ocrx_word' id='word_1_619' title='bbox 2924 4237 3034 4296; x_wconf 91' lang='lat' dir='ltr'><strong>per</strong></span> <span class='ocrx_word' id='word_1_620' title='bbox 3075 4236 3465 4298; x_wconf 87' lang='lat' dir='ltr'><strong>consequens</strong></span> <span class='ocrx_word' id='word_1_621' title='bbox 3514 4221 3884 4300; x_wconf 86' lang='lat' dir='ltr'><strong>impediens</strong></span> <span class='ocrx_word' id='word_1_622' title='bbox 3926 4241 4073 4283; x_wconf 74' lang='lat' dir='ltr'><strong>usum</strong></span> 
     </span>
     <span class='ocr_line' id='line_1_99' title="bbox 2555 4310 3621 4391; baseline 0.004 -21"><span class='ocrx_word' id='word_1_623' title='bbox 2555 4310 2717 4371; x_wconf 89' lang='lat' dir='ltr'><strong>illius</strong></span> <span class='ocrx_word' id='word_1_624' title='bbox 2744 4310 2833 4371; x_wconf 90' lang='lat' dir='ltr'><strong>rei</strong></span> <span class='ocrx_word' id='word_1_625' title='bbox 2864 4310 3013 4372; x_wconf 90' lang='lat' dir='ltr'><strong>facit</strong></span> <span class='ocrx_word' id='word_1_626' title='bbox 3041 4315 3260 4373; x_wconf 87' lang='lat' dir='ltr'><strong>contra</strong></span> <span class='ocrx_word' id='word_1_627' title='bbox 3282 4310 3621 4391; x_wconf 87' lang='lat' dir='ltr'><strong>justitiam.</strong></span> 
     </span>
    </p>

    <p class='ocr_par' dir='ltr' id='par_1_7' title="bbox 2637 4403 4077 4470">
     <span class='ocr_line' id='line_1_100' title="bbox 2637 4403 4077 4470; baseline 0.001 -5"><span class='ocrx_word' id='word_1_628' title='bbox 2637 4406 2867 4465; x_wconf 87' lang='lat' dir='ltr'><strong>Contra</strong></span> <span class='ocrx_word' id='word_1_629' title='bbox 2896 4403 3060 4466; x_wconf 91' lang='lat' dir='ltr'><strong>hauc</strong></span> <span class='ocrx_word' id='word_1_630' title='bbox 3074 4405 3322 4466; x_wconf 83' lang='lat' dir='ltr'><strong>Molinae</strong></span> <span class='ocrx_word' id='word_1_631' title='bbox 3351 4407 3744 4468; x_wconf 77' lang='lat' dir='ltr'><strong>seutentiam</strong></span> <span class='ocrx_word' id='word_1_632' title='bbox 3764 4410 3986 4470; x_wconf 72' lang='lat' dir='ltr'><strong>acriter</strong></span> <span class='ocrx_word' id='word_1_633' title='bbox 4008 4408 4077 4467; x_wconf 76' lang='lat' dir='ltr'><strong>in·</strong></span> 
     </span>
    </p>
   </div>
   <div class='ocr_carea' id='block_1_5' title="bbox 4116 3154 4168 3261">
    <p class='ocr_par' dir='ltr' id='par_1_8' title="bbox 4116 3154 4168 3261">
     <span class='ocr_line' id='line_1_101' title="bbox 4116 3154 4168 3261; textangle 90"><span class='ocrx_word' id='word_1_634' title='bbox 4116 3154 4168 3261; x_wconf 57' lang='lat' dir='ltr'><strong>aa·</strong></span> 
     </span>
    </p>
   </div>
   <div class='ocr_carea' id='block_1_6' title="bbox 2544 4495 4083 5607">
    <p class='ocr_par' dir='ltr' id='par_1_9' title="bbox 2544 4495 4083 5607">
     <span class='ocr_line' id='line_1_102' title="bbox 2554 4495 4079 4579; baseline 0.003 -22"><span class='ocrx_word' id='word_1_635' title='bbox 2554 4495 2805 4557; x_wconf 77' lang='lat' dir='ltr'><strong>vehitur</strong></span> <span class='ocrx_word' id='word_1_636' title='bbox 2821 4496 3155 4558; x_wconf 88' lang='lat' dir='ltr'><strong>novissime</strong></span> <span class='ocrx_word' id='word_1_637' title='bbox 3168 4498 3455 4575; x_wconf 86' lang='lat' dir='ltr'><strong>Fagund.</strong></span> <span class='ocrx_word' id='word_1_638' title='bbox 3477 4508 3807 4579; x_wconf 64' lang='lat' dir='ltr'><strong>praecepto</strong></span> <span class='ocrx_word' id='word_1_639' title='bbox 3822 4504 3976 4564; x_wconf 72' lang='lat' dir='ltr'><strong>vlu.</strong></span> <span class='ocrx_word' id='word_1_640' title='bbox 3992 4501 4079 4562; x_wconf 71' lang='lat' dir='ltr'><strong>De·</strong></span> 
     </span>
     <span class='ocr_line' id='line_1_103' title="bbox 2554 4588 4079 4672; baseline 0.002 -22"><span class='ocrx_word' id='word_1_641' title='bbox 2554 4588 2742 4668; x_wconf 73' lang='lat' dir='ltr'><strong>caloq.</strong></span> <span class='ocrx_word' id='word_1_642' title='bbox 2779 4608 2833 4651; x_wconf 90' lang='lat' dir='ltr'><strong>c.</strong></span> <span class='ocrx_word' id='word_1_643' title='bbox 2859 4607 3004 4651; x_wconf 69' lang='lat' dir='ltr'><strong>nn.</strong></span> <span class='ocrx_word' id='word_1_644' title='bbox 3040 4609 3101 4650; x_wconf 91' lang='grc'><strong>0.</strong></span> <span class='ocrx_word' id='word_1_645' title='bbox 3129 4594 3227 4652; x_wconf 83' lang='grc'><strong>11.</strong></span> <span class='ocrx_word' id='word_1_646' title='bbox 3259 4595 3324 4651; x_wconf 89' lang='grc'><strong>01</strong></span> <span class='ocrx_word' id='word_1_647' title='bbox 3338 4610 3517 4672; x_wconf 86' lang='lat' dir='ltr'><strong>seqq.</strong></span> <span class='ocrx_word' id='word_1_648' title='bbox 3546 4592 3726 4654; x_wconf 88' lang='lat' dir='ltr'><strong>illam</strong></span> <span class='ocrx_word' id='word_1_649' title='bbox 3744 4598 3985 4656; x_wconf 74' lang='lat' dir='ltr'><strong>noviter</strong></span> <span class='ocrx_word' id='word_1_650' title='bbox 4010 4604 4079 4653; x_wconf 73' lang='lat' dir='ltr'><strong>ta·</strong></span> 
     </span>
     <span class='ocr_line' id='line_1_104' title="bbox 2554 4683 4079 4765; baseline 0.002 -22"><span class='ocrx_word' id='word_1_651' title='bbox 2554 4701 2698 4743; x_wconf 88' lang='lat' dir='ltr'><strong>men</strong></span> <span class='ocrx_word' id='word_1_652' title='bbox 2718 4683 3061 4744; x_wconf 84' lang='lat' dir='ltr'><strong>defendunt</strong></span> <span class='ocrx_word' id='word_1_653' title='bbox 3075 4683 3401 4759; x_wconf 85' lang='lat' dir='ltr'><strong>alii,Joan.</strong></span> <span class='ocrx_word' id='word_1_654' title='bbox 3424 4685 3501 4744; x_wconf 92' lang='lat' dir='ltr'><strong>de</strong></span> <span class='ocrx_word' id='word_1_655' title='bbox 3519 4685 3789 4765; x_wconf 83' lang='lat' dir='ltr'><strong>laCruz,</strong></span> <span class='ocrx_word' id='word_1_656' title='bbox 3810 4690 4079 4750; x_wconf 59' lang='lat' dir='ltr'><strong>Sili-insa</strong></span> 
     </span>
     <span class='ocr_line' id='line_1_105' title="bbox 2560 4776 4075 4857; baseline 0.001 -19"><span class='ocrx_word' id='word_1_657' title='bbox 2560 4776 2921 4855; x_wconf 85' lang='lat' dir='ltr'><strong>Pitigianus,</strong></span> <span class='ocrx_word' id='word_1_658' title='bbox 2956 4794 3111 4854; x_wconf 88' lang='lat' dir='ltr'><strong>quos</strong></span> <span class='ocrx_word' id='word_1_659' title='bbox 3143 4776 3326 4838; x_wconf 83' lang='lat' dir='ltr'><strong>affert</strong></span> <span class='ocrx_word' id='word_1_660' title='bbox 3357 4781 3421 4839; x_wconf 91' lang='lat' dir='ltr'><strong>et</strong></span> <span class='ocrx_word' id='word_1_661' title='bbox 3448 4779 3751 4857; x_wconf 87' lang='lat' dir='ltr'><strong>sequitur</strong></span> <span class='ocrx_word' id='word_1_662' title='bbox 3777 4783 3973 4842; x_wconf 82' lang='lat' dir='ltr'><strong>Diana</strong></span> <span class='ocrx_word' id='word_1_663' title='bbox 3996 4782 4075 4841; x_wconf 86' lang='grc' dir='ltr'><strong>ΠΙ.</strong></span> 
     </span>
     <span class='ocr_line' id='line_1_106' title="bbox 2554 4869 4081 4954; baseline 0.001 -24"><span class='ocrx_word' id='word_1_664' title='bbox 2554 4874 2715 4949; x_wconf 91' lang='lat' dir='ltr'><strong>part.</strong></span> <span class='ocrx_word' id='word_1_665' title='bbox 2750 4874 2931 4931; x_wconf 88' lang='lat' dir='ltr'><strong>tract.</strong></span> <span class='ocrx_word' id='word_1_666' title='bbox 2968 4887 3026 4930; x_wconf 79' lang='lat' dir='ltr'><strong>v.</strong></span> <span class='ocrx_word' id='word_1_667' title='bbox 3062 4869 3299 4931; x_wconf 62' lang='lat' dir='ltr'><strong>miscell.</strong></span> <span class='ocrx_word' id='word_1_668' title='bbox 3333 4886 3458 4933; x_wconf 68' lang='grc'>100.</span> <span class='ocrx_word' id='word_1_669' title='bbox 3494 4874 3631 4934; x_wconf 82' lang='grc'>101.</span> <span class='ocrx_word' id='word_1_670' title='bbox 3702 4876 3835 4935; x_wconf 85' lang='lat' dir='ltr'><strong>Nec</strong></span> <span class='ocrx_word' id='word_1_671' title='bbox 3864 4877 4081 4954; x_wconf 73' lang='lat' dir='ltr'><strong>Pagan-</strong></span> 
     </span>
     <span class='ocr_line' id='line_1_107' title="bbox 2556 4962 4083 5043; baseline 0.003 -20"><span class='ocrx_word' id='word_1_672' title='bbox 2556 4964 2669 5025; x_wconf 89' lang='lat' dir='ltr'><strong>dez</strong></span> <span class='ocrx_word' id='word_1_673' title='bbox 2702 4962 2941 5041; x_wconf 83' lang='lat' dir='ltr'><strong>aliquid</strong></span> <span class='ocrx_word' id='word_1_674' title='bbox 2972 4964 3152 5023; x_wconf 80' lang='lat' dir='ltr'><strong>affert</strong></span> <span class='ocrx_word' id='word_1_675' title='bbox 3180 4964 3353 5043; x_wconf 89' lang='lat' dir='ltr'><strong>quod</strong></span> <span class='ocrx_word' id='word_1_676' title='bbox 3396 4983 3567 5026; x_wconf 76' lang='lat' dir='ltr'><strong>nova</strong></span> <span class='ocrx_word' id='word_1_677' title='bbox 3595 4967 3919 5030; x_wconf 85' lang='lat' dir='ltr'><strong>solutione</strong></span> <span class='ocrx_word' id='word_1_678' title='bbox 3948 4968 4083 5027; x_wconf 81' lang='lat' dir='ltr'><strong>indi-</strong></span> 
     </span>
     <span class='ocr_line' id='line_1_108' title="bbox 2556 5055 4082 5135; baseline 0.001 -18"><span class='ocrx_word' id='word_1_679' title='bbox 2556 5059 2721 5135; x_wconf 89' lang='lat' dir='ltr'><strong>geat.</strong></span> <span class='ocrx_word' id='word_1_680' title='bbox 2753 5056 2968 5117; x_wconf 90' lang='lat' dir='ltr'><strong>Solum</strong></span> <span class='ocrx_word' id='word_1_681' title='bbox 2998 5056 3161 5116; x_wconf 89' lang='lat' dir='ltr'><strong>cuim</strong></span> <span class='ocrx_word' id='word_1_682' title='bbox 3193 5055 3487 5127; x_wconf 70' lang='lat' dir='ltr'><strong>dicitnu.</strong></span> <span class='ocrx_word' id='word_1_683' title='bbox 3526 5062 3622 5120; x_wconf 70' lang='lat'><strong>14.</strong></span> <span class='ocrx_word' id='word_1_684' title='bbox 3663 5060 3837 5122; x_wconf 84' lang='lat' dir='ltr'><strong>hanc</strong></span> <span class='ocrx_word' id='word_1_685' title='bbox 3866 5070 4082 5121; x_wconf 76' lang='lat' dir='ltr'><strong>seuten-</strong></span> 
     </span>
     <span class='ocr_line' id='line_1_109' title="bbox 2556 5149 4076 5232; baseline 0.001 -21"><span class='ocrx_word' id='word_1_686' title='bbox 2556 5150 2709 5212; x_wconf 90' lang='lat' dir='ltr'><strong>tiam</strong></span> <span class='ocrx_word' id='word_1_687' title='bbox 2738 5168 2873 5210; x_wconf 89' lang='lat' dir='ltr'><strong>esse</strong></span> <span class='ocrx_word' id='word_1_688' title='bbox 2896 5149 3257 5227; x_wconf 81' lang='lat' dir='ltr'><strong>reipublicae</strong></span> <span class='ocrx_word' id='word_1_689' title='bbox 3274 5150 3625 5213; x_wconf 87' lang='lat' dir='ltr'><strong>admodum</strong></span> <span class='ocrx_word' id='word_1_690' title='bbox 3646 5156 4076 5232; x_wconf 68' lang='lat' dir='ltr'><strong>perniciosum:</strong></span> 
     </span>
     <span class='ocr_line' id='line_1_110' title="bbox 2557 5242 4080 5322; baseline 0.002 -19"><span class='ocrx_word' id='word_1_691' title='bbox 2557 5261 2700 5304; x_wconf 91' lang='lat' dir='ltr'><strong>cum</strong></span> <span class='ocrx_word' id='word_1_692' title='bbox 2729 5243 2897 5303; x_wconf 89' lang='lat' dir='ltr'><strong>enim</strong></span> <span class='ocrx_word' id='word_1_693' title='bbox 2926 5242 3215 5304; x_wconf 88' lang='lat' dir='ltr'><strong>homines</strong></span> <span class='ocrx_word' id='word_1_694' title='bbox 3244 5245 3433 5322; x_wconf 90' lang='lat' dir='ltr'><strong>proni</strong></span> <span class='ocrx_word' id='word_1_695' title='bbox 3462 5246 3589 5308; x_wconf 89' lang='lat' dir='ltr'><strong>sint</strong></span> <span class='ocrx_word' id='word_1_696' title='bbox 3617 5247 3701 5307; x_wconf 87' lang='lat' dir='ltr'><strong>ad</strong></span> <span class='ocrx_word' id='word_1_697' title='bbox 3732 5250 3989 5311; x_wconf 80' lang='lat' dir='ltr'><strong>malum.</strong></span> <span class='ocrx_word' id='word_1_698' title='bbox 4016 5247 4080 5306; x_wconf 78' lang='lat' dir='ltr'><strong>ia—</strong></span> 
     </span>
     <span class='ocr_line' id='line_1_111' title="bbox 2556 5335 4074 5415; baseline 0.002 -19"><span class='ocrx_word' id='word_1_699' title='bbox 2556 5336 2672 5396; x_wconf 87' lang='grc'>0110</span> <span class='ocrx_word' id='word_1_700' title='bbox 2701 5336 2763 5395; x_wconf 87' lang='grc'><strong>10</strong></span> <span class='ocrx_word' id='word_1_701' title='bbox 2800 5335 3038 5414; x_wconf 90' lang='lat' dir='ltr'><strong>judicio</strong></span> <span class='ocrx_word' id='word_1_702' title='bbox 3088 5336 3226 5397; x_wconf 81' lang='lat' dir='ltr'><strong>aliis</strong></span> <span class='ocrx_word' id='word_1_703' title='bbox 3276 5338 3623 5415; x_wconf 87' lang='lat' dir='ltr'><strong>nocebunt,</strong></span> <span class='ocrx_word' id='word_1_704' title='bbox 3686 5346 3748 5401; x_wconf 82' lang='lat' dir='ltr'><strong>et</strong></span> <span class='ocrx_word' id='word_1_705' title='bbox 3795 5342 4005 5402; x_wconf 73' lang='lat' dir='ltr'><strong>dolose</strong></span> <span class='ocrx_word' id='word_1_706' title='bbox 4030 5360 4074 5399; x_wconf 76' lang='lat' dir='ltr'><strong>se</strong></span> 
     </span>
     <span class='ocr_line' id='line_1_112' title="bbox 2555 5429 4075 5515; baseline 0.003 -26"><span class='ocrx_word' id='word_1_707' title='bbox 2555 5429 2943 5490; x_wconf 83' lang='lat' dir='ltr'><strong>excusabunt</strong></span> <span class='ocrx_word' id='word_1_708' title='bbox 2986 5448 3023 5488; x_wconf 89' lang='lat' dir='ltr'><strong>a</strong></span> <span class='ocrx_word' id='word_1_709' title='bbox 3069 5430 3338 5492; x_wconf 84' lang='lat' dir='ltr'><strong>veritate</strong></span> <span class='ocrx_word' id='word_1_710' title='bbox 3391 5434 3719 5509; x_wconf 74' lang='lat' dir='ltr'><strong>testanda,</strong></span> <span class='ocrx_word' id='word_1_711' title='bbox 3770 5444 3839 5497; x_wconf 84' lang='lat' dir='ltr'><strong>et</strong></span> <span class='ocrx_word' id='word_1_712' title='bbox 3884 5436 4075 5515; x_wconf 60' lang='lat' dir='ltr'><strong>pei-ihu</strong></span> 
     </span>
     <span class='ocr_line' id='line_1_113' title="bbox 2544 5521 4071 5607; baseline 0.001 -23"><span class='ocrx_word' id='word_1_713' title='bbox 2544 5521 2807 5602; x_wconf 87' lang='lat' dir='ltr'><strong>justitia,</strong></span> <span class='ocrx_word' id='word_1_714' title='bbox 2839 5522 2951 5583; x_wconf 88' lang='lat' dir='ltr'><strong>nisi</strong></span> <span class='ocrx_word' id='word_1_715' title='bbox 2980 5522 3059 5583; x_wconf 89' lang='lat' dir='ltr'><strong>ad</strong></span> <span class='ocrx_word' id='word_1_716' title='bbox 3089 5525 3565 5603; x_wconf 81' lang='lat' dir='ltr'><strong>restitutionem</strong></span> <span class='ocrx_word' id='word_1_717' title='bbox 3592 5527 3971 5607; x_wconf 82' lang='lat' dir='ltr'><strong>obligentur.</strong></span> <span class='ocrx_word' id='word_1_718' title='bbox 3996 5528 4071 5589; x_wconf 72' lang='lat' dir='ltr'><strong>Ad</strong></span> 
     </span>
    </p>
   </div>
  </div>
 </body>
</html>
