<?xml version="1.0" encoding="UTF-8"?>
<!DOCTYPE html PUBLIC "-//W3C//DTD XHTML 1.0 Transitional//EN"
    "http://www.w3.org/TR/xhtml1/DTD/xhtml1-transitional.dtd">
<html xmlns="http://www.w3.org/1999/xhtml" xml:lang="en" lang="en">
 <head>
  <title>
</title>
<meta http-equiv="Content-Type" content="text/html;charset=utf-8" />
  <meta name='ocr-system' content='tesseract 3.04.00' />
  <meta name='ocr-capabilities' content='ocr_page ocr_carea ocr_par ocr_line ocrx_word'/>
</head>
<body>
  <div class='ocr_page' id='page_1' title='image "./joannisdelugodi00lugogoog_0227.png"; bbox 0 0 4263 6376; ppageno 0'>
   <div class='ocr_carea' id='block_1_1' title="bbox 118 2367 210 2424">
    <p class='ocr_par' dir='ltr' id='par_1_1' title="bbox 118 2367 210 2424">
     <span class='ocr_line' id='line_1_1' title="bbox 118 2367 210 2424; baseline -0.011 0"><span class='ocrx_word' id='word_1_1' title='bbox 118 2367 210 2424; x_wconf 78' lang='lat'><strong>116</strong></span> 
     </span>
    </p>
   </div>
   <div class='ocr_carea' id='block_1_2' title="bbox 66 2492 279 2747">
    <p class='ocr_par' dir='ltr' id='par_1_2' title="bbox 66 2492 279 2747">
     <span class='ocr_line' id='line_1_2' title="bbox 66 2492 244 2544; baseline -0.022 -9"><span class='ocrx_word' id='word_1_2' title='bbox 66 2493 109 2535; x_wconf 64' lang='lat' dir='ltr'><strong>Aa</strong></span> <span class='ocrx_word' id='word_1_3' title='bbox 134 2492 244 2544; x_wconf 65' lang='lat' dir='ltr'><strong>pouit</strong></span> 
     </span>
     <span class='ocr_line' id='line_1_3' title="bbox 92 2545 233 2593; baseline -0.007 -7"><span class='ocrx_word' id='word_1_4' title='bbox 92 2545 233 2593; x_wconf 60' lang='lat' dir='ltr'><strong>chami</strong></span> 
     </span>
     <span class='ocr_line' id='line_1_4' title="bbox 67 2597 279 2647; baseline -0.014 -6"><span class='ocrx_word' id='word_1_5' title='bbox 67 2597 279 2647; x_wconf 56' lang='lat' dir='ltr'><strong>maaria,</strong></span> 
     </span>
     <span class='ocr_line' id='line_1_5' title="bbox 66 2653 255 2700; baseline -0.026 -5"><span class='ocrx_word' id='word_1_6' title='bbox 66 2664 102 2695; x_wconf 72' lang='grc' dir='ltr'><strong>ιε</strong></span> <span class='ocrx_word' id='word_1_7' title='bbox 124 2653 255 2700; x_wconf 59' lang='lat' dir='ltr'><strong>real-i,</strong></span> 
     </span>
     <span class='ocr_line' id='line_1_6' title="bbox 83 2706 233 2747; baseline 0 0"><span class='ocrx_word' id='word_1_8' title='bbox 83 2707 141 2747; x_wconf 70' lang='lat' dir='ltr'><strong>nisi</strong></span> <span class='ocrx_word' id='word_1_9' title='bbox 171 2706 233 2747; x_wconf 73' lang='lat' dir='ltr'><strong>tali</strong></span> 
     </span>
    </p>
   </div>
   <div class='ocr_carea' id='block_1_3' title="bbox 67 4142 276 4416">
    <p class='ocr_par' dir='ltr' id='par_1_3' title="bbox 67 4142 276 4416">
     <span class='ocr_line' id='line_1_7' title="bbox 116 4142 203 4199; baseline -0.023 0"><span class='ocrx_word' id='word_1_10' title='bbox 116 4142 203 4199; x_wconf 68' lang='lat'><strong>1¹7</strong></span> 
     </span>
     <span class='ocr_line' id='line_1_8' title="bbox 76 4269 239 4329; baseline 0.006 -22"><span class='ocrx_word' id='word_1_11' title='bbox 76 4269 125 4307; x_wconf 73' lang='lat' dir='ltr'><strong>An</strong></span> <span class='ocrx_word' id='word_1_12' title='bbox 140 4269 239 4329; x_wconf 64' lang='lat' dir='ltr'><strong>liceat</strong></span> 
     </span>
     <span class='ocr_line' id='line_1_9' title="bbox 67 4329 276 4364; baseline 0.014 -3"><span class='ocrx_word' id='word_1_13' title='bbox 67 4332 114 4361; x_wconf 71' lang='grc' dir='ltr'><strong>Ιπ</strong></span> <span class='ocrx_word' id='word_1_14' title='bbox 130 4329 276 4364; x_wconf 63' lang='lat' dir='ltr'><strong>inlitum</strong></span> 
     </span>
     <span class='ocr_line' id='line_1_10' title="bbox 77 4383 252 4416; baseline 0.006 -1"><span class='ocrx_word' id='word_1_15' title='bbox 77 4383 166 4415; x_wconf 68' lang='grc' dir='ltr'>ῒεΐικ</span> <span class='ocrx_word' id='word_1_16' title='bbox 195 4384 230 4416; x_wconf 74' lang='lat' dir='ltr'><strong>ut</strong></span> <span class='ocrx_word' id='word_1_17' title='bbox 243 4405 252 4415; x_wconf 91' lang='lat'><em>.</em></span> 
     </span>
    </p>
   </div>
   <div class='ocr_carea' id='block_1_4' title="bbox 96 4493 225 4524">
    <p class='ocr_par' dir='ltr' id='par_1_4' title="bbox 96 4493 225 4524">
     <span class='ocr_line' id='line_1_11' title="bbox 96 4493 225 4524; baseline 0.031 -3"><span class='ocrx_word' id='word_1_18' title='bbox 96 4493 225 4524; x_wconf 58' lang='lat' dir='ltr'><strong>hom.</strong></span> 
     </span>
    </p>
   </div>
   <div class='ocr_carea' id='block_1_5' title="bbox 1334 332 2532 408">
    <p class='ocr_par' dir='ltr' id='par_1_5' title="bbox 1334 332 2532 408">
     <span class='ocr_line' id='line_1_12' title="bbox 1334 332 2532 408; baseline 0.004 -17"><span class='ocrx_word' id='word_1_19' title='bbox 1334 332 1803 393; x_wconf 83' lang='lat' dir='ltr'>DISPUTATIO</span> <span class='ocrx_word' id='word_1_20' title='bbox 1847 332 2034 408; x_wconf 86' lang='lat' dir='ltr'>XXV,</span> <span class='ocrx_word' id='word_1_21' title='bbox 2085 332 2358 394; x_wconf 81' lang='lat' dir='ltr'>SECTIO</span> <span class='ocrx_word' id='word_1_22' title='bbox 2403 332 2532 396; x_wconf 86' lang='lat' dir='ltr'><strong>vll.</strong></span> 
     </span>
    </p>
   </div>
   <div class='ocr_carea' id='block_1_6' title="bbox 315 505 1869 5402">
    <p class='ocr_par' dir='ltr' id='par_1_6' title="bbox 326 505 1869 2334">
     <span class='ocr_line' id='line_1_13' title="bbox 342 505 1866 586; baseline 0 -19"><span class='ocrx_word' id='word_1_23' title='bbox 342 506 510 568; x_wconf 89' lang='lat' dir='ltr'><strong>enim</strong></span> <span class='ocrx_word' id='word_1_24' title='bbox 539 505 833 585; x_wconf 81' lang='lat' dir='ltr'>obligatio</span> <span class='ocrx_word' id='word_1_25' title='bbox 862 506 1217 585; x_wconf 76' lang='lat' dir='ltr'><strong>exigeretur</strong></span> <span class='ocrx_word' id='word_1_26' title='bbox 1242 525 1432 585; x_wconf 87' lang='lat' dir='ltr'><strong>supra</strong></span> <span class='ocrx_word' id='word_1_27' title='bbox 1453 508 1691 586; x_wconf 88' lang='lat' dir='ltr'><strong>justum</strong></span> <span class='ocrx_word' id='word_1_28' title='bbox 1721 525 1866 586; x_wconf 83' lang='lat' dir='ltr'><strong>pre-</strong></span> 
     </span>
     <span class='ocr_line' id='line_1_14' title="bbox 341 599 1869 670; baseline -0.001 -11"><span class='ocrx_word' id='word_1_29' title='bbox 341 600 519 660; x_wconf 90' lang='lat' dir='ltr'><strong>tium.</strong></span> <span class='ocrx_word' id='word_1_30' title='bbox 554 602 754 670; x_wconf 83' lang='lat' dir='ltr'><strong>Quare</strong></span> <span class='ocrx_word' id='word_1_31' title='bbox 780 599 931 659; x_wconf 89' lang='lat' dir='ltr'><strong>dicit</strong></span> <span class='ocrx_word' id='word_1_32' title='bbox 959 618 1093 659; x_wconf 92' lang='grc'>0550</span> <span class='ocrx_word' id='word_1_33' title='bbox 1124 600 1448 659; x_wconf 82' lang='lat' dir='ltr'><strong>formalem</strong></span> <span class='ocrx_word' id='word_1_34' title='bbox 1481 604 1869 661; x_wconf 83' lang='lat' dir='ltr'><strong>contractum</strong></span> 
     </span>
     <span class='ocr_line' id='line_1_15' title="bbox 339 691 1868 770; baseline -0.001 -19"><span class='ocrx_word' id='word_1_35' title='bbox 339 692 560 767; x_wconf 88' lang='lat' dir='ltr'><strong>mutui,</strong></span> <span class='ocrx_word' id='word_1_36' title='bbox 593 692 704 752; x_wconf 87' lang='lat' dir='ltr'><strong>etsi</strong></span> <span class='ocrx_word' id='word_1_37' title='bbox 737 691 1035 769; x_wconf 80' lang='lat' dir='ltr'><strong>implicite</strong></span> <span class='ocrx_word' id='word_1_38' title='bbox 1067 691 1488 752; x_wconf 83' lang='lat' dir='ltr'><strong>venditionem</strong></span> <span class='ocrx_word' id='word_1_39' title='bbox 1523 698 1584 753; x_wconf 86' lang='grc'><strong>01</strong></span> <span class='ocrx_word' id='word_1_40' title='bbox 1612 692 1868 770; x_wconf 86' lang='lat' dir='ltr'><strong>emptio-</strong></span> 
     </span>
     <span class='ocr_line' id='line_1_16' title="bbox 338 784 1868 845; baseline -0.001 -1"><span class='ocrx_word' id='word_1_41' title='bbox 338 804 482 845; x_wconf 88' lang='lat' dir='ltr'><strong>nem</strong></span> <span class='ocrx_word' id='word_1_42' title='bbox 511 786 844 845; x_wconf 87' lang='lat' dir='ltr'><strong>contineat.</strong></span> <span class='ocrx_word' id='word_1_43' title='bbox 904 786 1061 845; x_wconf 87' lang='lat' dir='ltr'><strong>Tota</strong></span> <span class='ocrx_word' id='word_1_44' title='bbox 1110 784 1243 845; x_wconf 79' lang='lat' dir='ltr'><strong>haec</strong></span> <span class='ocrx_word' id='word_1_45' title='bbox 1289 784 1589 844; x_wconf 79' lang='lat' dir='ltr'><strong>dissensio</strong></span> <span class='ocrx_word' id='word_1_46' title='bbox 1621 784 1868 845; x_wconf 81' lang='lat' dir='ltr'><strong>estsere</strong></span> 
     </span>
     <span class='ocr_line' id='line_1_17' title="bbox 339 877 1868 956; baseline -0.001 -19"><span class='ocrx_word' id='word_1_47' title='bbox 339 878 416 937; x_wconf 90' lang='lat' dir='ltr'><strong>de</strong></span> <span class='ocrx_word' id='word_1_48' title='bbox 464 878 712 937; x_wconf 88' lang='lat' dir='ltr'><strong>nomine</strong></span> <span class='ocrx_word' id='word_1_49' title='bbox 762 882 825 938; x_wconf 89' lang='lat' dir='ltr'><strong>et</strong></span> <span class='ocrx_word' id='word_1_50' title='bbox 851 877 1026 956; x_wconf 82' lang='lat' dir='ltr'><strong>parvi</strong></span> <span class='ocrx_word' id='word_1_51' title='bbox 1072 877 1406 948; x_wconf 88' lang='lat' dir='ltr'><strong>momenti;</strong></span> <span class='ocrx_word' id='word_1_52' title='bbox 1460 896 1606 936; x_wconf 89' lang='lat' dir='ltr'><strong>nam</strong></span> <span class='ocrx_word' id='word_1_53' title='bbox 1635 877 1686 937; x_wconf 92' lang='lat' dir='ltr'><strong>si</strong></span> <span class='ocrx_word' id='word_1_54' title='bbox 1714 877 1868 937; x_wconf 85' lang='lat' dir='ltr'><strong>velis</strong></span> 
     </span>
     <span class='ocr_line' id='line_1_18' title="bbox 338 970 1869 1049; baseline -0.001 -19"><span class='ocrx_word' id='word_1_55' title='bbox 338 972 587 1031; x_wconf 87' lang='lat' dir='ltr'><strong>nomine</strong></span> <span class='ocrx_word' id='word_1_56' title='bbox 642 971 843 1032; x_wconf 90' lang='lat' dir='ltr'><strong>mutui</strong></span> <span class='ocrx_word' id='word_1_57' title='bbox 896 970 1154 1048; x_wconf 83' lang='lat' dir='ltr'><strong>intelligi</strong></span> <span class='ocrx_word' id='word_1_58' title='bbox 1192 970 1430 1045; x_wconf 89' lang='lat' dir='ltr'><strong>solum,</strong></span> <span class='ocrx_word' id='word_1_59' title='bbox 1482 970 1732 1049; x_wconf 91' lang='lat' dir='ltr'><strong>quando</strong></span> <span class='ocrx_word' id='word_1_60' title='bbox 1775 974 1869 1029; x_wconf 89' lang='lat' dir='ltr'><strong>est</strong></span> 
     </span>
     <span class='ocr_line' id='line_1_19' title="bbox 336 1063 1869 1142; baseline -0.002 -18"><span class='ocrx_word' id='word_1_61' title='bbox 336 1064 633 1142; x_wconf 78' lang='lat' dir='ltr'><strong>obligatio</strong></span> <span class='ocrx_word' id='word_1_62' title='bbox 662 1063 968 1124; x_wconf 87' lang='lat' dir='ltr'><strong>reddendi</strong></span> <span class='ocrx_word' id='word_1_63' title='bbox 993 1064 1385 1124; x_wconf 83' lang='lat' dir='ltr'><strong>tantumdem</strong></span> <span class='ocrx_word' id='word_1_64' title='bbox 1406 1064 1469 1122; x_wconf 91' lang='lat' dir='ltr'><strong>in</strong></span> <span class='ocrx_word' id='word_1_65' title='bbox 1484 1064 1704 1123; x_wconf 88' lang='lat' dir='ltr'><strong>eadem</strong></span> <span class='ocrx_word' id='word_1_66' title='bbox 1733 1081 1869 1141; x_wconf 89' lang='lat' dir='ltr'><strong>spe·</strong></span> 
     </span>
     <span class='ocr_line' id='line_1_20' title="bbox 336 1155 1867 1235; baseline -0.002 -18"><span class='ocrx_word' id='word_1_67' title='bbox 336 1158 428 1217; x_wconf 88' lang='lat' dir='ltr'><strong>cie</strong></span> <span class='ocrx_word' id='word_1_68' title='bbox 450 1205 465 1233; x_wconf 94' lang='lat'><strong>,</strong></span> <span class='ocrx_word' id='word_1_69' title='bbox 520 1158 670 1217; x_wconf 86' lang='lat' dir='ltr'><strong>illud</strong></span> <span class='ocrx_word' id='word_1_70' title='bbox 713 1177 833 1217; x_wconf 90' lang='grc'><strong>000</strong></span> <span class='ocrx_word' id='word_1_71' title='bbox 867 1158 1333 1228; x_wconf 86' lang='lat' dir='ltr'><strong>e1·itmutuum;</strong></span> <span class='ocrx_word' id='word_1_72' title='bbox 1385 1156 1670 1235; x_wconf 91' lang='lat' dir='ltr'><strong>quamvis</strong></span> <span class='ocrx_word' id='word_1_73' title='bbox 1700 1155 1867 1215; x_wconf 91' lang='lat' dir='ltr'><strong>enim</strong></span> 
     </span>
     <span class='ocr_line' id='line_1_21' title="bbox 335 1249 1866 1325; baseline -0.002 -15"><span class='ocrx_word' id='word_1_74' title='bbox 335 1250 727 1310; x_wconf 87' lang='lat' dir='ltr'><strong>reddendum</strong></span> <span class='ocrx_word' id='word_1_75' title='bbox 770 1251 848 1311; x_wconf 90' lang='lat' dir='ltr'><strong>sit</strong></span> <span class='ocrx_word' id='word_1_76' title='bbox 885 1250 1279 1311; x_wconf 83' lang='lat' dir='ltr'><strong>tantumdem</strong></span> <span class='ocrx_word' id='word_1_77' title='bbox 1326 1250 1385 1308; x_wconf 91' lang='lat' dir='ltr'><strong>in</strong></span> <span class='ocrx_word' id='word_1_78' title='bbox 1433 1249 1643 1309; x_wconf 85' lang='lat' dir='ltr'><strong>valore</strong></span> <span class='ocrx_word' id='word_1_79' title='bbox 1673 1295 1688 1325; x_wconf 90' lang='lat'><strong>,</strong></span> <span class='ocrx_word' id='word_1_80' title='bbox 1741 1266 1866 1307; x_wconf 90' lang='grc'><strong>000</strong></span> 
     </span>
     <span class='ocr_line' id='line_1_22' title="bbox 334 1341 1866 1420; baseline -0.001 -17"><span class='ocrx_word' id='word_1_81' title='bbox 334 1348 541 1403; x_wconf 85' lang='lat' dir='ltr'><strong>tamen</strong></span> <span class='ocrx_word' id='word_1_82' title='bbox 593 1342 986 1404; x_wconf 88' lang='lat' dir='ltr'><strong>tantumdem</strong></span> <span class='ocrx_word' id='word_1_83' title='bbox 1029 1341 1312 1420; x_wconf 87' lang='lat' dir='ltr'><strong>ejusdem</strong></span> <span class='ocrx_word' id='word_1_84' title='bbox 1353 1341 1612 1420; x_wconf 89' lang='lat' dir='ltr'><strong>speciei;</strong></span> <span class='ocrx_word' id='word_1_85' title='bbox 1672 1358 1866 1420; x_wconf 86' lang='lat' dir='ltr'><strong>quare</strong></span> 
     </span>
     <span class='ocr_line' id='line_1_23' title="bbox 333 1434 1863 1514; baseline -0.002 -19"><span class='ocrx_word' id='word_1_86' title='bbox 333 1436 539 1514; x_wconf 89' lang='lat' dir='ltr'><strong>potius</strong></span> <span class='ocrx_word' id='word_1_87' title='bbox 566 1436 1056 1496; x_wconf 82' lang='lat' dir='ltr'><strong>eritcontractus</strong></span> <span class='ocrx_word' id='word_1_88' title='bbox 1083 1434 1507 1495; x_wconf 81' lang='lat' dir='ltr'><strong>innominatus</strong></span> <span class='ocrx_word' id='word_1_89' title='bbox 1534 1434 1762 1494; x_wconf 84' lang='lat' dir='ltr'><strong>mixtus</strong></span> <span class='ocrx_word' id='word_1_90' title='bbox 1792 1451 1863 1492; x_wconf 87' lang='lat' dir='ltr'><strong>ex</strong></span> 
     </span>
     <span class='ocr_line' id='line_1_24' title="bbox 333 1526 1860 1608; baseline -0.001 -20"><span class='ocrx_word' id='word_1_91' title='bbox 333 1529 791 1608; x_wconf 82' lang='lat' dir='ltr'><strong>permutatione</strong></span> <span class='ocrx_word' id='word_1_92' title='bbox 820 1527 1112 1587; x_wconf 87' lang='lat' dir='ltr'><strong>inchoata</strong></span> <span class='ocrx_word' id='word_1_93' title='bbox 1140 1532 1203 1587; x_wconf 93' lang='lat' dir='ltr'><strong>et</strong></span> <span class='ocrx_word' id='word_1_94' title='bbox 1229 1533 1445 1588; x_wconf 86' lang='lat' dir='ltr'><strong>mutuo</strong></span> <span class='ocrx_word' id='word_1_95' title='bbox 1474 1526 1860 1605; x_wconf 76' lang='lat' dir='ltr'><strong>imperfecto·</strong></span> 
     </span>
     <span class='ocr_line' id='line_1_25' title="bbox 334 1619 1866 1697; baseline -0.003 -15"><span class='ocrx_word' id='word_1_96' title='bbox 334 1623 398 1683; x_wconf 89' lang='lat' dir='ltr'><strong>Si</strong></span> <span class='ocrx_word' id='word_1_97' title='bbox 419 1639 569 1681; x_wconf 85' lang='lat' dir='ltr'><strong>vero</strong></span> <span class='ocrx_word' id='word_1_98' title='bbox 601 1620 852 1681; x_wconf 89' lang='lat' dir='ltr'><strong>nomine</strong></span> <span class='ocrx_word' id='word_1_99' title='bbox 883 1619 1080 1680; x_wconf 88' lang='lat' dir='ltr'><strong>mutui</strong></span> <span class='ocrx_word' id='word_1_100' title='bbox 1122 1619 1523 1697; x_wconf 89' lang='lat' dir='ltr'><strong>intelligatur,</strong></span> <span class='ocrx_word' id='word_1_101' title='bbox 1578 1619 1866 1697; x_wconf 89' lang='lat' dir='ltr'><strong>quando-</strong></span> 
     </span>
     <span class='ocr_line' id='line_1_26' title="bbox 332 1711 1867 1795; baseline -0.003 -20"><span class='ocrx_word' id='word_1_102' title='bbox 332 1733 602 1795; x_wconf 83' lang='lat' dir='ltr'><strong>cumque</strong></span> <span class='ocrx_word' id='word_1_103' title='bbox 631 1718 726 1775; x_wconf 87' lang='lat' dir='ltr'><strong>est</strong></span> <span class='ocrx_word' id='word_1_104' title='bbox 766 1713 1063 1790; x_wconf 80' lang='lat' dir='ltr'><strong>obligatio</strong></span> <span class='ocrx_word' id='word_1_105' title='bbox 1111 1712 1392 1772; x_wconf 88' lang='lat' dir='ltr'><strong>solvendi</strong></span> <span class='ocrx_word' id='word_1_106' title='bbox 1420 1715 1638 1791; x_wconf 88' lang='lat' dir='ltr'><strong>postea</strong></span> <span class='ocrx_word' id='word_1_107' title='bbox 1667 1711 1729 1771; x_wconf 91' lang='lat' dir='ltr'><strong>in</strong></span> <span class='ocrx_word' id='word_1_108' title='bbox 1760 1730 1867 1770; x_wconf 88' lang='lat' dir='ltr'><strong>ea-</strong></span> 
     </span>
     <span class='ocr_line' id='line_1_27' title="bbox 331 1803 1866 1886; baseline -0.004 -16"><span class='ocrx_word' id='word_1_109' title='bbox 331 1811 470 1870; x_wconf 89' lang='lat' dir='ltr'><strong>dem</strong></span> <span class='ocrx_word' id='word_1_110' title='bbox 512 1808 754 1886; x_wconf 87' lang='lat' dir='ltr'><strong>specic,</strong></span> <span class='ocrx_word' id='word_1_111' title='bbox 804 1805 950 1866; x_wconf 90' lang='lat' dir='ltr'><strong>licet</strong></span> <span class='ocrx_word' id='word_1_112' title='bbox 990 1824 1114 1865; x_wconf 91' lang='lat' dir='ltr'><strong>non</strong></span> <span class='ocrx_word' id='word_1_113' title='bbox 1155 1805 1219 1865; x_wconf 89' lang='lat' dir='ltr'><strong>in</strong></span> <span class='ocrx_word' id='word_1_114' title='bbox 1261 1805 1482 1865; x_wconf 88' lang='lat' dir='ltr'><strong>eadem</strong></span> <span class='ocrx_word' id='word_1_115' title='bbox 1521 1803 1866 1883; x_wconf 87' lang='lat' dir='ltr'><strong>quantitate</strong></span> 
     </span>
     <span class='ocr_line' id='line_1_28' title="bbox 329 1898 1868 1977; baseline -0.004 -14"><span class='ocrx_word' id='word_1_116' title='bbox 329 1901 672 1977; x_wconf 85' lang='lat' dir='ltr'><strong>materiali,</strong></span> <span class='ocrx_word' id='word_1_117' title='bbox 746 1899 858 1959; x_wconf 88' lang='lat' dir='ltr'><strong>sed</strong></span> <span class='ocrx_word' id='word_1_118' title='bbox 904 1898 1103 1959; x_wconf 89' lang='lat' dir='ltr'><strong>solum</strong></span> <span class='ocrx_word' id='word_1_119' title='bbox 1149 1898 1214 1958; x_wconf 91' lang='lat' dir='ltr'><strong>in</strong></span> <span class='ocrx_word' id='word_1_120' title='bbox 1254 1898 1476 1958; x_wconf 86' lang='lat' dir='ltr'><strong>eadem</strong></span> <span class='ocrx_word' id='word_1_121' title='bbox 1523 1898 1868 1958; x_wconf 83' lang='lat' dir='ltr'><strong>formaliter</strong></span> 
     </span>
     <span class='ocr_line' id='line_1_29' title="bbox 329 1989 1865 2070; baseline -0.004 -15"><span class='ocrx_word' id='word_1_122' title='bbox 329 1994 726 2055; x_wconf 87' lang='lat' dir='ltr'><strong>considerata</strong></span> <span class='ocrx_word' id='word_1_123' title='bbox 758 1992 966 2070; x_wconf 87' lang='lat' dir='ltr'><strong>quoad</strong></span> <span class='ocrx_word' id='word_1_124' title='bbox 996 1990 1292 2066; x_wconf 86' lang='lat' dir='ltr'><strong>valorem,</strong></span> <span class='ocrx_word' id='word_1_125' title='bbox 1326 1990 1555 2068; x_wconf 87' lang='lat' dir='ltr'><strong>poterit</strong></span> <span class='ocrx_word' id='word_1_126' title='bbox 1582 1989 1702 2050; x_wconf 85' lang='lat' dir='ltr'><strong>hoc</strong></span> <span class='ocrx_word' id='word_1_127' title='bbox 1730 2008 1865 2049; x_wconf 90' lang='lat' dir='ltr'><strong>esse</strong></span> 
     </span>
     <span class='ocr_line' id='line_1_30' title="bbox 327 2082 1866 2150; baseline -0.005 -1"><span class='ocrx_word' id='word_1_128' title='bbox 327 2094 619 2150; x_wconf 89' lang='grc'>01010001</span> <span class='ocrx_word' id='word_1_129' title='bbox 666 2103 810 2146; x_wconf 90' lang='lat' dir='ltr'><strong>cum</strong></span> <span class='ocrx_word' id='word_1_130' title='bbox 857 2084 1038 2144; x_wconf 88' lang='lat' dir='ltr'><strong>detur</strong></span> <span class='ocrx_word' id='word_1_131' title='bbox 1083 2101 1249 2143; x_wconf 90' lang='lat' dir='ltr'><strong>nunc</strong></span> <span class='ocrx_word' id='word_1_132' title='bbox 1285 2083 1557 2144; x_wconf 86' lang='lat' dir='ltr'><strong>triticum</strong></span> <span class='ocrx_word' id='word_1_133' title='bbox 1600 2082 1866 2142; x_wconf 89' lang='lat' dir='ltr'><strong>redden-</strong></span> 
     </span>
     <span class='ocr_line' id='line_1_31' title="bbox 327 2174 1865 2254; baseline -0.004 -13"><span class='ocrx_word' id='word_1_134' title='bbox 327 2182 475 2241; x_wconf 88' lang='lat' dir='ltr'><strong>dum</strong></span> <span class='ocrx_word' id='word_1_135' title='bbox 508 2181 574 2240; x_wconf 88' lang='lat' dir='ltr'><strong>in</strong></span> <span class='ocrx_word' id='word_1_136' title='bbox 604 2178 826 2239; x_wconf 88' lang='lat' dir='ltr'><strong>eadem</strong></span> <span class='ocrx_word' id='word_1_137' title='bbox 853 2176 1061 2254; x_wconf 86' lang='lat' dir='ltr'><strong>specie</strong></span> <span class='ocrx_word' id='word_1_138' title='bbox 1092 2180 1152 2235; x_wconf 90' lang='lat' dir='ltr'><strong>et</strong></span> <span class='ocrx_word' id='word_1_139' title='bbox 1180 2175 1461 2236; x_wconf 84' lang='lat' dir='ltr'><strong>bonitate</strong></span> <span class='ocrx_word' id='word_1_140' title='bbox 1484 2222 1498 2251; x_wconf 95' lang='lat'><strong>,</strong></span> <span class='ocrx_word' id='word_1_141' title='bbox 1560 2179 1622 2235; x_wconf 91' lang='lat' dir='ltr'><strong>et</strong></span> <span class='ocrx_word' id='word_1_142' title='bbox 1668 2174 1731 2233; x_wconf 88' lang='lat' dir='ltr'><strong>in</strong></span> <span class='ocrx_word' id='word_1_143' title='bbox 1761 2193 1865 2235; x_wconf 88' lang='lat' dir='ltr'><strong>ea—</strong></span> 
     </span>
     <span class='ocr_line' id='line_1_32' title="bbox 326 2268 1073 2334; baseline -0.005 0"><span class='ocrx_word' id='word_1_144' title='bbox 326 2274 470 2334; x_wconf 88' lang='lat' dir='ltr'><strong>dem</strong></span> <span class='ocrx_word' id='word_1_145' title='bbox 495 2288 796 2333; x_wconf 88' lang='lat' dir='ltr'><strong>mensura</strong></span> <span class='ocrx_word' id='word_1_146' title='bbox 822 2268 1073 2330; x_wconf 76' lang='lat' dir='ltr'><strong>valoris·</strong></span> 
     </span>
    </p>

    <p class='ocr_par' dir='ltr' id='par_1_7' title="bbox 316 2359 1864 4100">
     <span class='ocr_line' id='line_1_33' title="bbox 407 2359 1864 2439; baseline -0.005 -12"><span class='ocrx_word' id='word_1_147' title='bbox 407 2367 646 2439; x_wconf 83' lang='lat' dir='ltr'><strong>Quarto</strong></span> <span class='ocrx_word' id='word_1_148' title='bbox 694 2367 935 2424; x_wconf 88' lang='lat' dir='ltr'><strong>certum</strong></span> <span class='ocrx_word' id='word_1_149' title='bbox 980 2361 1260 2436; x_wconf 88' lang='lat' dir='ltr'><strong>videtur,</strong></span> <span class='ocrx_word' id='word_1_150' title='bbox 1295 2379 1421 2420; x_wconf 92' lang='lat' dir='ltr'><strong>non</strong></span> <span class='ocrx_word' id='word_1_151' title='bbox 1468 2378 1650 2438; x_wconf 84' lang='lat' dir='ltr'><strong>posse</strong></span> <span class='ocrx_word' id='word_1_152' title='bbox 1697 2359 1864 2420; x_wconf 87' lang='lat' dir='ltr'><strong>licite</strong></span> 
     </span>
     <span class='ocr_line' id='line_1_34' title="bbox 329 2453 1863 2537; baseline -0.005 -16"><span class='ocrx_word' id='word_1_153' title='bbox 329 2459 598 2537; x_wconf 86' lang='lat' dir='ltr'><strong>obligari</strong></span> <span class='ocrx_word' id='word_1_154' title='bbox 642 2455 1123 2529; x_wconf 81' lang='lat' dir='ltr'><strong>mutuatarium,</strong></span> <span class='ocrx_word' id='word_1_155' title='bbox 1172 2459 1240 2514; x_wconf 88' lang='lat' dir='ltr'><strong>ut</strong></span> <span class='ocrx_word' id='word_1_156' title='bbox 1291 2472 1416 2513; x_wconf 91' lang='lat' dir='ltr'><strong>non</strong></span> <span class='ocrx_word' id='word_1_157' title='bbox 1458 2453 1685 2513; x_wconf 86' lang='lat' dir='ltr'><strong>reddat</strong></span> <span class='ocrx_word' id='word_1_158' title='bbox 1730 2470 1863 2513; x_wconf 90' lang='lat' dir='ltr'><strong>mu-</strong></span> 
     </span>
     <span class='ocr_line' id='line_1_35' title="bbox 326 2545 1862 2630; baseline -0.005 -18"><span class='ocrx_word' id='word_1_159' title='bbox 326 2558 500 2613; x_wconf 89' lang='lat' dir='ltr'><strong>tuum</strong></span> <span class='ocrx_word' id='word_1_160' title='bbox 546 2569 748 2630; x_wconf 88' lang='lat' dir='ltr'><strong>usque</strong></span> <span class='ocrx_word' id='word_1_161' title='bbox 795 2549 877 2608; x_wconf 92' lang='lat' dir='ltr'><strong>ad</strong></span> <span class='ocrx_word' id='word_1_162' title='bbox 923 2553 1170 2626; x_wconf 84' lang='lat' dir='ltr'><strong>tempus</strong></span> <span class='ocrx_word' id='word_1_163' title='bbox 1219 2565 1341 2626; x_wconf 91' lang='lat' dir='ltr'><strong>quo</strong></span> <span class='ocrx_word' id='word_1_164' title='bbox 1373 2545 1561 2606; x_wconf 88' lang='lat' dir='ltr'><strong>tritici</strong></span> <span class='ocrx_word' id='word_1_165' title='bbox 1589 2545 1862 2624; x_wconf 89' lang='lat' dir='ltr'><strong>pretium</strong></span> 
     </span>
     <span class='ocr_line' id='line_1_36' title="bbox 326 2638 1860 2721; baseline -0.005 -16"><span class='ocrx_word' id='word_1_166' title='bbox 326 2649 615 2718; x_wconf 61' lang='lat' dir='ltr'><strong>creverit,</strong></span> <span class='ocrx_word' id='word_1_167' title='bbox 647 2642 818 2721; x_wconf 90' lang='lat' dir='ltr'><strong>quod</strong></span> <span class='ocrx_word' id='word_1_168' title='bbox 847 2641 1013 2699; x_wconf 88' lang='lat' dir='ltr'><strong>idem</strong></span> <span class='ocrx_word' id='word_1_169' title='bbox 1036 2644 1148 2715; x_wconf 89' lang='lat' dir='ltr'><strong>est,</strong></span> <span class='ocrx_word' id='word_1_170' title='bbox 1183 2638 1231 2699; x_wconf 88' lang='lat' dir='ltr'><strong>si</strong></span> <span class='ocrx_word' id='word_1_171' title='bbox 1254 2638 1568 2699; x_wconf 88' lang='lat' dir='ltr'><strong>volentem</strong></span> <span class='ocrx_word' id='word_1_172' title='bbox 1597 2639 1860 2698; x_wconf 90' lang='lat' dir='ltr'><strong>reddere</strong></span> 
     </span>
     <span class='ocr_line' id='line_1_37' title="bbox 325 2730 1862 2815; baseline -0.004 -18"><span class='ocrx_word' id='word_1_173' title='bbox 325 2737 636 2815; x_wconf 84' lang='lat' dir='ltr'><strong>impedias</strong></span> <span class='ocrx_word' id='word_1_174' title='bbox 665 2736 728 2795; x_wconf 89' lang='lat' dir='ltr'><strong>vi</strong></span> <span class='ocrx_word' id='word_1_175' title='bbox 755 2733 855 2793; x_wconf 87' lang='lat' dir='ltr'><strong>vel</strong></span> <span class='ocrx_word' id='word_1_176' title='bbox 883 2733 1048 2809; x_wconf 92' lang='lat' dir='ltr'><strong>dolo,</strong></span> <span class='ocrx_word' id='word_1_177' title='bbox 1084 2732 1182 2792; x_wconf 86' lang='lat' dir='ltr'><strong>vel</strong></span> <span class='ocrx_word' id='word_1_178' title='bbox 1224 2736 1283 2792; x_wconf 89' lang='lat' dir='ltr'><strong>te</strong></span> <span class='ocrx_word' id='word_1_179' title='bbox 1314 2750 1389 2790; x_wconf 85' lang='lat' dir='ltr'><strong>ex</strong></span> <span class='ocrx_word' id='word_1_180' title='bbox 1415 2730 1721 2791; x_wconf 87' lang='lat' dir='ltr'><strong>industria</strong></span> <span class='ocrx_word' id='word_1_181' title='bbox 1749 2731 1862 2791; x_wconf 86' lang='lat' dir='ltr'><strong>ab·</strong></span> 
     </span>
     <span class='ocr_line' id='line_1_38' title="bbox 326 2824 1857 2904; baseline -0.005 -15"><span class='ocrx_word' id='word_1_182' title='bbox 326 2831 615 2904; x_wconf 77' lang='lat' dir='ltr'><strong>scondaS,</strong></span> <span class='ocrx_word' id='word_1_183' title='bbox 654 2846 732 2887; x_wconf 90' lang='lat' dir='ltr'><strong>ne</strong></span> <span class='ocrx_word' id='word_1_184' title='bbox 761 2831 822 2888; x_wconf 88' lang='lat' dir='ltr'><strong>te</strong></span> <span class='ocrx_word' id='word_1_185' title='bbox 854 2824 1148 2900; x_wconf 88' lang='lat' dir='ltr'><strong>inveniat,</strong></span> <span class='ocrx_word' id='word_1_186' title='bbox 1186 2824 1306 2885; x_wconf 84' lang='lat' dir='ltr'><strong>hoc</strong></span> <span class='ocrx_word' id='word_1_187' title='bbox 1334 2824 1500 2883; x_wconf 91' lang='lat' dir='ltr'><strong>enim</strong></span> <span class='ocrx_word' id='word_1_188' title='bbox 1530 2830 1624 2884; x_wconf 89' lang='lat' dir='ltr'><strong>est</strong></span> <span class='ocrx_word' id='word_1_189' title='bbox 1651 2827 1857 2884; x_wconf 83' lang='lat' dir='ltr'><strong>extor-</strong></span> 
     </span>
     <span class='ocr_line' id='line_1_39' title="bbox 323 2917 1860 3002; baseline -0.005 -19"><span class='ocrx_word' id='word_1_190' title='bbox 323 2942 515 3002; x_wconf 88' lang='lat' dir='ltr'><strong>quere</strong></span> <span class='ocrx_word' id='word_1_191' title='bbox 547 2922 710 2982; x_wconf 88' lang='lat' dir='ltr'><strong>velle</strong></span> <span class='ocrx_word' id='word_1_192' title='bbox 757 2921 1002 2978; x_wconf 90' lang='lat' dir='ltr'><strong>lucrum</strong></span> <span class='ocrx_word' id='word_1_193' title='bbox 1052 2937 1125 2976; x_wconf 84' lang='lat' dir='ltr'><strong>ex</strong></span> <span class='ocrx_word' id='word_1_194' title='bbox 1170 2921 1423 2991; x_wconf 90' lang='lat' dir='ltr'><strong>mutu0,</strong></span> <span class='ocrx_word' id='word_1_195' title='bbox 1477 2922 1544 2977; x_wconf 91' lang='grc'><strong>01</strong></span> <span class='ocrx_word' id='word_1_196' title='bbox 1586 2917 1860 2977; x_wconf 83' lang='lat' dir='ltr'><strong>fatentur</strong></span> 
     </span>
     <span class='ocr_line' id='line_1_40' title="bbox 323 3009 1858 3089; baseline -0.006 -13"><span class='ocrx_word' id='word_1_197' title='bbox 323 3015 592 3089; x_wconf 79' lang='lat' dir='ltr'><strong>Molina,</strong></span> <span class='ocrx_word' id='word_1_198' title='bbox 637 3016 949 3087; x_wconf 83' lang='lat' dir='ltr'><strong>Navarra,</strong></span> <span class='ocrx_word' id='word_1_199' title='bbox 995 3010 1290 3070; x_wconf 88' lang='lat' dir='ltr'><strong>Antonin.</strong></span> <span class='ocrx_word' id='word_1_200' title='bbox 1346 3009 1592 3069; x_wconf 84' lang='lat' dir='ltr'><strong>Silvest.</strong></span> <span class='ocrx_word' id='word_1_201' title='bbox 1639 3013 1702 3069; x_wconf 89' lang='lat' dir='ltr'><strong>et</strong></span> <span class='ocrx_word' id='word_1_202' title='bbox 1752 3009 1858 3068; x_wconf 89' lang='lat' dir='ltr'><strong>alii</strong></span> 
     </span>
     <span class='ocr_line' id='line_1_41' title="bbox 322 3101 1857 3187; baseline -0.005 -18"><span class='ocrx_word' id='word_1_203' title='bbox 322 3127 474 3187; x_wconf 88' lang='lat' dir='ltr'><strong>quos</strong></span> <span class='ocrx_word' id='word_1_204' title='bbox 505 3110 726 3181; x_wconf 78' lang='lat' dir='ltr'><strong>affert,</strong></span> <span class='ocrx_word' id='word_1_205' title='bbox 760 3109 822 3165; x_wconf 91' lang='lat' dir='ltr'><strong>et</strong></span> <span class='ocrx_word' id='word_1_206' title='bbox 849 3102 1133 3181; x_wconf 87' lang='lat' dir='ltr'><strong>sequitur</strong></span> <span class='ocrx_word' id='word_1_207' title='bbox 1171 3102 1347 3163; x_wconf 86' lang='lat' dir='ltr'><strong>Salas</strong></span> <span class='ocrx_word' id='word_1_208' title='bbox 1377 3121 1438 3160; x_wconf 92' lang='lat' dir='ltr'><strong>n.</strong></span> <span class='ocrx_word' id='word_1_209' title='bbox 1473 3105 1532 3161; x_wconf 75' lang='lat'><strong>2.</strong></span> <span class='ocrx_word' id='word_1_210' title='bbox 1568 3103 1625 3179; x_wconf 67' lang='grc'><strong>5.</strong></span> <span class='ocrx_word' id='word_1_211' title='bbox 1663 3101 1857 3162; x_wconf 81' lang='lat' dir='ltr'><strong>Tertio</strong></span> 
     </span>
     <span class='ocr_line' id='line_1_42' title="bbox 320 3194 1858 3277; baseline -0.004 -16"><span class='ocrx_word' id='word_1_212' title='bbox 320 3201 688 3275; x_wconf 78' lang='lat' dir='ltr'><strong>conveniunt,</strong></span> <span class='ocrx_word' id='word_1_213' title='bbox 746 3198 853 3277; x_wconf 91' lang='lat' dir='ltr'><strong>qui</strong></span> <span class='ocrx_word' id='word_1_214' title='bbox 906 3214 1049 3257; x_wconf 92' lang='lat' dir='ltr'><strong>cum</strong></span> <span class='ocrx_word' id='word_1_215' title='bbox 1105 3198 1407 3271; x_wconf 81' lang='lat' dir='ltr'><strong>NavarrO,</strong></span> <span class='ocrx_word' id='word_1_216' title='bbox 1463 3194 1736 3271; x_wconf 79' lang='lat' dir='ltr'><strong>SaloniO,</strong></span> <span class='ocrx_word' id='word_1_217' title='bbox 1796 3200 1858 3255; x_wconf 90' lang='lat' dir='ltr'><strong>et</strong></span> 
     </span>
     <span class='ocr_line' id='line_1_43' title="bbox 320 3288 1855 3365; baseline -0.005 -11"><span class='ocrx_word' id='word_1_218' title='bbox 320 3295 453 3354; x_wconf 86' lang='lat' dir='ltr'><strong>aliis</strong></span> <span class='ocrx_word' id='word_1_219' title='bbox 479 3295 649 3354; x_wconf 90' lang='lat' dir='ltr'><strong>bene</strong></span> <span class='ocrx_word' id='word_1_220' title='bbox 680 3295 882 3365; x_wconf 86' lang='lat' dir='ltr'><strong>notat,</strong></span> <span class='ocrx_word' id='word_1_221' title='bbox 919 3290 1083 3349; x_wconf 88' lang='lat' dir='ltr'><strong>idem</strong></span> <span class='ocrx_word' id='word_1_222' title='bbox 1114 3307 1248 3349; x_wconf 89' lang='lat' dir='ltr'><strong>esse</strong></span> <span class='ocrx_word' id='word_1_223' title='bbox 1277 3288 1613 3348; x_wconf 85' lang='lat' dir='ltr'><strong>dicendum</strong></span> <span class='ocrx_word' id='word_1_224' title='bbox 1642 3288 1693 3348; x_wconf 89' lang='lat' dir='ltr'><strong>si</strong></span> <span class='ocrx_word' id='word_1_225' title='bbox 1721 3308 1855 3348; x_wconf 87' lang='lat' dir='ltr'><strong>mu-</strong></span> 
     </span>
     <span class='ocr_line' id='line_1_44' title="bbox 320 3380 1855 3456; baseline -0.006 -8"><span class='ocrx_word' id='word_1_226' title='bbox 320 3393 499 3448; x_wconf 87' lang='lat' dir='ltr'><strong>tuans</strong></span> <span class='ocrx_word' id='word_1_227' title='bbox 530 3384 760 3446; x_wconf 88' lang='lat' dir='ltr'><strong>eodem</strong></span> <span class='ocrx_word' id='word_1_228' title='bbox 787 3383 911 3442; x_wconf 90' lang='lat' dir='ltr'><strong>fine</strong></span> <span class='ocrx_word' id='word_1_229' title='bbox 941 3382 1110 3442; x_wconf 87' lang='lat' dir='ltr'><strong>dicat</strong></span> <span class='ocrx_word' id='word_1_230' title='bbox 1140 3381 1429 3456; x_wconf 87' lang='lat' dir='ltr'><strong>debitori,</strong></span> <span class='ocrx_word' id='word_1_231' title='bbox 1475 3400 1551 3440; x_wconf 89' lang='lat' dir='ltr'><strong>ne</strong></span> <span class='ocrx_word' id='word_1_232' title='bbox 1579 3381 1660 3441; x_wconf 90' lang='lat' dir='ltr'><strong>sit</strong></span> <span class='ocrx_word' id='word_1_233' title='bbox 1687 3380 1855 3441; x_wconf 88' lang='lat' dir='ltr'><strong>solli-</strong></span> 
     </span>
     <span class='ocr_line' id='line_1_45' title="bbox 321 3473 1853 3550; baseline -0.004 -10"><span class='ocrx_word' id='word_1_234' title='bbox 321 3480 474 3540; x_wconf 87' lang='lat' dir='ltr'><strong>citus</strong></span> <span class='ocrx_word' id='word_1_235' title='bbox 504 3479 590 3537; x_wconf 90' lang='lat' dir='ltr'><strong>de</strong></span> <span class='ocrx_word' id='word_1_236' title='bbox 619 3475 920 3536; x_wconf 88' lang='lat' dir='ltr'><strong>solvendo</strong></span> <span class='ocrx_word' id='word_1_237' title='bbox 954 3474 1186 3549; x_wconf 80' lang='lat' dir='ltr'><strong>debito,</strong></span> <span class='ocrx_word' id='word_1_238' title='bbox 1236 3492 1300 3533; x_wconf 85' lang='lat' dir='ltr'><strong>se</strong></span> <span class='ocrx_word' id='word_1_239' title='bbox 1332 3473 1499 3532; x_wconf 88' lang='lat' dir='ltr'><strong>enim</strong></span> <span class='ocrx_word' id='word_1_240' title='bbox 1548 3491 1658 3550; x_wconf 90' lang='lat' dir='ltr'><strong>pro</strong></span> <span class='ocrx_word' id='word_1_241' title='bbox 1690 3492 1853 3534; x_wconf 90' lang='lat' dir='ltr'><strong>nunc</strong></span> 
     </span>
     <span class='ocr_line' id='line_1_46' title="bbox 325 3566 1852 3648; baseline -0.003 -16"><span class='ocrx_word' id='word_1_242' title='bbox 325 3590 443 3632; x_wconf 93' lang='grc'><strong>000</strong></span> <span class='ocrx_word' id='word_1_243' title='bbox 472 3571 764 3648; x_wconf 84' lang='lat' dir='ltr'><strong>indigere</strong></span> <span class='ocrx_word' id='word_1_244' title='bbox 809 3567 1037 3641; x_wconf 85' lang='lat' dir='ltr'><strong>tritico,</strong></span> <span class='ocrx_word' id='word_1_245' title='bbox 1091 3567 1473 3626; x_wconf 87' lang='lat' dir='ltr'><strong>moniturum</strong></span> <span class='ocrx_word' id='word_1_246' title='bbox 1502 3585 1567 3624; x_wconf 90' lang='lat' dir='ltr'><strong>se</strong></span> <span class='ocrx_word' id='word_1_247' title='bbox 1598 3566 1852 3644; x_wconf 90' lang='lat' dir='ltr'><strong>quando</strong></span> 
     </span>
     <span class='ocr_line' id='line_1_47' title="bbox 318 3658 1852 3743; baseline -0.005 -17"><span class='ocrx_word' id='word_1_248' title='bbox 318 3683 471 3743; x_wconf 86' lang='lat' dir='ltr'><strong>opus</strong></span> <span class='ocrx_word' id='word_1_249' title='bbox 499 3662 826 3736; x_wconf 88' lang='lat' dir='ltr'><strong>babuerit,</strong></span> <span class='ocrx_word' id='word_1_250' title='bbox 860 3659 1045 3721; x_wconf 89' lang='lat' dir='ltr'><strong>ethis</strong></span> <span class='ocrx_word' id='word_1_251' title='bbox 1072 3658 1326 3733; x_wconf 90' lang='lat' dir='ltr'><strong>similia,</strong></span> <span class='ocrx_word' id='word_1_252' title='bbox 1381 3658 1499 3718; x_wconf 85' lang='lat' dir='ltr'><strong>hoc</strong></span> <span class='ocrx_word' id='word_1_253' title='bbox 1545 3659 1710 3717; x_wconf 89' lang='lat' dir='ltr'><strong>enim</strong></span> <span class='ocrx_word' id='word_1_254' title='bbox 1751 3662 1852 3719; x_wconf 91' lang='lat' dir='ltr'><strong>to-</strong></span> 
     </span>
     <span class='ocr_line' id='line_1_48' title="bbox 317 3751 1854 3829; baseline -0.005 -12"><span class='ocrx_word' id='word_1_255' title='bbox 317 3763 446 3818; x_wconf 90' lang='lat' dir='ltr'><strong>tum</strong></span> <span class='ocrx_word' id='word_1_256' title='bbox 475 3756 634 3816; x_wconf 83' lang='lat' dir='ltr'><strong>nihil</strong></span> <span class='ocrx_word' id='word_1_257' title='bbox 673 3753 839 3814; x_wconf 88' lang='lat' dir='ltr'><strong>aliud</strong></span> <span class='ocrx_word' id='word_1_258' title='bbox 888 3757 982 3812; x_wconf 87' lang='lat' dir='ltr'><strong>est</strong></span> <span class='ocrx_word' id='word_1_259' title='bbox 1027 3769 1215 3829; x_wconf 88' lang='lat' dir='ltr'><strong>quam</strong></span> <span class='ocrx_word' id='word_1_260' title='bbox 1247 3751 1458 3810; x_wconf 88' lang='lat' dir='ltr'><strong>dolosc</strong></span> <span class='ocrx_word' id='word_1_261' title='bbox 1488 3768 1713 3826; x_wconf 80' lang='lat' dir='ltr'><strong>cogere</strong></span> <span class='ocrx_word' id='word_1_262' title='bbox 1743 3752 1854 3810; x_wconf 90' lang='lat' dir='ltr'><strong>de-</strong></span> 
     </span>
     <span class='ocr_line' id='line_1_49' title="bbox 316 3843 1853 3923; baseline -0.005 -13"><span class='ocrx_word' id='word_1_263' title='bbox 316 3851 605 3923; x_wconf 86' lang='lat' dir='ltr'><strong>bitorem,</strong></span> <span class='ocrx_word' id='word_1_264' title='bbox 655 3851 726 3907; x_wconf 93' lang='lat' dir='ltr'><strong>ut</strong></span> <span class='ocrx_word' id='word_1_265' title='bbox 767 3846 1011 3906; x_wconf 86' lang='lat' dir='ltr'><strong>lucrum</strong></span> <span class='ocrx_word' id='word_1_266' title='bbox 1059 3862 1171 3923; x_wconf 91' lang='lat' dir='ltr'><strong>pro</strong></span> <span class='ocrx_word' id='word_1_267' title='bbox 1216 3847 1433 3903; x_wconf 91' lang='lat' dir='ltr'><strong>mutuo</strong></span> <span class='ocrx_word' id='word_1_268' title='bbox 1478 3843 1704 3904; x_wconf 90' lang='lat' dir='ltr'><strong>reddat</strong></span> <span class='ocrx_word' id='word_1_269' title='bbox 1730 3844 1853 3904; x_wconf 90' lang='lat' dir='ltr'><strong>sol-</strong></span> 
     </span>
     <span class='ocr_line' id='line_1_50' title="bbox 316 3936 1850 4019; baseline -0.004 -16"><span class='ocrx_word' id='word_1_270' title='bbox 316 3943 515 4002; x_wconf 85' lang='lat' dir='ltr'><strong>vendo</strong></span> <span class='ocrx_word' id='word_1_271' title='bbox 570 3940 872 4019; x_wconf 79' lang='lat' dir='ltr'><strong>aequalem</strong></span> <span class='ocrx_word' id='word_1_272' title='bbox 921 3955 1279 3998; x_wconf 88' lang='lat' dir='ltr'><strong>mensuram</strong></span> <span class='ocrx_word' id='word_1_273' title='bbox 1325 3936 1508 3997; x_wconf 83' lang='lat' dir='ltr'><strong>tritici</strong></span> <span class='ocrx_word' id='word_1_274' title='bbox 1555 3936 1618 3994; x_wconf 92' lang='grc'><strong>10</strong></span> <span class='ocrx_word' id='word_1_275' title='bbox 1660 3936 1850 4015; x_wconf 86' lang='lat' dir='ltr'><strong>duplo</strong></span> 
     </span>
     <span class='ocr_line' id='line_1_51' title="bbox 318 4036 1752 4100; baseline -0.004 -6"><span class='ocrx_word' id='word_1_276' title='bbox 318 4036 546 4096; x_wconf 85' lang='lat' dir='ltr'><strong>valore.</strong></span> <span class='ocrx_word' id='word_1_277' title='bbox 1749 4097 1752 4100; x_wconf 36' lang='grc'>,</span> 
     </span>
    </p>

    <p class='ocr_par' dir='ltr' id='par_1_8' title="bbox 315 4120 1852 5402">
     <span class='ocr_line' id='line_1_52' title="bbox 395 4120 1852 4201; baseline -0.003 -14"><span class='ocrx_word' id='word_1_278' title='bbox 395 4129 625 4201; x_wconf 88' lang='lat' dir='ltr'><strong>Quinto</strong></span> <span class='ocrx_word' id='word_1_279' title='bbox 668 4129 908 4185; x_wconf 86' lang='lat' dir='ltr'><strong>certum</strong></span> <span class='ocrx_word' id='word_1_280' title='bbox 943 4123 1223 4197; x_wconf 88' lang='lat' dir='ltr'><strong>videtur,</strong></span> <span class='ocrx_word' id='word_1_281' title='bbox 1279 4120 1518 4182; x_wconf 88' lang='lat' dir='ltr'><strong>licitum</strong></span> <span class='ocrx_word' id='word_1_282' title='bbox 1548 4140 1682 4181; x_wconf 83' lang='lat' dir='ltr'><strong>csse</strong></span> <span class='ocrx_word' id='word_1_283' title='bbox 1711 4141 1852 4182; x_wconf 90' lang='lat' dir='ltr'><strong>mu-</strong></span> 
     </span>
     <span class='ocr_line' id='line_1_53' title="bbox 319 4215 1849 4292; baseline -0.005 -10"><span class='ocrx_word' id='word_1_284' title='bbox 319 4227 489 4282; x_wconf 85' lang='lat' dir='ltr'><strong>tuare</strong></span> <span class='ocrx_word' id='word_1_285' title='bbox 518 4219 798 4280; x_wconf 87' lang='lat' dir='ltr'><strong>triticum</strong></span> <span class='ocrx_word' id='word_1_286' title='bbox 828 4222 1028 4291; x_wconf 79' lang='lat' dir='ltr'><strong>vetus,</strong></span> <span class='ocrx_word' id='word_1_287' title='bbox 1064 4221 1131 4275; x_wconf 88' lang='lat' dir='ltr'><strong>ut</strong></span> <span class='ocrx_word' id='word_1_288' title='bbox 1161 4219 1379 4292; x_wconf 90' lang='lat' dir='ltr'><strong>postea</strong></span> <span class='ocrx_word' id='word_1_289' title='bbox 1408 4215 1708 4275; x_wconf 77' lang='lat' dir='ltr'><strong>reddatur</strong></span> <span class='ocrx_word' id='word_1_290' title='bbox 1736 4233 1849 4275; x_wconf 91' lang='lat' dir='ltr'><strong>no-</strong></span> 
     </span>
     <span class='ocr_line' id='line_1_54' title="bbox 319 4307 1847 4387; baseline -0.003 -15"><span class='ocrx_word' id='word_1_291' title='bbox 319 4331 483 4387; x_wconf 76' lang='lat' dir='ltr'><strong>vum,</strong></span> <span class='ocrx_word' id='word_1_292' title='bbox 516 4311 571 4371; x_wconf 90' lang='lat' dir='ltr'><strong>si</strong></span> <span class='ocrx_word' id='word_1_293' title='bbox 599 4329 766 4370; x_wconf 91' lang='lat' dir='ltr'><strong>nunc</strong></span> <span class='ocrx_word' id='word_1_294' title='bbox 815 4315 990 4369; x_wconf 80' lang='lat' dir='ltr'><strong>vetus</strong></span> <span class='ocrx_word' id='word_1_295' title='bbox 1019 4313 1261 4368; x_wconf 88' lang='lat' dir='ltr'><strong>tantum</strong></span> <span class='ocrx_word' id='word_1_296' title='bbox 1310 4307 1516 4366; x_wconf 87' lang='lat' dir='ltr'><strong>valeat</strong></span> <span class='ocrx_word' id='word_1_297' title='bbox 1544 4312 1847 4384; x_wconf 90' lang='lat' dir='ltr'><strong>quantum</strong></span> 
     </span>
     <span class='ocr_line' id='line_1_55' title="bbox 319 4398 1845 4481; baseline -0.003 -16"><span class='ocrx_word' id='word_1_298' title='bbox 319 4412 532 4481; x_wconf 85' lang='lat' dir='ltr'><strong>postea</strong></span> <span class='ocrx_word' id='word_1_299' title='bbox 562 4419 797 4463; x_wconf 85' lang='lat' dir='ltr'><strong>novum</strong></span> <span class='ocrx_word' id='word_1_300' title='bbox 824 4400 1077 4475; x_wconf 81' lang='lat' dir='ltr'><strong>valebit,</strong></span> <span class='ocrx_word' id='word_1_301' title='bbox 1113 4398 1397 4477; x_wconf 88' lang='lat' dir='ltr'><strong>quamvis</strong></span> <span class='ocrx_word' id='word_1_302' title='bbox 1423 4398 1541 4458; x_wconf 90' lang='lat' dir='ltr'><strong>hoc</strong></span> <span class='ocrx_word' id='word_1_303' title='bbox 1571 4400 1755 4460; x_wconf 87' lang='lat' dir='ltr'><strong>cadat</strong></span> <span class='ocrx_word' id='word_1_304' title='bbox 1782 4400 1845 4460; x_wconf 91' lang='lat' dir='ltr'><strong>in</strong></span> 
     </span>
     <span class='ocr_line' id='line_1_56' title="bbox 318 4491 1843 4570; baseline -0.003 -13"><span class='ocrx_word' id='word_1_305' title='bbox 318 4496 716 4557; x_wconf 86' lang='lat' dir='ltr'><strong>commodum</strong></span> <span class='ocrx_word' id='word_1_306' title='bbox 771 4493 1148 4567; x_wconf 77' lang='lat' dir='ltr'><strong>mutuantiS,</strong></span> <span class='ocrx_word' id='word_1_307' title='bbox 1198 4492 1305 4570; x_wconf 87' lang='lat' dir='ltr'><strong>qui</strong></span> <span class='ocrx_word' id='word_1_308' title='bbox 1354 4509 1478 4551; x_wconf 90' lang='lat' dir='ltr'><strong>non</strong></span> <span class='ocrx_word' id='word_1_309' title='bbox 1521 4491 1608 4552; x_wconf 87' lang='lat' dir='ltr'><strong>ita</strong></span> <span class='ocrx_word' id='word_1_310' title='bbox 1663 4492 1843 4552; x_wconf 83' lang='lat' dir='ltr'><strong>facile</strong></span> 
     </span>
     <span class='ocr_line' id='line_1_57' title="bbox 316 4584 1840 4665; baseline -0.004 -15"><span class='ocrx_word' id='word_1_311' title='bbox 316 4607 687 4651; x_wconf 83' lang='lat' dir='ltr'><strong>conservare</strong></span> <span class='ocrx_word' id='word_1_312' title='bbox 729 4590 938 4665; x_wconf 88' lang='lat' dir='ltr'><strong>posset</strong></span> <span class='ocrx_word' id='word_1_313' title='bbox 991 4584 1070 4644; x_wconf 89' lang='lat' dir='ltr'><strong>ad</strong></span> <span class='ocrx_word' id='word_1_314' title='bbox 1112 4602 1308 4643; x_wconf 82' lang='lat' dir='ltr'><strong>annos</strong></span> <span class='ocrx_word' id='word_1_315' title='bbox 1351 4589 1681 4661; x_wconf 85' lang='lat' dir='ltr'><strong>sequentes</strong></span> <span class='ocrx_word' id='word_1_316' title='bbox 1710 4585 1840 4644; x_wconf 87' lang='lat' dir='ltr'><strong>fru-</strong></span> 
     </span>
     <span class='ocr_line' id='line_1_58' title="bbox 316 4675 1844 4755; baseline -0.003 -14"><span class='ocrx_word' id='word_1_317' title='bbox 316 4688 590 4744; x_wconf 86' lang='lat' dir='ltr'><strong>mentum</strong></span> <span class='ocrx_word' id='word_1_318' title='bbox 619 4686 834 4755; x_wconf 63' lang='grc'>10105,</span> <span class='ocrx_word' id='word_1_319' title='bbox 884 4678 1045 4738; x_wconf 85' lang='grc'>51001</span> <span class='ocrx_word' id='word_1_320' title='bbox 1085 4675 1313 4754; x_wconf 87' lang='lat' dir='ltr'><strong>poterit</strong></span> <span class='ocrx_word' id='word_1_321' title='bbox 1349 4679 1564 4753; x_wconf 88' lang='lat' dir='ltr'><strong>postea</strong></span> <span class='ocrx_word' id='word_1_322' title='bbox 1593 4694 1844 4736; x_wconf 85' lang='lat' dir='ltr'><strong>conser-</strong></span> 
     </span>
     <span class='ocr_line' id='line_1_59' title="bbox 317 4768 1842 4836; baseline -0.003 -3"><span class='ocrx_word' id='word_1_323' title='bbox 317 4794 458 4836; x_wconf 81' lang='lat' dir='ltr'><strong>vare</strong></span> <span class='ocrx_word' id='word_1_324' title='bbox 488 4793 752 4835; x_wconf 83' lang='lat' dir='ltr'><strong>novum.</strong></span> <span class='ocrx_word' id='word_1_325' title='bbox 817 4774 886 4831; x_wconf 92' lang='lat' dir='ltr'><strong>In</strong></span> <span class='ocrx_word' id='word_1_326' title='bbox 920 4771 1038 4830; x_wconf 89' lang='grc'>1100</span> <span class='ocrx_word' id='word_1_327' title='bbox 1067 4770 1255 4829; x_wconf 84' lang='lat' dir='ltr'><strong>etiam</strong></span> <span class='ocrx_word' id='word_1_328' title='bbox 1300 4768 1683 4828; x_wconf 83' lang='lat' dir='ltr'><strong>conveniunt</strong></span> <span class='ocrx_word' id='word_1_329' title='bbox 1710 4770 1842 4829; x_wconf 90' lang='lat' dir='ltr'><strong>Mo·-</strong></span> 
     </span>
     <span class='ocr_line' id='line_1_60' title="bbox 315 4861 1840 4945; baseline -0.003 -19"><span class='ocrx_word' id='word_1_330' title='bbox 315 4867 438 4928; x_wconf 90' lang='lat' dir='ltr'><strong>lina</strong></span> <span class='ocrx_word' id='word_1_331' title='bbox 465 4868 573 4927; x_wconf 89' lang='lat' dir='ltr'><strong>ubi</strong></span> <span class='ocrx_word' id='word_1_332' title='bbox 602 4884 795 4945; x_wconf 90' lang='lat' dir='ltr'><strong>supra</strong></span> <span class='ocrx_word' id='word_1_333' title='bbox 821 4867 876 4942; x_wconf 63' lang='grc' dir='ltr'><strong>ἓ.</strong></span> <span class='ocrx_word' id='word_1_334' title='bbox 904 4864 1013 4923; x_wconf 88' lang='grc'>011.</span> <span class='ocrx_word' id='word_1_335' title='bbox 1048 4881 1191 4922; x_wconf 89' lang='lat' dir='ltr'><strong>cum</strong></span> <span class='ocrx_word' id='word_1_336' title='bbox 1221 4864 1270 4920; x_wconf 93' lang='lat' dir='ltr'>N</span> <span class='ocrx_word' id='word_1_337' title='bbox 1278 4879 1523 4936; x_wconf 81' lang='lat' dir='ltr'><strong>avarro,</strong></span> <span class='ocrx_word' id='word_1_338' title='bbox 1558 4865 1620 4920; x_wconf 89' lang='lat' dir='ltr'><strong>et</strong></span> <span class='ocrx_word' id='word_1_339' title='bbox 1649 4861 1840 4922; x_wconf 89' lang='lat' dir='ltr'><strong>Silve-</strong></span> 
     </span>
     <span class='ocr_line' id='line_1_61' title="bbox 317 4955 1840 5039; baseline -0.005 -19"><span class='ocrx_word' id='word_1_340' title='bbox 317 4967 460 5036; x_wconf 85' lang='lat' dir='ltr'><strong>stro,</strong></span> <span class='ocrx_word' id='word_1_341' title='bbox 494 4978 656 5039; x_wconf 91' lang='lat' dir='ltr'><strong>quos</strong></span> <span class='ocrx_word' id='word_1_342' title='bbox 684 4959 884 5032; x_wconf 81' lang='lat' dir='ltr'><strong>affert,</strong></span> <span class='ocrx_word' id='word_1_343' title='bbox 919 4961 981 5016; x_wconf 88' lang='lat' dir='ltr'><strong>et</strong></span> <span class='ocrx_word' id='word_1_344' title='bbox 1021 4955 1121 5015; x_wconf 89' lang='lat' dir='ltr'><strong>alii</strong></span> <span class='ocrx_word' id='word_1_345' title='bbox 1152 4955 1384 5032; x_wconf 77' lang='lat' dir='ltr'><strong>plureS,</strong></span> <span class='ocrx_word' id='word_1_346' title='bbox 1419 4972 1576 5031; x_wconf 87' lang='lat' dir='ltr'><strong>quos</strong></span> <span class='ocrx_word' id='word_1_347' title='bbox 1615 4971 1840 5031; x_wconf 88' lang='lat' dir='ltr'><strong>conge-</strong></span> 
     </span>
     <span class='ocr_line' id='line_1_62' title="bbox 319 5046 1838 5132; baseline -0.004 -20"><span class='ocrx_word' id='word_1_348' title='bbox 319 5054 393 5114; x_wconf 88' lang='lat' dir='ltr'><strong>rit</strong></span> <span class='ocrx_word' id='word_1_349' title='bbox 415 5059 477 5114; x_wconf 88' lang='lat' dir='ltr'><strong>et</strong></span> <span class='ocrx_word' id='word_1_350' title='bbox 504 5053 787 5132; x_wconf 87' lang='lat' dir='ltr'><strong>sequitur</strong></span> <span class='ocrx_word' id='word_1_351' title='bbox 817 5050 994 5111; x_wconf 89' lang='lat' dir='ltr'><strong>Salas</strong></span> <span class='ocrx_word' id='word_1_352' title='bbox 1029 5067 1090 5108; x_wconf 91' lang='lat' dir='ltr'><strong>n.</strong></span> <span class='ocrx_word' id='word_1_353' title='bbox 1120 5053 1179 5107; x_wconf 83' lang='lat'><strong>4.</strong></span> <span class='ocrx_word' id='word_1_354' title='bbox 1213 5049 1268 5125; x_wconf 64' lang='grc' dir='ltr'><strong>ἓ.</strong></span> <span class='ocrx_word' id='word_1_355' title='bbox 1302 5046 1566 5126; x_wconf 80' lang='lat' dir='ltr'><strong>Denique</strong></span> <span class='ocrx_word' id='word_1_356' title='bbox 1586 5092 1601 5122; x_wconf 90' lang='lat'><strong>,</strong></span> <span class='ocrx_word' id='word_1_357' title='bbox 1636 5065 1838 5125; x_wconf 88' lang='lat' dir='ltr'><strong>neque</strong></span> 
     </span>
     <span class='ocr_line' id='line_1_63' title="bbox 319 5139 1838 5219; baseline -0.005 -13"><span class='ocrx_word' id='word_1_358' title='bbox 319 5147 477 5206; x_wconf 89' lang='lat' dir='ltr'><strong>enim</strong></span> <span class='ocrx_word' id='word_1_359' title='bbox 507 5152 602 5206; x_wconf 88' lang='lat' dir='ltr'><strong>est</strong></span> <span class='ocrx_word' id='word_1_360' title='bbox 620 5145 903 5204; x_wconf 87' lang='lat' dir='ltr'><strong>illicitum</strong></span> <span class='ocrx_word' id='word_1_361' title='bbox 932 5160 1157 5219; x_wconf 87' lang='lat' dir='ltr'><strong>capere</strong></span> <span class='ocrx_word' id='word_1_362' title='bbox 1188 5139 1587 5201; x_wconf 86' lang='lat' dir='ltr'><strong>commodum</strong></span> <span class='ocrx_word' id='word_1_363' title='bbox 1615 5157 1688 5198; x_wconf 81' lang='lat' dir='ltr'><strong>ex</strong></span> <span class='ocrx_word' id='word_1_364' title='bbox 1704 5156 1838 5199; x_wconf 91' lang='lat' dir='ltr'><strong>mu-</strong></span> 
     </span>
     <span class='ocr_line' id='line_1_64' title="bbox 315 5232 1840 5314; baseline -0.005 -16"><span class='ocrx_word' id='word_1_365' title='bbox 315 5242 440 5314; x_wconf 82' lang='grc'>100,</span> <span class='ocrx_word' id='word_1_366' title='bbox 473 5238 587 5298; x_wconf 89' lang='grc'>0151</span> <span class='ocrx_word' id='word_1_367' title='bbox 620 5237 683 5296; x_wconf 89' lang='lat' dir='ltr'><strong>id</strong></span> <span class='ocrx_word' id='word_1_368' title='bbox 712 5236 793 5298; x_wconf 91' lang='lat' dir='ltr'><strong>sit</strong></span> <span class='ocrx_word' id='word_1_369' title='bbox 820 5253 962 5295; x_wconf 91' lang='lat' dir='ltr'><strong>cum</strong></span> <span class='ocrx_word' id='word_1_370' title='bbox 990 5234 1218 5312; x_wconf 89' lang='lat' dir='ltr'><strong>injuria</strong></span> <span class='ocrx_word' id='word_1_371' title='bbox 1245 5238 1308 5293; x_wconf 88' lang='lat' dir='ltr'><strong>et</strong></span> <span class='ocrx_word' id='word_1_372' title='bbox 1333 5232 1563 5291; x_wconf 89' lang='lat' dir='ltr'><strong>damno</strong></span> <span class='ocrx_word' id='word_1_373' title='bbox 1592 5235 1840 5291; x_wconf 88' lang='lat' dir='ltr'><strong>mutua-</strong></span> 
     </span>
     <span class='ocr_line' id='line_1_65' title="bbox 318 5322 1837 5402; baseline -0.005 -11"><span class='ocrx_word' id='word_1_374' title='bbox 318 5331 474 5391; x_wconf 89' lang='lat' dir='ltr'><strong>tarii.</strong></span> <span class='ocrx_word' id='word_1_375' title='bbox 527 5329 715 5391; x_wconf 81' lang='lat' dir='ltr'><strong>Aliud</strong></span> <span class='ocrx_word' id='word_1_376' title='bbox 746 5334 942 5402; x_wconf 86' lang='lat' dir='ltr'><strong>esset,</strong></span> <span class='ocrx_word' id='word_1_377' title='bbox 990 5327 1042 5386; x_wconf 91' lang='lat' dir='ltr'><strong>si</strong></span> <span class='ocrx_word' id='word_1_378' title='bbox 1072 5326 1343 5388; x_wconf 87' lang='lat' dir='ltr'><strong>triticum</strong></span> <span class='ocrx_word' id='word_1_379' title='bbox 1372 5328 1552 5385; x_wconf 84' lang='lat' dir='ltr'><strong>vetus</strong></span> <span class='ocrx_word' id='word_1_380' title='bbox 1580 5322 1837 5383; x_wconf 83' lang='lat' dir='ltr'><strong>minoris</strong></span> 
     </span>
    </p>
   </div>
   <div class='ocr_carea' id='block_1_7' title="bbox 3389 350 3497 409">
    <p class='ocr_par' dir='ltr' id='par_1_9' title="bbox 3389 350 3497 409">
     <span class='ocr_line' id='line_1_66' title="bbox 3389 350 3497 409; baseline 0.019 -2"><span class='ocrx_word' id='word_1_381' title='bbox 3389 350 3497 409; x_wconf 71' lang='grc' dir='ltr'><strong>ΞΗ</strong></span> 
     </span>
    </p>
   </div>
   <div class='ocr_carea' id='block_1_8' title="bbox 1935 509 3506 5415">
    <p class='ocr_par' dir='ltr' id='par_1_10' title="bbox 1967 509 3504 753">
     <span class='ocr_line' id='line_1_67' title="bbox 1970 509 3500 600; baseline 0.012 -33"><span class='ocrx_word' id='word_1_382' title='bbox 1970 526 2160 587; x_wconf 90' lang='lat' dir='ltr'><strong>quam</strong></span> <span class='ocrx_word' id='word_1_383' title='bbox 2205 509 2481 570; x_wconf 87' lang='lat' dir='ltr'><strong>triticum</strong></span> <span class='ocrx_word' id='word_1_384' title='bbox 2528 530 2761 573; x_wconf 88' lang='lat' dir='ltr'><strong>novum</strong></span> <span class='ocrx_word' id='word_1_385' title='bbox 2817 520 3035 594; x_wconf 88' lang='lat' dir='ltr'><strong>postea</strong></span> <span class='ocrx_word' id='word_1_386' title='bbox 3078 517 3357 581; x_wconf 76' lang='lat' dir='ltr'><strong>futurum</strong></span> <span class='ocrx_word' id='word_1_387' title='bbox 3400 523 3500 600; x_wconf 90' lang='lat' dir='ltr'><strong>sit,</strong></span> 
     </span>
     <span class='ocr_line' id='line_1_68' title="bbox 1967 602 3504 694; baseline 0.012 -35"><span class='ocrx_word' id='word_1_388' title='bbox 1967 606 2037 660; x_wconf 91' lang='grc'><strong>01</strong></span> <span class='ocrx_word' id='word_1_389' title='bbox 2078 602 2358 678; x_wconf 60' lang='lat' dir='ltr'><strong>praedicti</strong></span> <span class='ocrx_word' id='word_1_390' title='bbox 2412 605 2700 667; x_wconf 88' lang='lat' dir='ltr'><strong>doctores</strong></span> <span class='ocrx_word' id='word_1_391' title='bbox 2754 614 2995 671; x_wconf 88' lang='lat' dir='ltr'><strong>notant.</strong></span> <span class='ocrx_word' id='word_1_392' title='bbox 3059 612 3167 672; x_wconf 85' lang='lat' dir='ltr'><strong>His</strong></span> <span class='ocrx_word' id='word_1_393' title='bbox 3219 616 3504 694; x_wconf 83' lang='lat' dir='ltr'><strong>supposi-</strong></span> 
     </span>
     <span class='ocr_line' id='line_1_69' title="bbox 1968 694 2067 753; baseline 0 0"><span class='ocrx_word' id='word_1_394' title='bbox 1968 694 2067 753; x_wconf 90' lang='grc'>115.</span> 
     </span>
    </p>

    <p class='ocr_par' dir='ltr' id='par_1_11' title="bbox 1962 788 3506 2340">
     <span class='ocr_line' id='line_1_70' title="bbox 2050 788 3503 875; baseline 0.012 -30"><span class='ocrx_word' id='word_1_395' title='bbox 2050 788 2257 847; x_wconf 89' lang='lat' dir='ltr'><strong>Prima</strong></span> <span class='ocrx_word' id='word_1_396' title='bbox 2301 789 2631 852; x_wconf 87' lang='lat' dir='ltr'><strong>difficultas</strong></span> <span class='ocrx_word' id='word_1_397' title='bbox 2676 793 2740 852; x_wconf 92' lang='lat' dir='ltr'><strong>in</strong></span> <span class='ocrx_word' id='word_1_398' title='bbox 2791 794 2909 855; x_wconf 88' lang='lat' dir='ltr'><strong>hoc</strong></span> <span class='ocrx_word' id='word_1_399' title='bbox 2962 802 3192 874; x_wconf 83' lang='lat' dir='ltr'><strong>puncto</strong></span> <span class='ocrx_word' id='word_1_400' title='bbox 3249 805 3363 875; x_wconf 90' lang='lat' dir='ltr'><strong>est,</strong></span> <span class='ocrx_word' id='word_1_401' title='bbox 3423 820 3503 861; x_wconf 87' lang='lat' dir='ltr'><strong>an</strong></span> 
     </span>
     <span class='ocr_line' id='line_1_71' title="bbox 1968 880 3503 967; baseline 0.011 -29"><span class='ocrx_word' id='word_1_402' title='bbox 1968 880 2217 957; x_wconf 92' lang='lat' dir='ltr'><strong>quando</strong></span> <span class='ocrx_word' id='word_1_403' title='bbox 2251 883 2629 959; x_wconf 81' lang='lat' dir='ltr'><strong>praevidetur</strong></span> <span class='ocrx_word' id='word_1_404' title='bbox 2655 893 3062 965; x_wconf 83' lang='lat' dir='ltr'><strong>augmentum</strong></span> <span class='ocrx_word' id='word_1_405' title='bbox 3106 892 3289 967; x_wconf 88' lang='lat' dir='ltr'><strong>pretii</strong></span> <span class='ocrx_word' id='word_1_406' title='bbox 3336 894 3503 954; x_wconf 88' lang='lat' dir='ltr'><strong>futu-</strong></span> 
     </span>
     <span class='ocr_line' id='line_1_72' title="bbox 1969 973 3500 1062; baseline 0.01 -32"><span class='ocrx_word' id='word_1_407' title='bbox 1969 991 2129 1048; x_wconf 91' lang='lat' dir='ltr'><strong>rum,</strong></span> <span class='ocrx_word' id='word_1_408' title='bbox 2164 973 2401 1034; x_wconf 90' lang='lat' dir='ltr'><strong>licitum</strong></span> <span class='ocrx_word' id='word_1_409' title='bbox 2429 977 2509 1036; x_wconf 88' lang='lat' dir='ltr'><strong>sit</strong></span> <span class='ocrx_word' id='word_1_410' title='bbox 2539 984 2823 1039; x_wconf 87' lang='lat' dir='ltr'><strong>mutuare</strong></span> <span class='ocrx_word' id='word_1_411' title='bbox 2853 980 3161 1058; x_wconf 88' lang='lat' dir='ltr'><strong>triticum,</strong></span> <span class='ocrx_word' id='word_1_412' title='bbox 3197 1002 3256 1043; x_wconf 90' lang='lat' dir='ltr'><strong>v.</strong></span> <span class='ocrx_word' id='word_1_413' title='bbox 3290 1004 3385 1062; x_wconf 81' lang='lat' dir='ltr'><strong>gr.</strong></span> <span class='ocrx_word' id='word_1_414' title='bbox 3437 986 3500 1046; x_wconf 91' lang='lat' dir='ltr'><strong>in</strong></span> 
     </span>
     <span class='ocr_line' id='line_1_73' title="bbox 1968 1064 3503 1151; baseline 0.01 -28"><span class='ocrx_word' id='word_1_415' title='bbox 1968 1064 2189 1125; x_wconf 85' lang='lat' dir='ltr'><strong>eadem</strong></span> <span class='ocrx_word' id='word_1_416' title='bbox 2218 1085 2514 1128; x_wconf 87' lang='lat' dir='ltr'><strong>mensura</strong></span> <span class='ocrx_word' id='word_1_417' title='bbox 2552 1075 2615 1131; x_wconf 90' lang='lat' dir='ltr'><strong>et</strong></span> <span class='ocrx_word' id='word_1_418' title='bbox 2657 1070 2932 1134; x_wconf 88' lang='lat' dir='ltr'><strong>bonitate</strong></span> <span class='ocrx_word' id='word_1_419' title='bbox 2982 1079 3197 1151; x_wconf 85' lang='lat' dir='ltr'><strong>postea</strong></span> <span class='ocrx_word' id='word_1_420' title='bbox 3234 1077 3503 1138; x_wconf 90' lang='lat' dir='ltr'><strong>redden-</strong></span> 
     </span>
     <span class='ocr_line' id='line_1_74' title="bbox 1968 1158 3503 1245; baseline 0.01 -28"><span class='ocrx_word' id='word_1_421' title='bbox 1968 1158 2166 1218; x_wconf 84' lang='lat' dir='ltr'><strong>dum?</strong></span> <span class='ocrx_word' id='word_1_422' title='bbox 2196 1161 2380 1220; x_wconf 86' lang='lat' dir='ltr'><strong>Sotus</strong></span> <span class='ocrx_word' id='word_1_423' title='bbox 2409 1161 2515 1221; x_wconf 89' lang='lat' dir='ltr'><strong>lib.</strong></span> <span class='ocrx_word' id='word_1_424' title='bbox 2551 1164 2652 1225; x_wconf 74' lang='lat' dir='ltr'><strong>vl.</strong></span> <span class='ocrx_word' id='word_1_425' title='bbox 2685 1163 2958 1243; x_wconf 71' lang='lat' dir='ltr'><strong>dejustet.</strong></span> <span class='ocrx_word' id='word_1_426' title='bbox 2996 1184 3056 1245; x_wconf 91' lang='lat' dir='ltr'><strong>q.</strong></span> <span class='ocrx_word' id='word_1_427' title='bbox 3094 1185 3135 1227; x_wconf 89' lang='lat'><strong>1.</strong></span> <span class='ocrx_word' id='word_1_428' title='bbox 3170 1173 3287 1229; x_wconf 88' lang='lat' dir='ltr'><strong>art.</strong></span> <span class='ocrx_word' id='word_1_429' title='bbox 3321 1174 3380 1231; x_wconf 76' lang='lat'><strong>2.</strong></span> <span class='ocrx_word' id='word_1_430' title='bbox 3417 1171 3503 1232; x_wconf 78' lang='lat' dir='ltr'><strong>at-</strong></span> 
     </span>
     <span class='ocr_line' id='line_1_75' title="bbox 1967 1252 3505 1339; baseline 0.01 -30"><span class='ocrx_word' id='word_1_431' title='bbox 1967 1252 2217 1311; x_wconf 81' lang='lat' dir='ltr'><strong>firmare</strong></span> <span class='ocrx_word' id='word_1_432' title='bbox 2265 1253 2538 1327; x_wconf 73' lang='lat' dir='ltr'><strong>videtui-3</strong></span> <span class='ocrx_word' id='word_1_433' title='bbox 2593 1256 2741 1334; x_wconf 89' lang='lat' dir='ltr'><strong>quia</strong></span> <span class='ocrx_word' id='word_1_434' title='bbox 2796 1258 2856 1317; x_wconf 91' lang='lat' dir='ltr'><strong>in</strong></span> <span class='ocrx_word' id='word_1_435' title='bbox 2909 1263 3128 1320; x_wconf 89' lang='lat' dir='ltr'><strong>mutuo</strong></span> <span class='ocrx_word' id='word_1_436' title='bbox 3187 1268 3505 1339; x_wconf 83' lang='lat' dir='ltr'><strong>spectatur</strong></span> 
     </span>
     <span class='ocr_line' id='line_1_76' title="bbox 1966 1345 3502 1434; baseline 0.01 -32"><span class='ocrx_word' id='word_1_437' title='bbox 1966 1345 2308 1422; x_wconf 84' lang='lat' dir='ltr'><strong>proportiO,</strong></span> <span class='ocrx_word' id='word_1_438' title='bbox 2330 1364 2439 1405; x_wconf 89' lang='lat' dir='ltr'><strong>seu</strong></span> <span class='ocrx_word' id='word_1_439' title='bbox 2469 1348 2792 1425; x_wconf 84' lang='lat' dir='ltr'><strong>aequalitas</strong></span> <span class='ocrx_word' id='word_1_440' title='bbox 2812 1368 3169 1428; x_wconf 89' lang='lat' dir='ltr'><strong>corporum,</strong></span> <span class='ocrx_word' id='word_1_441' title='bbox 3191 1372 3330 1431; x_wconf 82' lang='grc' dir='ltr'><strong>(1οω</strong></span> <span class='ocrx_word' id='word_1_442' title='bbox 3360 1375 3502 1434; x_wconf 83' lang='grc'>1101·-</span> 
     </span>
     <span class='ocr_line' id='line_1_77' title="bbox 1966 1440 3497 1527; baseline 0.011 -34"><span class='ocrx_word' id='word_1_443' title='bbox 1966 1441 2326 1513; x_wconf 82' lang='lat' dir='ltr'><strong>mutantur,</strong></span> <span class='ocrx_word' id='word_1_444' title='bbox 2374 1456 2498 1498; x_wconf 92' lang='lat' dir='ltr'><strong>non</strong></span> <span class='ocrx_word' id='word_1_445' title='bbox 2545 1440 2912 1516; x_wconf 90' lang='lat' dir='ltr'><strong>pretiorum.</strong></span> <span class='ocrx_word' id='word_1_446' title='bbox 2973 1444 3203 1505; x_wconf 89' lang='lat' dir='ltr'><strong>Molina</strong></span> <span class='ocrx_word' id='word_1_447' title='bbox 3240 1447 3300 1507; x_wconf 89' lang='lat' dir='ltr'><strong>d.</strong></span> <span class='ocrx_word' id='word_1_448' title='bbox 3338 1448 3497 1527; x_wconf 89' lang='lat' dir='ltr'><strong>disp.</strong></span> 
     </span>
     <span class='ocr_line' id='line_1_78' title="bbox 1965 1529 3501 1611; baseline 0.008 -23"><span class='ocrx_word' id='word_1_449' title='bbox 1965 1531 2102 1589; x_wconf 88' lang='grc'>311.</span> <span class='ocrx_word' id='word_1_450' title='bbox 2146 1529 2308 1590; x_wconf 87' lang='lat' dir='ltr'><strong>hanc</strong></span> <span class='ocrx_word' id='word_1_451' title='bbox 2349 1532 2719 1592; x_wconf 84' lang='lat' dir='ltr'><strong>sententiam</strong></span> <span class='ocrx_word' id='word_1_452' title='bbox 2762 1533 3067 1611; x_wconf 85' lang='lat' dir='ltr'><strong>admittit,</strong></span> <span class='ocrx_word' id='word_1_453' title='bbox 3119 1536 3169 1596; x_wconf 89' lang='lat' dir='ltr'><strong>si</strong></span> <span class='ocrx_word' id='word_1_454' title='bbox 3211 1540 3501 1601; x_wconf 85' lang='lat' dir='ltr'><strong>solutioni</strong></span> 
     </span>
     <span class='ocr_line' id='line_1_79' title="bbox 1963 1621 3506 1710; baseline 0.008 -29"><span class='ocrx_word' id='word_1_455' title='bbox 1963 1621 2267 1682; x_wconf 89' lang='lat' dir='ltr'><strong>terminus</strong></span> <span class='ocrx_word' id='word_1_456' title='bbox 2296 1640 2421 1682; x_wconf 88' lang='lat' dir='ltr'><strong>non</strong></span> <span class='ocrx_word' id='word_1_457' title='bbox 2454 1626 2849 1703; x_wconf 66' lang='lat' dir='ltr'><strong>praefigatur,</strong></span> <span class='ocrx_word' id='word_1_458' title='bbox 2897 1627 3015 1686; x_wconf 90' lang='lat' dir='ltr'><strong>sibi</strong></span> <span class='ocrx_word' id='word_1_459' title='bbox 3045 1629 3212 1689; x_wconf 90' lang='lat' dir='ltr'><strong>enim</strong></span> <span class='ocrx_word' id='word_1_460' title='bbox 3239 1631 3506 1710; x_wconf 78' lang='lat' dir='ltr'><strong>imputet</strong></span> 
     </span>
     <span class='ocr_line' id='line_1_80' title="bbox 1965 1715 3503 1794; baseline 0.008 -20"><span class='ocrx_word' id='word_1_461' title='bbox 1965 1715 2380 1775; x_wconf 82' lang='lat' dir='ltr'><strong>mutuatarius</strong></span> <span class='ocrx_word' id='word_1_462' title='bbox 2427 1716 2595 1794; x_wconf 89' lang='lat' dir='ltr'><strong>quod</strong></span> <span class='ocrx_word' id='word_1_463' title='bbox 2650 1737 2774 1779; x_wconf 92' lang='lat' dir='ltr'><strong>non</strong></span> <span class='ocrx_word' id='word_1_464' title='bbox 2825 1719 3175 1783; x_wconf 86' lang='lat' dir='ltr'><strong>reddiderit</strong></span> <span class='ocrx_word' id='word_1_465' title='bbox 3215 1729 3503 1785; x_wconf 87' lang='lat' dir='ltr'><strong>mutuum</strong></span> 
     </span>
     <span class='ocr_line' id='line_1_81' title="bbox 1966 1808 3503 1890; baseline 0.008 -24"><span class='ocrx_word' id='word_1_466' title='bbox 1966 1808 2217 1885; x_wconf 87' lang='lat' dir='ltr'><strong>quando</strong></span> <span class='ocrx_word' id='word_1_467' title='bbox 2246 1809 2446 1869; x_wconf 86' lang='lat' dir='ltr'><strong>viliori</strong></span> <span class='ocrx_word' id='word_1_468' title='bbox 2473 1809 2672 1887; x_wconf 90' lang='lat' dir='ltr'><strong>pretio</strong></span> <span class='ocrx_word' id='word_1_469' title='bbox 2703 1811 2907 1871; x_wconf 79' lang='lat' dir='ltr'><strong>facere</strong></span> <span class='ocrx_word' id='word_1_470' title='bbox 2937 1813 3271 1890; x_wconf 89' lang='lat' dir='ltr'><strong>potuisset;</strong></span> <span class='ocrx_word' id='word_1_471' title='bbox 3324 1836 3503 1879; x_wconf 86' lang='lat' dir='ltr'><strong>secus</strong></span> 
     </span>
     <span class='ocr_line' id='line_1_82' title="bbox 1965 1901 3500 1989; baseline 0.008 -30"><span class='ocrx_word' id='word_1_472' title='bbox 1965 1918 2112 1961; x_wconf 90' lang='lat' dir='ltr'><strong>vero</strong></span> <span class='ocrx_word' id='word_1_473' title='bbox 2143 1901 2215 1977; x_wconf 66' lang='lat' dir='ltr'><strong>[si</strong></span> <span class='ocrx_word' id='word_1_474' title='bbox 2242 1901 2549 1962; x_wconf 88' lang='lat' dir='ltr'><strong>terminus</strong></span> <span class='ocrx_word' id='word_1_475' title='bbox 2583 1902 2932 1981; x_wconf 77' lang='lat' dir='ltr'><strong>praefigitur</strong></span> <span class='ocrx_word' id='word_1_476' title='bbox 2978 1907 3306 1985; x_wconf 89' lang='lat' dir='ltr'><strong>solutioni,</strong></span> <span class='ocrx_word' id='word_1_477' title='bbox 3376 1929 3500 1989; x_wconf 91' lang='lat' dir='ltr'><strong>quo</strong></span> 
     </span>
     <span class='ocr_line' id='line_1_83' title="bbox 1964 1994 3501 2074; baseline 0.007 -21"><span class='ocrx_word' id='word_1_478' title='bbox 1964 1996 2247 2070; x_wconf 89' lang='lat' dir='ltr'><strong>tempore</strong></span> <span class='ocrx_word' id='word_1_479' title='bbox 2315 1994 2696 2073; x_wconf 85' lang='lat' dir='ltr'><strong>praevidetur</strong></span> <span class='ocrx_word' id='word_1_480' title='bbox 2747 2002 3156 2074; x_wconf 85' lang='lat' dir='ltr'><strong>augmentum</strong></span> <span class='ocrx_word' id='word_1_481' title='bbox 3222 2001 3501 2063; x_wconf 87' lang='lat' dir='ltr'><strong>futurum</strong></span> 
     </span>
     <span class='ocr_line' id='line_1_84' title="bbox 1965 2085 3502 2163; baseline 0.007 -19"><span class='ocrx_word' id='word_1_482' title='bbox 1965 2085 2143 2163; x_wconf 85' lang='lat' dir='ltr'><strong>pretii</strong></span> <span class='ocrx_word' id='word_1_483' title='bbox 2198 2105 2211 2145; x_wconf 91' lang='lat'>:</span> <span class='ocrx_word' id='word_1_484' title='bbox 2272 2090 2420 2146; x_wconf 89' lang='lat' dir='ltr'><strong>tunc</strong></span> <span class='ocrx_word' id='word_1_485' title='bbox 2449 2087 2615 2146; x_wconf 89' lang='lat' dir='ltr'><strong>enim</strong></span> <span class='ocrx_word' id='word_1_486' title='bbox 2647 2107 2835 2148; x_wconf 89' lang='lat' dir='ltr'><strong>usura</strong></span> <span class='ocrx_word' id='word_1_487' title='bbox 2866 2090 2981 2151; x_wconf 89' lang='lat' dir='ltr'><strong>erit</strong></span> <span class='ocrx_word' id='word_1_488' title='bbox 3009 2091 3298 2153; x_wconf 88' lang='lat' dir='ltr'><strong>eamdem</strong></span> <span class='ocrx_word' id='word_1_489' title='bbox 3323 2112 3502 2155; x_wconf 89' lang='lat' dir='ltr'><strong>men—</strong></span> 
     </span>
     <span class='ocr_line' id='line_1_85' title="bbox 1962 2179 3499 2264; baseline 0.007 -27"><span class='ocrx_word' id='word_1_490' title='bbox 1962 2196 2175 2237; x_wconf 86' lang='lat' dir='ltr'><strong>suram</strong></span> <span class='ocrx_word' id='word_1_491' title='bbox 2204 2179 2483 2257; x_wconf 84' lang='lat' dir='ltr'><strong>exigere,</strong></span> <span class='ocrx_word' id='word_1_492' title='bbox 2536 2179 2655 2238; x_wconf 92' lang='lat' dir='ltr'><strong>nisi</strong></span> <span class='ocrx_word' id='word_1_493' title='bbox 2700 2200 2897 2259; x_wconf 89' lang='lat' dir='ltr'><strong>usque</strong></span> <span class='ocrx_word' id='word_1_494' title='bbox 2943 2183 3024 2242; x_wconf 92' lang='lat' dir='ltr'><strong>ad</strong></span> <span class='ocrx_word' id='word_1_495' title='bbox 3069 2184 3223 2244; x_wconf 90' lang='lat' dir='ltr'><strong>illud</strong></span> <span class='ocrx_word' id='word_1_496' title='bbox 3253 2191 3499 2264; x_wconf 84' lang='lat' dir='ltr'><strong>tempus</strong></span> 
     </span>
     <span class='ocr_line' id='line_1_86' title="bbox 1962 2272 3403 2340; baseline 0.008 -12"><span class='ocrx_word' id='word_1_497' title='bbox 1962 2277 2256 2330; x_wconf 86' lang='lat' dir='ltr'><strong>mutuans</strong></span> <span class='ocrx_word' id='word_1_498' title='bbox 2286 2272 2585 2332; x_wconf 88' lang='lat' dir='ltr'><strong>voluisset</strong></span> <span class='ocrx_word' id='word_1_499' title='bbox 2613 2292 2794 2333; x_wconf 80' lang='lat' dir='ltr'><strong>suum</strong></span> <span class='ocrx_word' id='word_1_500' title='bbox 2824 2273 3099 2335; x_wconf 89' lang='lat' dir='ltr'><strong>triticum</strong></span> <span class='ocrx_word' id='word_1_501' title='bbox 3128 2296 3403 2340; x_wconf 87' lang='lat' dir='ltr'><strong>servare.</strong></span> 
     </span>
    </p>

    <p class='ocr_par' dir='ltr' id='par_1_12' title="bbox 1935 2363 3499 5415">
     <span class='ocr_line' id='line_1_87' title="bbox 2047 2363 3499 2440; baseline 0.008 -18"><span class='ocrx_word' id='word_1_502' title='bbox 2047 2363 2166 2423; x_wconf 84' lang='lat' dir='ltr'><strong>Alii</strong></span> <span class='ocrx_word' id='word_1_503' title='bbox 2193 2364 2415 2423; x_wconf 90' lang='lat' dir='ltr'><strong>melius</strong></span> <span class='ocrx_word' id='word_1_504' title='bbox 2444 2365 2692 2440; x_wconf 89' lang='lat' dir='ltr'><strong>dicunt,</strong></span> <span class='ocrx_word' id='word_1_505' title='bbox 2727 2365 2970 2427; x_wconf 89' lang='lat' dir='ltr'><strong>etiamsi</strong></span> <span class='ocrx_word' id='word_1_506' title='bbox 2998 2369 3301 2430; x_wconf 87' lang='lat' dir='ltr'><strong>terminus</strong></span> <span class='ocrx_word' id='word_1_507' title='bbox 3332 2373 3499 2433; x_wconf 91' lang='lat' dir='ltr'><strong>solu-</strong></span> 
     </span>
     <span class='ocr_line' id='line_1_88' title="bbox 1961 2455 3497 2535; baseline 0.006 -18"><span class='ocrx_word' id='word_1_508' title='bbox 1961 2455 2114 2517; x_wconf 90' lang='lat' dir='ltr'><strong>tioni</strong></span> <span class='ocrx_word' id='word_1_509' title='bbox 2165 2474 2287 2515; x_wconf 92' lang='lat' dir='ltr'><strong>non</strong></span> <span class='ocrx_word' id='word_1_510' title='bbox 2330 2457 2734 2535; x_wconf 65' lang='lat' dir='ltr'><strong>praefigatur,</strong></span> <span class='ocrx_word' id='word_1_511' title='bbox 2797 2478 2919 2519; x_wconf 93' lang='grc'><strong>000</strong></span> <span class='ocrx_word' id='word_1_512' title='bbox 2966 2461 3153 2522; x_wconf 90' lang='lat' dir='ltr'><strong>licere</strong></span> <span class='ocrx_word' id='word_1_513' title='bbox 3208 2465 3497 2526; x_wconf 88' lang='lat' dir='ltr'><strong>eamdem</strong></span> 
     </span>
     <span class='ocr_line' id='line_1_89' title="bbox 1960 2549 3496 2632; baseline 0.008 -24"><span class='ocrx_word' id='word_1_514' title='bbox 1960 2567 2318 2608; x_wconf 87' lang='lat' dir='ltr'><strong>mensuram</strong></span> <span class='ocrx_word' id='word_1_515' title='bbox 2348 2549 2615 2628; x_wconf 81' lang='lat' dir='ltr'><strong>exigere,</strong></span> <span class='ocrx_word' id='word_1_516' title='bbox 2639 2552 2890 2630; x_wconf 87' lang='lat' dir='ltr'><strong>quando</strong></span> <span class='ocrx_word' id='word_1_517' title='bbox 2912 2556 3294 2632; x_wconf 64' lang='lat' dir='ltr'><strong>praevidetur</strong></span> <span class='ocrx_word' id='word_1_518' title='bbox 3305 2559 3496 2620; x_wconf 89' lang='lat' dir='ltr'><strong>etiam</strong></span> 
     </span>
     <span class='ocr_line' id='line_1_90' title="bbox 1961 2642 3497 2728; baseline 0.008 -27"><span class='ocrx_word' id='word_1_519' title='bbox 1961 2642 2369 2720; x_wconf 88' lang='lat' dir='ltr'><strong>probabiliter</strong></span> <span class='ocrx_word' id='word_1_520' title='bbox 2407 2643 2731 2704; x_wconf 89' lang='lat' dir='ltr'><strong>solutionis</strong></span> <span class='ocrx_word' id='word_1_521' title='bbox 2761 2650 3042 2723; x_wconf 88' lang='lat' dir='ltr'><strong>tempore</strong></span> <span class='ocrx_word' id='word_1_522' title='bbox 3071 2648 3275 2728; x_wconf 87' lang='lat' dir='ltr'><strong>majus</strong></span> <span class='ocrx_word' id='word_1_523' title='bbox 3307 2652 3497 2713; x_wconf 89' lang='lat' dir='ltr'><strong>tritici</strong></span> 
     </span>
     <span class='ocr_line' id='line_1_91' title="bbox 1957 2735 3493 2822; baseline 0.008 -29"><span class='ocrx_word' id='word_1_524' title='bbox 1957 2735 2229 2813; x_wconf 88' lang='lat' dir='ltr'><strong>pretium</strong></span> <span class='ocrx_word' id='word_1_525' title='bbox 2244 2735 2542 2796; x_wconf 83' lang='lat' dir='ltr'><strong>futurum.</strong></span> <span class='ocrx_word' id='word_1_526' title='bbox 2576 2738 2706 2796; x_wconf 89' lang='lat' dir='ltr'><strong>Imo</strong></span> <span class='ocrx_word' id='word_1_527' title='bbox 2723 2736 2890 2797; x_wconf 89' lang='lat' dir='ltr'><strong>idem</strong></span> <span class='ocrx_word' id='word_1_528' title='bbox 2906 2739 3273 2818; x_wconf 84' lang='lat' dir='ltr'><strong>intelligitur</strong></span> <span class='ocrx_word' id='word_1_529' title='bbox 3298 2763 3493 2822; x_wconf 91' lang='lat' dir='ltr'><strong>quan-</strong></span> 
     </span>
     <span class='ocr_line' id='line_1_92' title="bbox 1959 2827 3496 2906; baseline 0.008 -19"><span class='ocrx_word' id='word_1_530' title='bbox 1959 2828 2038 2888; x_wconf 88' lang='lat' dir='ltr'><strong>do</strong></span> <span class='ocrx_word' id='word_1_531' title='bbox 2067 2827 2329 2888; x_wconf 90' lang='lat' dir='ltr'><strong>dubium</strong></span> <span class='ocrx_word' id='word_1_532' title='bbox 2359 2833 2489 2906; x_wconf 83' lang='lat' dir='ltr'><strong>est,</strong></span> <span class='ocrx_word' id='word_1_533' title='bbox 2550 2829 2657 2889; x_wconf 89' lang='lat' dir='ltr'><strong>sed</strong></span> <span class='ocrx_word' id='word_1_534' title='bbox 2686 2835 2895 2891; x_wconf 87' lang='lat' dir='ltr'><strong>tamen</strong></span> <span class='ocrx_word' id='word_1_535' title='bbox 2926 2832 3186 2893; x_wconf 90' lang='lat' dir='ltr'><strong>dubium</strong></span> <span class='ocrx_word' id='word_1_536' title='bbox 3231 2854 3351 2897; x_wconf 88' lang='lat' dir='ltr'><strong>non</strong></span> <span class='ocrx_word' id='word_1_537' title='bbox 3400 2844 3496 2901; x_wconf 90' lang='lat' dir='ltr'><strong>est</strong></span> 
     </span>
     <span class='ocr_line' id='line_1_93' title="bbox 1957 2920 3487 3008; baseline 0.007 -27"><span class='ocrx_word' id='word_1_538' title='bbox 1957 2920 2218 2999; x_wconf 78' lang='lat' dir='ltr'><strong>aequale,</strong></span> <span class='ocrx_word' id='word_1_539' title='bbox 2270 2921 2378 2981; x_wconf 89' lang='lat' dir='ltr'><strong>sed</strong></span> <span class='ocrx_word' id='word_1_540' title='bbox 2425 2922 2808 3000; x_wconf 88' lang='lat' dir='ltr'><strong>probabilius</strong></span> <span class='ocrx_word' id='word_1_541' title='bbox 2855 2929 2949 2986; x_wconf 90' lang='lat' dir='ltr'><strong>est</strong></span> <span class='ocrx_word' id='word_1_542' title='bbox 3004 2927 3172 3004; x_wconf 92' lang='lat' dir='ltr'><strong>quod</strong></span> <span class='ocrx_word' id='word_1_543' title='bbox 3229 2937 3487 3008; x_wconf 85' lang='lat' dir='ltr'><strong>crescet,</strong></span> 
     </span>
     <span class='ocr_line' id='line_1_94' title="bbox 1957 3013 3491 3099; baseline 0.008 -27"><span class='ocrx_word' id='word_1_544' title='bbox 1957 3032 2148 3092; x_wconf 86' lang='lat' dir='ltr'><strong>quam</strong></span> <span class='ocrx_word' id='word_1_545' title='bbox 2202 3013 2371 3092; x_wconf 90' lang='lat' dir='ltr'><strong>quod</strong></span> <span class='ocrx_word' id='word_1_546' title='bbox 2425 3014 2745 3076; x_wconf 85' lang='lat' dir='ltr'><strong>decrescet</strong></span> <span class='ocrx_word' id='word_1_547' title='bbox 2798 3017 3102 3094; x_wconf 80' lang='lat' dir='ltr'><strong>pretium3</strong></span> <span class='ocrx_word' id='word_1_548' title='bbox 3164 3039 3285 3099; x_wconf 91' lang='lat' dir='ltr'><strong>quo</strong></span> <span class='ocrx_word' id='word_1_549' title='bbox 3343 3041 3491 3084; x_wconf 89' lang='lat' dir='ltr'><strong>casu</strong></span> 
     </span>
     <span class='ocr_line' id='line_1_95' title="bbox 1955 3106 3491 3194; baseline 0.007 -27"><span class='ocrx_word' id='word_1_550' title='bbox 1955 3106 2184 3167; x_wconf 89' lang='lat' dir='ltr'><strong>Molina</strong></span> <span class='ocrx_word' id='word_1_551' title='bbox 2214 3106 2506 3182; x_wconf 87' lang='lat' dir='ltr'><strong>admittit,</strong></span> <span class='ocrx_word' id='word_1_552' title='bbox 2554 3108 2806 3186; x_wconf 85' lang='lat' dir='ltr'><strong>quando</strong></span> <span class='ocrx_word' id='word_1_553' title='bbox 2837 3111 3143 3173; x_wconf 89' lang='lat' dir='ltr'><strong>terminus</strong></span> <span class='ocrx_word' id='word_1_554' title='bbox 3179 3114 3296 3176; x_wconf 89' lang='lat' dir='ltr'><strong>fuit</strong></span> <span class='ocrx_word' id='word_1_555' title='bbox 3330 3134 3491 3194; x_wconf 70' lang='lat' dir='ltr'><strong>prze-</strong></span> 
     </span>
     <span class='ocr_line' id='line_1_96' title="bbox 1953 3200 3489 3275; baseline 0.007 -16"><span class='ocrx_word' id='word_1_556' title='bbox 1953 3203 2133 3275; x_wconf 26' lang='lat' dir='ltr'><strong>fixssus,</strong></span> <span class='ocrx_word' id='word_1_557' title='bbox 2184 3204 2247 3260; x_wconf 91' lang='lat' dir='ltr'><strong>et</strong></span> <span class='ocrx_word' id='word_1_558' title='bbox 2275 3218 2400 3260; x_wconf 91' lang='lat' dir='ltr'><strong>non</strong></span> <span class='ocrx_word' id='word_1_559' title='bbox 2448 3217 2581 3260; x_wconf 82' lang='lat' dir='ltr'><strong>erat</strong></span> <span class='ocrx_word' id='word_1_560' title='bbox 2624 3200 2899 3262; x_wconf 89' lang='lat' dir='ltr'><strong>triticum</strong></span> <span class='ocrx_word' id='word_1_561' title='bbox 2926 3221 2965 3263; x_wconf 92' lang='lat' dir='ltr'><strong>a</strong></span> <span class='ocrx_word' id='word_1_562' title='bbox 3009 3210 3335 3269; x_wconf 86' lang='lat' dir='ltr'><strong>mutuante</strong></span> <span class='ocrx_word' id='word_1_563' title='bbox 3363 3229 3489 3269; x_wconf 89' lang='lat' dir='ltr'><strong>ser-</strong></span> 
     </span>
     <span class='ocr_line' id='line_1_97' title="bbox 1954 3292 3490 3373; baseline 0.007 -21"><span class='ocrx_word' id='word_1_564' title='bbox 1954 3293 2253 3368; x_wconf 88' lang='lat' dir='ltr'><strong>vandum,</strong></span> <span class='ocrx_word' id='word_1_565' title='bbox 2286 3292 2543 3372; x_wconf 88' lang='lat' dir='ltr'><strong>aliquid,</strong></span> <span class='ocrx_word' id='word_1_566' title='bbox 2568 3294 2714 3355; x_wconf 84' lang='lat' dir='ltr'><strong>licet</strong></span> <span class='ocrx_word' id='word_1_567' title='bbox 2742 3313 2868 3354; x_wconf 91' lang='lat' dir='ltr'><strong>non</strong></span> <span class='ocrx_word' id='word_1_568' title='bbox 2898 3300 3119 3373; x_wconf 90' lang='lat' dir='ltr'><strong>totum,</strong></span> <span class='ocrx_word' id='word_1_569' title='bbox 3143 3302 3490 3362; x_wconf 86' lang='lat' dir='ltr'><strong>resarcien-</strong></span> 
     </span>
     <span class='ocr_line' id='line_1_98' title="bbox 1953 3385 3490 3474; baseline 0.006 -28"><span class='ocrx_word' id='word_1_570' title='bbox 1953 3385 2102 3446; x_wconf 91' lang='lat' dir='ltr'><strong>dum</strong></span> <span class='ocrx_word' id='word_1_571' title='bbox 2133 3403 2268 3446; x_wconf 89' lang='lat' dir='ltr'><strong>csse</strong></span> <span class='ocrx_word' id='word_1_572' title='bbox 2295 3385 2673 3446; x_wconf 85' lang='lat' dir='ltr'><strong>mutuatario</strong></span> <span class='ocrx_word' id='word_1_573' title='bbox 2705 3405 2816 3464; x_wconf 90' lang='lat' dir='ltr'><strong>pro</strong></span> <span class='ocrx_word' id='word_1_574' title='bbox 2847 3406 3102 3450; x_wconf 88' lang='lat' dir='ltr'><strong>excessu</strong></span> <span class='ocrx_word' id='word_1_575' title='bbox 3148 3392 3251 3453; x_wconf 91' lang='lat' dir='ltr'><strong>illo</strong></span> <span class='ocrx_word' id='word_1_576' title='bbox 3288 3394 3490 3474; x_wconf 90' lang='lat' dir='ltr'><strong>majo-</strong></span> 
     </span>
     <span class='ocr_line' id='line_1_99' title="bbox 1951 3478 3488 3561; baseline 0.006 -23"><span class='ocrx_word' id='word_1_577' title='bbox 1951 3478 2036 3539; x_wconf 77' lang='lat' dir='ltr'><strong>ris</strong></span> <span class='ocrx_word' id='word_1_578' title='bbox 2066 3478 2520 3556; x_wconf 83' lang='lat' dir='ltr'><strong>probabilitatis</strong></span> <span class='ocrx_word' id='word_1_579' title='bbox 2547 3478 2625 3538; x_wconf 88' lang='lat' dir='ltr'><strong>de</strong></span> <span class='ocrx_word' id='word_1_580' title='bbox 2653 3486 3014 3557; x_wconf 87' lang='lat' dir='ltr'><strong>augmento,</strong></span> <span class='ocrx_word' id='word_1_581' title='bbox 3049 3502 3238 3561; x_wconf 90' lang='lat' dir='ltr'><strong>quam</strong></span> <span class='ocrx_word' id='word_1_582' title='bbox 3267 3487 3344 3546; x_wconf 93' lang='lat' dir='ltr'><strong>de</strong></span> <span class='ocrx_word' id='word_1_583' title='bbox 3377 3488 3488 3547; x_wconf 89' lang='grc'>(10-</span> 
     </span>
     <span class='ocr_line' id='line_1_100' title="bbox 1950 3570 3485 3648; baseline 0.007 -18"><span class='ocrx_word' id='word_1_584' title='bbox 1950 3575 2269 3632; x_wconf 90' lang='lat' dir='ltr'><strong>cremento</strong></span> <span class='ocrx_word' id='word_1_585' title='bbox 2299 3570 2501 3648; x_wconf 90' lang='lat' dir='ltr'><strong>pretii.</strong></span> <span class='ocrx_word' id='word_1_586' title='bbox 2544 3573 2719 3631; x_wconf 86' lang='lat' dir='ltr'><strong>Hanc</strong></span> <span class='ocrx_word' id='word_1_587' title='bbox 2747 3574 3119 3634; x_wconf 87' lang='lat' dir='ltr'><strong>sententiam</strong></span> <span class='ocrx_word' id='word_1_588' title='bbox 3147 3581 3317 3639; x_wconf 91' lang='lat' dir='ltr'><strong>tenet</strong></span> <span class='ocrx_word' id='word_1_589' title='bbox 3343 3581 3485 3640; x_wconf 83' lang='lat' dir='ltr'><strong>Les-</strong></span> 
     </span>
     <span class='ocr_line' id='line_1_101' title="bbox 1953 3663 3484 3748; baseline 0.007 -26"><span class='ocrx_word' id='word_1_590' title='bbox 1953 3663 2079 3723; x_wconf 89' lang='lat' dir='ltr'><strong>sius</strong></span> <span class='ocrx_word' id='word_1_591' title='bbox 2117 3664 2222 3722; x_wconf 89' lang='lat' dir='ltr'><strong>illa</strong></span> <span class='ocrx_word' id='word_1_592' title='bbox 2270 3664 2468 3724; x_wconf 87' lang='lat' dir='ltr'><strong>dubit.</strong></span> <span class='ocrx_word' id='word_1_593' title='bbox 2501 3680 2655 3724; x_wconf 81' lang='lat' dir='ltr'><strong>xvn.</strong></span> <span class='ocrx_word' id='word_1_594' title='bbox 2690 3669 2752 3725; x_wconf 89' lang='grc'><strong>01</strong></span> <span class='ocrx_word' id='word_1_595' title='bbox 2777 3665 2885 3725; x_wconf 90' lang='lat' dir='ltr'><strong>alii</strong></span> <span class='ocrx_word' id='word_1_596' title='bbox 2916 3666 3124 3744; x_wconf 89' lang='lat' dir='ltr'><strong>plures</strong></span> <span class='ocrx_word' id='word_1_597' title='bbox 3152 3688 3309 3748; x_wconf 89' lang='lat' dir='ltr'><strong>quos</strong></span> <span class='ocrx_word' id='word_1_598' title='bbox 3339 3690 3484 3734; x_wconf 91' lang='lat' dir='ltr'><strong>con-</strong></span> 
     </span>
     <span class='ocr_line' id='line_1_102' title="bbox 1949 3757 3484 3838; baseline 0.007 -25"><span class='ocrx_word' id='word_1_599' title='bbox 1949 3757 2112 3834; x_wconf 85' lang='lat' dir='ltr'><strong>gerit</strong></span> <span class='ocrx_word' id='word_1_600' title='bbox 2140 3761 2203 3816; x_wconf 89' lang='lat' dir='ltr'><strong>et</strong></span> <span class='ocrx_word' id='word_1_601' title='bbox 2227 3757 2509 3835; x_wconf 87' lang='lat' dir='ltr'><strong>sequitur</strong></span> <span class='ocrx_word' id='word_1_602' title='bbox 2538 3757 2713 3817; x_wconf 89' lang='lat' dir='ltr'><strong>Salas</strong></span> <span class='ocrx_word' id='word_1_603' title='bbox 2743 3776 2847 3818; x_wconf 93' lang='grc'><strong>00.</strong></span> <span class='ocrx_word' id='word_1_604' title='bbox 2900 3762 2959 3819; x_wconf 90' lang='grc'><strong>3.</strong></span> <span class='ocrx_word' id='word_1_605' title='bbox 3009 3761 3114 3838; x_wconf 93' lang='grc'>(101</span> <span class='ocrx_word' id='word_1_606' title='bbox 3143 3762 3352 3823; x_wconf 90' lang='lat' dir='ltr'><strong>multis</strong></span> <span class='ocrx_word' id='word_1_607' title='bbox 3382 3781 3484 3823; x_wconf 90' lang='lat' dir='ltr'><strong>ar-</strong></span> 
     </span>
     <span class='ocr_line' id='line_1_103' title="bbox 1949 3848 3483 3927; baseline 0.006 -18"><span class='ocrx_word' id='word_1_608' title='bbox 1949 3848 2265 3927; x_wconf 77' lang='lat' dir='ltr'><strong>gumentiS</strong></span> <span class='ocrx_word' id='word_1_609' title='bbox 2295 3867 2432 3907; x_wconf 89' lang='lat' dir='ltr'><strong>eam</strong></span> <span class='ocrx_word' id='word_1_610' title='bbox 2463 3849 2925 3909; x_wconf 84' lang='lat' dir='ltr'><strong>conclusionem</strong></span> <span class='ocrx_word' id='word_1_611' title='bbox 2956 3853 3304 3916; x_wconf 86' lang='lat' dir='ltr'><strong>confirmat.</strong></span> <span class='ocrx_word' id='word_1_612' title='bbox 3358 3859 3483 3918; x_wconf 86' lang='lat' dir='ltr'><strong>No—</strong></span> 
     </span>
     <span class='ocr_line' id='line_1_104' title="bbox 1948 3941 3481 4017; baseline 0.005 -15"><span class='ocrx_word' id='word_1_613' title='bbox 1948 3941 2210 4002; x_wconf 87' lang='lat' dir='ltr'><strong>tandum</strong></span> <span class='ocrx_word' id='word_1_614' title='bbox 2251 3946 2458 4001; x_wconf 89' lang='lat' dir='ltr'><strong>tamen</strong></span> <span class='ocrx_word' id='word_1_615' title='bbox 2501 3945 2627 4017; x_wconf 88' lang='lat' dir='ltr'><strong>est,</strong></span> <span class='ocrx_word' id='word_1_616' title='bbox 2677 3941 2740 4000; x_wconf 89' lang='lat' dir='ltr'><strong>in</strong></span> <span class='ocrx_word' id='word_1_617' title='bbox 2771 3960 2844 4001; x_wconf 91' lang='lat' dir='ltr'><strong>eo</strong></span> <span class='ocrx_word' id='word_1_618' title='bbox 2873 3947 3129 4004; x_wconf 88' lang='lat' dir='ltr'><strong>auctore</strong></span> <span class='ocrx_word' id='word_1_619' title='bbox 3168 3945 3481 4009; x_wconf 90' lang='lat' dir='ltr'><strong>defectum</strong></span> 
     </span>
     <span class='ocr_line' id='line_1_105' title="bbox 1949 4033 3476 4118; baseline 0.005 -25"><span class='ocrx_word' id='word_1_620' title='bbox 1949 4033 2222 4112; x_wconf 87' lang='lat' dir='ltr'><strong>aliquem</strong></span> <span class='ocrx_word' id='word_1_621' title='bbox 2283 4033 2621 4093; x_wconf 85' lang='lat' dir='ltr'><strong>notabilem</strong></span> <span class='ocrx_word' id='word_1_622' title='bbox 2681 4033 2871 4094; x_wconf 84' lang='lat' dir='ltr'><strong>fuisse</strong></span> <span class='ocrx_word' id='word_1_623' title='bbox 2931 4035 2993 4095; x_wconf 92' lang='lat' dir='ltr'><strong>in</strong></span> <span class='ocrx_word' id='word_1_624' title='bbox 3054 4040 3476 4118; x_wconf 81' lang='lat' dir='ltr'><strong>typographO,</strong></span> 
     </span>
     <span class='ocr_line' id='line_1_106' title="bbox 1949 4125 3479 4204; baseline 0.005 -19"><span class='ocrx_word' id='word_1_625' title='bbox 1949 4127 2055 4204; x_wconf 91' lang='lat' dir='ltr'><strong>qui</strong></span> <span class='ocrx_word' id='word_1_626' title='bbox 2083 4144 2196 4204; x_wconf 86' lang='lat' dir='ltr'><strong>per</strong></span> <span class='ocrx_word' id='word_1_627' title='bbox 2222 4125 2448 4185; x_wconf 89' lang='lat' dir='ltr'><strong>saltum</strong></span> <span class='ocrx_word' id='word_1_628' title='bbox 2470 4143 2546 4184; x_wconf 84' lang='lat' dir='ltr'><strong>ex</strong></span> <span class='ocrx_word' id='word_1_629' title='bbox 2574 4143 2698 4185; x_wconf 93' lang='lat' dir='ltr'><strong>una</strong></span> <span class='ocrx_word' id='word_1_630' title='bbox 2730 4127 3074 4204; x_wconf 67' lang='grc'>(1000511000</span> <span class='ocrx_word' id='word_1_631' title='bbox 3104 4129 3167 4188; x_wconf 90' lang='grc'><strong>10</strong></span> <span class='ocrx_word' id='word_1_632' title='bbox 3188 4131 3376 4192; x_wconf 88' lang='lat' dir='ltr'><strong>aliam</strong></span> <span class='ocrx_word' id='word_1_633' title='bbox 3389 4133 3479 4193; x_wconf 93' lang='lat' dir='ltr'><strong>di-</strong></span> 
     </span>
     <span class='ocr_line' id='line_1_107' title="bbox 1949 4218 3472 4299; baseline 0.007 -21"><span class='ocrx_word' id='word_1_634' title='bbox 1949 4237 2192 4279; x_wconf 86' lang='lat' dir='ltr'><strong>versam</strong></span> <span class='ocrx_word' id='word_1_635' title='bbox 2219 4218 2462 4293; x_wconf 88' lang='lat' dir='ltr'><strong>transit,</strong></span> <span class='ocrx_word' id='word_1_636' title='bbox 2498 4236 2558 4278; x_wconf 91' lang='lat' dir='ltr'><strong>n.</strong></span> <span class='ocrx_word' id='word_1_637' title='bbox 2593 4221 2653 4281; x_wconf 83' lang='lat'><strong>5.</strong></span> <span class='ocrx_word' id='word_1_638' title='bbox 2683 4220 2739 4297; x_wconf 66' lang='grc' dir='ltr'><strong>ἓ.</strong></span> <span class='ocrx_word' id='word_1_639' title='bbox 2773 4218 3039 4280; x_wconf 80' lang='lat' dir='ltr'><strong>Secundo</strong></span> <span class='ocrx_word' id='word_1_640' title='bbox 3066 4232 3225 4299; x_wconf 82' lang='lat' dir='ltr'><strong>nota,</strong></span> <span class='ocrx_word' id='word_1_641' title='bbox 3257 4224 3472 4287; x_wconf 91' lang='grc'>110.10.</span> 
     </span>
     <span class='ocr_line' id='line_1_108' title="bbox 1947 4310 3479 4388; baseline 0.005 -17"><span class='ocrx_word' id='word_1_642' title='bbox 1947 4312 2051 4371; x_wconf 88' lang='lat' dir='ltr'><strong>ubi</strong></span> <span class='ocrx_word' id='word_1_643' title='bbox 2073 4330 2148 4370; x_wconf 88' lang='lat' dir='ltr'><strong>ex</strong></span> <span class='ocrx_word' id='word_1_644' title='bbox 2178 4311 2443 4388; x_wconf 89' lang='lat' dir='ltr'><strong>abrupto</strong></span> <span class='ocrx_word' id='word_1_645' title='bbox 2470 4358 2484 4386; x_wconf 89' lang='lat'><strong>,</strong></span> <span class='ocrx_word' id='word_1_646' title='bbox 2519 4317 2581 4372; x_wconf 89' lang='lat' dir='ltr'><strong>et</strong></span> <span class='ocrx_word' id='word_1_647' title='bbox 2607 4310 2739 4371; x_wconf 89' lang='lat' dir='ltr'><strong>sine</strong></span> <span class='ocrx_word' id='word_1_648' title='bbox 2770 4315 3155 4375; x_wconf 85' lang='lat' dir='ltr'><strong>connexione</strong></span> <span class='ocrx_word' id='word_1_649' title='bbox 3200 4317 3272 4378; x_wconf 88' lang='lat' dir='ltr'><strong>fit</strong></span> <span class='ocrx_word' id='word_1_650' title='bbox 3311 4323 3479 4379; x_wconf 87' lang='lat' dir='ltr'><strong>tran-</strong></span> 
     </span>
     <span class='ocr_line' id='line_1_109' title="bbox 1944 4404 3477 4488; baseline 0.005 -24"><span class='ocrx_word' id='word_1_651' title='bbox 1944 4404 2096 4464; x_wconf 84' lang='lat' dir='ltr'><strong>situs</strong></span> <span class='ocrx_word' id='word_1_652' title='bbox 2138 4404 2220 4463; x_wconf 91' lang='lat' dir='ltr'><strong>ad</strong></span> <span class='ocrx_word' id='word_1_653' title='bbox 2262 4410 2634 4482; x_wconf 88' lang='lat' dir='ltr'><strong>argumenta</strong></span> <span class='ocrx_word' id='word_1_654' title='bbox 2681 4405 2906 4483; x_wconf 89' lang='lat' dir='ltr'><strong>quibus</strong></span> <span class='ocrx_word' id='word_1_655' title='bbox 2947 4412 3163 4469; x_wconf 89' lang='lat' dir='ltr'><strong>auctor</strong></span> <span class='ocrx_word' id='word_1_656' title='bbox 3209 4411 3477 4488; x_wconf 88' lang='lat' dir='ltr'><strong>probare</strong></span> 
     </span>
     <span class='ocr_line' id='line_1_110' title="bbox 1941 4495 3478 4578; baseline 0.007 -24"><span class='ocrx_word' id='word_1_657' title='bbox 1941 4496 2193 4556; x_wconf 86' lang='lat' dir='ltr'><strong>volebat</strong></span> <span class='ocrx_word' id='word_1_658' title='bbox 2217 4495 2383 4555; x_wconf 89' lang='lat' dir='ltr'><strong>idem</strong></span> <span class='ocrx_word' id='word_1_659' title='bbox 2414 4495 2475 4553; x_wconf 91' lang='lat' dir='ltr'><strong>in</strong></span> <span class='ocrx_word' id='word_1_660' title='bbox 2497 4497 2874 4574; x_wconf 80' lang='lat' dir='ltr'><strong>venditione,</strong></span> <span class='ocrx_word' id='word_1_661' title='bbox 2908 4501 3158 4578; x_wconf 84' lang='lat' dir='ltr'><strong>quaudo</strong></span> <span class='ocrx_word' id='word_1_662' title='bbox 3187 4503 3478 4565; x_wconf 87' lang='lat' dir='ltr'><strong>venditur</strong></span> 
     </span>
     <span class='ocr_line' id='line_1_111' title="bbox 1940 4588 3475 4675; baseline 0.007 -27"><span class='ocrx_word' id='word_1_663' title='bbox 1940 4589 2215 4649; x_wconf 87' lang='lat' dir='ltr'><strong>triticum</strong></span> <span class='ocrx_word' id='word_1_664' title='bbox 2252 4588 2619 4648; x_wconf 86' lang='lat' dir='ltr'><strong>solvendum</strong></span> <span class='ocrx_word' id='word_1_665' title='bbox 2668 4608 2740 4650; x_wconf 93' lang='lat' dir='ltr'><strong>eo</strong></span> <span class='ocrx_word' id='word_1_666' title='bbox 2782 4592 2981 4668; x_wconf 89' lang='lat' dir='ltr'><strong>pretio</strong></span> <span class='ocrx_word' id='word_1_667' title='bbox 3029 4613 3151 4672; x_wconf 90' lang='lat' dir='ltr'><strong>quo</strong></span> <span class='ocrx_word' id='word_1_668' title='bbox 3194 4600 3475 4675; x_wconf 89' lang='lat' dir='ltr'><strong>tempore</strong></span> 
     </span>
     <span class='ocr_line' id='line_1_112' title="bbox 1939 4679 3477 4763; baseline 0.007 -23"><span class='ocrx_word' id='word_1_669' title='bbox 1939 4679 2261 4741; x_wconf 91' lang='lat' dir='ltr'><strong>solutionis</strong></span> <span class='ocrx_word' id='word_1_670' title='bbox 2289 4680 2539 4755; x_wconf 85' lang='lat' dir='ltr'><strong>valebit,</strong></span> <span class='ocrx_word' id='word_1_671' title='bbox 2561 4700 2682 4759; x_wconf 90' lang='lat' dir='ltr'><strong>quo</strong></span> <span class='ocrx_word' id='word_1_672' title='bbox 2706 4687 2984 4760; x_wconf 89' lang='lat' dir='ltr'><strong>tempore</strong></span> <span class='ocrx_word' id='word_1_673' title='bbox 3014 4686 3477 4763; x_wconf 62' lang='lat' dir='ltr'><strong>praevidebatur</strong></span> 
     </span>
     <span class='ocr_line' id='line_1_113' title="bbox 1939 4772 3474 4860; baseline 0.007 -29"><span class='ocrx_word' id='word_1_674' title='bbox 1939 4773 2143 4851; x_wconf 87' lang='lat' dir='ltr'><strong>majus</strong></span> <span class='ocrx_word' id='word_1_675' title='bbox 2182 4772 2460 4832; x_wconf 86' lang='lat' dir='ltr'><strong>futurum</strong></span> <span class='ocrx_word' id='word_1_676' title='bbox 2490 4774 2793 4850; x_wconf 90' lang='lat' dir='ltr'><strong>pretium,</strong></span> <span class='ocrx_word' id='word_1_677' title='bbox 2851 4794 3041 4854; x_wconf 89' lang='lat' dir='ltr'><strong>quam</strong></span> <span class='ocrx_word' id='word_1_678' title='bbox 3082 4796 3155 4839; x_wconf 92' lang='lat' dir='ltr'><strong>eo</strong></span> <span class='ocrx_word' id='word_1_679' title='bbox 3195 4784 3474 4860; x_wconf 89' lang='lat' dir='ltr'><strong>tempore</strong></span> 
     </span>
     <span class='ocr_line' id='line_1_114' title="bbox 1940 4864 3472 4952; baseline 0.006 -27"><span class='ocrx_word' id='word_1_680' title='bbox 1940 4883 2062 4944; x_wconf 91' lang='lat' dir='ltr'><strong>quo</strong></span> <span class='ocrx_word' id='word_1_681' title='bbox 2093 4866 2368 4925; x_wconf 88' lang='lat' dir='ltr'><strong>triticum</strong></span> <span class='ocrx_word' id='word_1_682' title='bbox 2417 4864 2634 4925; x_wconf 88' lang='lat' dir='ltr'><strong>datum</strong></span> <span class='ocrx_word' id='word_1_683' title='bbox 2680 4866 2796 4927; x_wconf 85' lang='lat' dir='ltr'><strong>fuit</strong></span> <span class='ocrx_word' id='word_1_684' title='bbox 2826 4869 3126 4947; x_wconf 87' lang='lat' dir='ltr'><strong>emptori,</strong></span> <span class='ocrx_word' id='word_1_685' title='bbox 3174 4872 3253 4931; x_wconf 89' lang='lat' dir='ltr'><strong>ad</strong></span> <span class='ocrx_word' id='word_1_686' title='bbox 3304 4874 3472 4952; x_wconf 91' lang='lat' dir='ltr'><strong>quod</strong></span> 
     </span>
     <span class='ocr_line' id='line_1_115' title="bbox 1939 4956 3472 5044; baseline 0.008 -28"><span class='ocrx_word' id='word_1_687' title='bbox 1939 4956 2334 5036; x_wconf 84' lang='lat' dir='ltr'><strong>probandum</strong></span> <span class='ocrx_word' id='word_1_688' title='bbox 2365 4958 2545 5018; x_wconf 84' lang='lat' dir='ltr'><strong>affert</strong></span> <span class='ocrx_word' id='word_1_689' title='bbox 2569 4957 2744 5035; x_wconf 89' lang='lat' dir='ltr'><strong>plura</strong></span> <span class='ocrx_word' id='word_1_690' title='bbox 2775 4959 2896 5019; x_wconf 90' lang='lat' dir='ltr'><strong>alia</strong></span> <span class='ocrx_word' id='word_1_691' title='bbox 2916 4968 3304 5040; x_wconf 86' lang='lat' dir='ltr'><strong>argumenta,</strong></span> <span class='ocrx_word' id='word_1_692' title='bbox 3331 4985 3472 5044; x_wconf 85' lang='lat' dir='ltr'><strong>quae</strong></span> 
     </span>
     <span class='ocr_line' id='line_1_116' title="bbox 1939 5049 3474 5131; baseline 0.005 -20"><span class='ocrx_word' id='word_1_693' title='bbox 1939 5049 2387 5111; x_wconf 82' lang='lat' dir='ltr'><strong>connexionem</strong></span> <span class='ocrx_word' id='word_1_694' title='bbox 2435 5069 2559 5109; x_wconf 92' lang='lat' dir='ltr'><strong>non</strong></span> <span class='ocrx_word' id='word_1_695' title='bbox 2587 5050 2822 5111; x_wconf 85' lang='lat' dir='ltr'><strong>habent</strong></span> <span class='ocrx_word' id='word_1_696' title='bbox 2874 5071 3017 5111; x_wconf 90' lang='lat' dir='ltr'><strong>cum</strong></span> <span class='ocrx_word' id='word_1_697' title='bbox 3063 5057 3474 5131; x_wconf 77' lang='lat' dir='ltr'><strong>praecedenti-</strong></span> 
     </span>
     <span class='ocr_line' id='line_1_117' title="bbox 1935 5141 3470 5220; baseline 0.007 -18"><span class='ocrx_word' id='word_1_698' title='bbox 1935 5141 2053 5202; x_wconf 90' lang='lat' dir='ltr'><strong>bus</strong></span> <span class='ocrx_word' id='word_1_699' title='bbox 2088 5162 2100 5202; x_wconf 94' lang='lat'>:</span> <span class='ocrx_word' id='word_1_700' title='bbox 2138 5161 2332 5220; x_wconf 89' lang='lat' dir='ltr'><strong>quare</strong></span> <span class='ocrx_word' id='word_1_701' title='bbox 2370 5148 2610 5203; x_wconf 86' lang='lat' dir='ltr'><strong>certum</strong></span> <span class='ocrx_word' id='word_1_702' title='bbox 2639 5144 2907 5219; x_wconf 89' lang='lat' dir='ltr'><strong>videtur,</strong></span> <span class='ocrx_word' id='word_1_703' title='bbox 2942 5147 3235 5207; x_wconf 90' lang='lat' dir='ltr'><strong>omissam</strong></span> <span class='ocrx_word' id='word_1_704' title='bbox 3279 5150 3470 5213; x_wconf 86' lang='lat' dir='ltr'><strong>fuisse</strong></span> 
     </span>
     <span class='ocr_line' id='line_1_118' title="bbox 1937 5235 3470 5314; baseline 0.008 -21"><span class='ocrx_word' id='word_1_705' title='bbox 1937 5235 2426 5313; x_wconf 89' lang='lat' dir='ltr'><strong>propositionem</strong></span> <span class='ocrx_word' id='word_1_706' title='bbox 2475 5236 2835 5314; x_wconf 67' lang='lat' dir='ltr'><strong>quaestionis</strong></span> <span class='ocrx_word' id='word_1_707' title='bbox 2897 5242 2960 5297; x_wconf 89' lang='lat' dir='ltr'><strong>et</strong></span> <span class='ocrx_word' id='word_1_708' title='bbox 3005 5241 3470 5305; x_wconf 85' lang='lat' dir='ltr'><strong>conclusionem</strong></span> 
     </span>
     <span class='ocr_line' id='line_1_119' title="bbox 1937 5328 3470 5415; baseline 0.009 -29"><span class='ocrx_word' id='word_1_709' title='bbox 1937 5345 2163 5387; x_wconf 86' lang='lat' dir='ltr'><strong>novam</strong></span> <span class='ocrx_word' id='word_1_710' title='bbox 2183 5374 2199 5403; x_wconf 96' lang='lat'><strong>,</strong></span> <span class='ocrx_word' id='word_1_711' title='bbox 2234 5332 2297 5388; x_wconf 89' lang='lat' dir='ltr'><strong>et</strong></span> <span class='ocrx_word' id='word_1_712' title='bbox 2322 5328 2589 5407; x_wconf 86' lang='lat' dir='ltr'><strong>primam</strong></span> <span class='ocrx_word' id='word_1_713' title='bbox 2621 5329 3052 5406; x_wconf 88' lang='lat' dir='ltr'><strong>probationem</strong></span> <span class='ocrx_word' id='word_1_714' title='bbox 3072 5378 3087 5408; x_wconf 90' lang='lat'><strong>,</strong></span> <span class='ocrx_word' id='word_1_715' title='bbox 3120 5351 3262 5393; x_wconf 92' lang='lat' dir='ltr'><strong>cum</strong></span> <span class='ocrx_word' id='word_1_716' title='bbox 3291 5344 3470 5415; x_wconf 88' lang='lat' dir='ltr'><strong>parte</strong></span> 
     </span>
    </p>
   </div>
   <div class='ocr_carea' id='block_1_9' title="bbox 318 5417 3468 5509">
    <p class='ocr_par' dir='ltr' id='par_1_13' title="bbox 318 5417 3468 5509">
     <span class='ocr_line' id='line_1_120' title="bbox 318 5417 3468 5509; baseline 0.003 -26"><span class='ocrx_word' id='word_1_717' title='bbox 318 5423 538 5484; x_wconf 86' lang='lat' dir='ltr'><strong>valoris</strong></span> <span class='ocrx_word' id='word_1_718' title='bbox 553 5427 739 5498; x_wconf 87' lang='lat' dir='ltr'><strong>esset,</strong></span> <span class='ocrx_word' id='word_1_719' title='bbox 760 5421 1053 5499; x_wconf 84' lang='lat' dir='ltr'><strong>quiajam</strong></span> <span class='ocrx_word' id='word_1_720' title='bbox 1082 5425 1276 5481; x_wconf 86' lang='lat' dir='ltr'><strong>esssct</strong></span> <span class='ocrx_word' id='word_1_721' title='bbox 1290 5417 1834 5494; x_wconf 87' lang='lat' dir='ltr'><strong>semicorruptum,</strong></span> <span class='ocrx_word' id='word_1_722' title='bbox 1931 5419 2250 5497; x_wconf 78' lang='lat' dir='ltr'><strong>secundae,</strong></span> <span class='ocrx_word' id='word_1_723' title='bbox 2270 5420 2367 5500; x_wconf 87' lang='lat' dir='ltr'><strong>cuj</strong></span> <span class='ocrx_word' id='word_1_724' title='bbox 2380 5439 2448 5481; x_wconf 92' lang='grc'><strong>05</strong></span> <span class='ocrx_word' id='word_1_725' title='bbox 2473 5421 2921 5500; x_wconf 85' lang='lat' dir='ltr'><strong>consequentia</strong></span> <span class='ocrx_word' id='word_1_726' title='bbox 2947 5423 3083 5484; x_wconf 89' lang='lat' dir='ltr'><strong>sola</strong></span> <span class='ocrx_word' id='word_1_727' title='bbox 3111 5444 3187 5485; x_wconf 85' lang='lat' dir='ltr'><strong>ex</strong></span> <span class='ocrx_word' id='word_1_728' title='bbox 3202 5427 3468 5509; x_wconf 87' lang='lat' dir='ltr'><strong>abrupto</strong></span> 
     </span>
    </p>
   </div>
   <div class='ocr_carea' id='block_1_10' title="bbox 3653 820 3767 880">
    <p class='ocr_par' dir='ltr' id='par_1_14' title="bbox 3653 820 3767 880">
     <span class='ocr_line' id='line_1_121' title="bbox 3653 820 3767 880; baseline 0.035 -4"><span class='ocrx_word' id='word_1_729' title='bbox 3653 820 3767 880; x_wconf 91' lang='grc'><strong>118</strong></span> 
     </span>
    </p>
   </div>
   <div class='ocr_carea' id='block_1_11' title="bbox 3549 943 3847 1149">
    <p class='ocr_par' dir='ltr' id='par_1_15' title="bbox 3549 943 3847 1106">
     <span class='ocr_line' id='line_1_122' title="bbox 3549 943 3847 999; baseline 0.01 -13"><span class='ocrx_word' id='word_1_730' title='bbox 3549 943 3668 996; x_wconf 71' lang='lat' dir='ltr'><strong>Quid,</strong></span> <span class='ocrx_word' id='word_1_731' title='bbox 3687 944 3847 999; x_wconf 70' lang='lat' dir='ltr'><strong>quando</strong></span> 
     </span>
     <span class='ocr_line' id='line_1_123' title="bbox 3576 999 3823 1052; baseline 0.008 -13"><span class='ocrx_word' id='word_1_732' title='bbox 3576 999 3823 1052; x_wconf 68' lang='lat' dir='ltr'><strong>praevidetur</strong></span> 
     </span>
     <span class='ocr_line' id='line_1_124' title="bbox 3569 1058 3836 1106; baseline 0.011 -13"><span class='ocrx_word' id='word_1_733' title='bbox 3569 1058 3836 1106; x_wconf 76' lang='lat' dir='ltr'><strong>augmentum</strong></span> 
     </span>
    </p>

    <p class='ocr_par' dir='ltr' id='par_1_16' title="bbox 3624 1106 3792 1149">
     <span class='ocr_line' id='line_1_125' title="bbox 3624 1106 3792 1149; baseline 0.024 -4"><span class='ocrx_word' id='word_1_734' title='bbox 3624 1106 3792 1149; x_wconf 79' lang='lat' dir='ltr'><strong>valoris.</strong></span> 
     </span>
    </p>
   </div>
  </div>
 </body>
</html>
