4263 6376
409 1651 574 1714 ludices
589 1651 639 1715 ab
654 1663 704 1693 eo

431 1710 608 1747 instituti
627 1718 678 1747 an

511 3302 586 3360 35

426 3428 491 3468 An
510 3439 559 3469 ac
617 3439 692 3469 in-

438 3480 542 3543 tumi
561 3480 692 3522 valida

414 3540 494 3575 8111!
523 3546 573 3575 ex

483 3695 657 3757 legitimi

440 3759 541 3802 supe

602 3547 710 3596 φη·

412 3599 538 3629 sensu
564 3599 710 3640 reipu-

458 3641 597 3704 blicQ,
611 3642 677 3703 vel

544 3760 680 3790 ΙΊΟΠΒ.

747 330 862 389 681

748 504 1050 567 tributum
1106 505 1369 582 solvere,
1429 523 1504 565 ex
1560 507 1737 584 cujus
1780 506 2113 585 negatione
2158 508 2289 567 tota

740 598 1105 676 respublica
1131 598 1527 678 apertissime
1555 599 2035 677 periclitaretur.

831 691 1029 751 Aliter
1080 708 1230 769 ergo
1284 691 1587 769 probatur
1642 693 1904 753 assertio
1960 712 2034 752 ex
2078 692 2283 768 dietis,

753 784 901 863 quia
928 801 1024 860 ea,
1058 802 1198 862 quae
1227 789 1539 861 tyrannus
1569 785 1702 863 agit
1728 785 1807 845 ad
1822 786 2061 863 justam
2092 789 2155 845 et
2186 785 2290 844 de·

743 876 949 937 bitam
1001 875 1361 953 reipublicae
1409 876 1932 954 gubernationem
1979 877 2160 954 facit,
2220 881 2290 939 ut
2331 917 2341 929 ·

753 968 1045 1043 vidimuS‚
1098 968 1489 1046 approbante
1535 973 1600 1030 et
1643 971 2081 1032 auctoritatem
2128 990 2291 1050 prae-

754 1065 956 1122 stante
986 1061 1346 1140 republica;
1391 1079 1541 1140 ergo
1582 1062 1728 1123 licet
1757 1081 1882 1123 non
1913 1068 2099 1141 prout
2126 1081 2163 1122 a
2192 1067 2290 1141 ty-

754 1170 979 1227 rann0,
1022 1153 1243 1214 saltem
1273 1158 1460 1232 prout
1489 1172 1525 1213 a
1553 1154 1874 1232 republica
1900 1156 2028 1214 vim
2057 1155 2293 1215 habent

756 1244 1077 1324 obligandi
1106 1246 1388 1307 subditos
1415 1246 1498 1306 ad
1526 1246 1784 1307 vitanda
1810 1248 2051 1325 majora
2078 1247 2291 1307 incon-

762 1338 1110 1413 venientia,
1147 1357 1287 1417 quae
1317 1357 1393 1399 ex
1436 1338 1541 1398 illa
1583 1339 1974 1400 subditorum
2001 1340 2289 1401 libertate

755 1435 1177 1491 nascerentur.

835 1523 1104 1584 infertur
1126 1527 1320 1600 sexto,
1348 1523 1592 1603 judices
1621 1524 1945 1588 inferiores
1965 1542 2003 1585 a
2022 1528 2288 1602 tyranno

757 1616 1149 1691 constitutos,
1184 1617 1237 1676 si
1265 1616 1428 1696 juste
1459 1623 1521 1679 et
1548 1617 1893 1695 prudenter
1922 1636 2033 1677 sua
2063 1635 2286 1677 mune-

753 1727 826 1769 ra
853 1712 1271 1787 exequantur,
1307 1709 1475 1770 nullo
1505 1710 1694 1770 modo
1729 1728 1989 1788 peccare
2020 1710 2081 1769 in
2112 1728 2292 1769 exer-

756 1800 901 1860 citio
924 1799 1402 1880 jurisdictionis.
1463 1802 1644 1863 Ratio
1689 1807 1822 1879 est,
1882 1802 2029 1881 quia
2072 1819 2291 1861 eorum

756 1892 977 1953 electio
1007 1911 1047 1952 a
1073 1896 1343 1970 tyranno
1371 1893 1537 1953 facta
1558 1940 1573 1970 ,
1617 1894 1825 1954 valida
1854 1898 2066 1955 tamen
2095 1899 2191 1954 est
2218 1912 2292 1954 ex

753 1985 945 2046 tacito
979 1985 1341 2063 reipublicae
1371 2004 1678 2046 consensu
1700 2033 1714 2062 ,
1763 1987 1923 2048 sicut
1950 1991 2013 2046 et
2037 1991 2286 2061 caetera,

755 2095 895 2156 quae
926 2096 961 2138 a
1016 2082 1286 2156 tyranno
1342 2078 1522 2140 fiunt.
1580 2078 1847 2139 Aliunde
1877 2097 2026 2140 vero
2073 2097 2293 2157 respu-

752 2171 917 2232 blica
947 2171 1118 2231 nullo
1147 2170 1334 2231 modo
1366 2171 1499 2233 vult
1545 2173 1713 2250 ipsos
1750 2171 2001 2250 judices
2043 2172 2123 2233 ab
2157 2172 2292 2232 offi-

755 2263 852 2324 cio
883 2281 1170 2339 cessare,
1231 2266 1550 2343 supposito
1602 2264 1770 2343 quod
1816 2269 2121 2343 tyrannus
2167 2283 2291 2324 non

757 2355 1072 2434 relinquat
1098 2356 1516 2434 principatum
1543 2403 1558 2433 ‚
1603 2375 1744 2436 quae
1772 2357 2118 2435 suppositio
2156 2376 2282 2417 non

756 2448 938 2510 estin
970 2466 1187 2508 eorum
1219 2452 1524 2526 potestate
1552 2470 1564 2510 :
1600 2468 1749 2528 ergo
1782 2469 1896 2510 nec
1918 2449 2292 2510 anteceden-

756 2545 874 2618 ter,
912 2560 1025 2601 nec
1053 2547 1513 2620 consequenter
1540 2542 1779 2603 faciunt
1804 2542 2042 2621 aliquid
2075 2547 2293 2604 contra

756 2634 1122 2712 reipublicae
1152 2635 1560 2696 voluntatem.
1615 2635 1971 2696 Peccabunt
2012 2635 2289 2713 quidem,

756 2726 808 2787 si
839 2727 1047 2806 aliquo
1088 2726 1277 2787 modo
1322 2727 1641 2804 tyrannidi
1686 2732 2136 2807 cooperentur,
2194 2728 2294 2788 vel

756 2819 931 2879 illum
962 2823 1030 2879 ut
1055 2822 1396 2896 tyrannum
1425 2820 1701 2895 foveant,
1736 2820 1903 2898 quod
1933 2820 2296 2899 frequenter

759 2911 1119 2990 continget,
1171 2911 1287 2972 nisi
1320 2911 1562 2972 sincero
1592 2912 1719 2972 sint
1747 2911 1955 2972 animo
1987 2917 2050 2973 et
2077 2912 2288 2987 corde,

760 3008 1059 3064 caeterum
1085 3003 1375 3064 faciendo
1424 3022 1500 3064 ea
1554 3022 1694 3083 quae
1741 3004 1894 3064 alias
1940 3024 2016 3065 ex
2036 3004 2293 3083 justitiae

756 3096 1001 3174 legibus
1029 3096 1167 3156 fieri
1198 3096 1450 3172 debent,
1487 3115 1614 3157 non
1642 3097 2029 3177 peccabunt,
2071 3102 2143 3160 ut
2169 3103 2294 3159 tra-

760 3190 918 3251 dunt
945 3191 1363 3252 communiter
1391 3191 1704 3253 doctoreS.

841 3283 932 3342 Ex
961 3282 1058 3342 his
1086 3286 1319 3360 tamen,
1353 3302 1494 3363 quae
1522 3284 1601 3344 de
1632 3289 1901 3362 tyranno
1924 3283 2091 3347 dicta
2120 3289 2290 3362 sunt,

760 3374 950 3453 oinci
1004 3380 1213 3453 posset
1239 3379 1457 3436 contra
1503 3393 1574 3436 ea
1607 3394 1747 3456 quae
1777 3376 2046 3437 diximus
2076 3378 2155 3437 de
2184 3395 2297 3456 pa-

759 3468 953 3528 tiente
996 3467 1217 3529 vitium
1273 3467 1587 3530 occultum
1641 3487 1784 3528 cum
1833 3467 2080 3529 defectu
2136 3468 2296 3530 tituli

762 3560 1020 3621 colorati
1046 3580 1059 3620 ε
1096 3561 1243 3639 quia
1269 3561 1431 3621 sicut
1454 3561 1809 3640 respublica
1830 3562 2139 3639 approbat
2156 3565 2297 3622 acta

762 3654 1012 3731 tyranni
1042 3654 1282 3713 nullum
1330 3653 1620 3715 habentis
1669 3654 1917 3715 titulum
1950 3655 2299 3714 coloratum

759 3748 1014 3824 propter
1059 3745 1391 3806 utilitatem
1429 3745 1775 3824 publicam;
1837 3747 2061 3806 eodem
2107 3747 2295 3806 modo

759 3837 1020 3899 deberet
1074 3837 1428 3916 approbare
1487 3842 1626 3898 acta
1673 3837 1905 3917 judicis
1960 3838 2296 3899 existimati

757 3930 1047 3991 habentis
1104 3931 1421 3991 defectum
1478 3930 1638 3990 tituli
1708 3931 1967 3992 colorati
2038 3937 2298 4009 propter

757 4023 1048 4084 eamdem
1106 4023 1437 4084 utilitatem
1483 4023 1822 4103 publicam,
1883 4042 2026 4084 cum
2072 4024 2297 4084 eadem

758 4119 1105 4196 sequantur
1150 4116 1657 4177 inconvenientia
1692 4116 1757 4175 in
1808 4121 2078 4195 utroque
2123 4136 2296 4179 casu.

761 4208 1136 4287 Respondeo
1160 4255 1175 4285 ,
1208 4209 1405 4270 multo
1434 4209 1792 4288 graviorem
1823 4209 1997 4288 sequi
2026 4255 2043 4285 ,
2093 4209 2144 4270 si
2176 4228 2301 4269 non

760 4301 1192 4380 approbentur
1220 4305 1359 4361 acta
1383 4302 1632 4379 tyranni
1658 4321 1671 4361 :
1708 4301 1856 4380 quia
1884 4320 2029 4361 cum
2059 4305 2303 4363 constet

761 4395 839 4454 de
871 4395 1121 4455 defectu
1152 4394 1335 4471 tituli,
1371 4399 1434 4455 et
1460 4394 1697 4454 subditi
1725 4412 1850 4454 non
1879 4394 2126 4473 possint
2153 4394 2302 4453 resi-

759 4492 923 4548 stere
944 4533 959 4563 ,
1012 4491 1390 4565 cogerentur
1433 4505 1506 4545 ex
1538 4505 1662 4546 uno
1692 4486 1897 4565 capite
1929 4488 1986 4547 ei
2018 4486 2297 4564 obedire,

761 4585 824 4641 et
851 4598 928 4639 ex
954 4580 1077 4640 alio
1109 4598 1231 4640 non
1264 4582 1519 4657 possent
1546 4579 1609 4639 id
1630 4580 1795 4640 licite
1827 4580 2032 4641 facere
2060 4602 2072 4642 :
2107 4599 2301 4660 quare

761 4676 1055 4733 censetur
1082 4673 1351 4751 populus
1389 4671 1508 4733 sibi
1535 4673 1860 4733 consulere
1891 4673 2299 4753 approbando

761 4765 897 4846 ejus
928 4768 1067 4826 acta
1115 4765 1196 4825 ad
1246 4764 1610 4843 fugiendam
1656 4765 1827 4825 illam
1873 4766 2300 4826 inevitabilem

761 4858 1263 4938 perplexitatem,
1297 4876 1437 4937 quae
1468 4858 1844 4937 perplexitas
1873 4858 1932 4917 in
1967 4858 2165 4919 altero
2198 4877 2304 4918 ca-

764 4971 835 5012 su
867 4970 991 5011 non
1022 4951 1305 5030 sequitur
1332 4997 1347 5028 ‚
1403 4968 1547 5011 cum
1576 4951 1858 5012 defectus
1898 4950 2059 5011 tituli
2091 4950 2172 5011 sit
2200 4969 2305 5011 oc-

762 5044 1004 5118 cultus3
1057 5049 1119 5104 et
1147 5044 1251 5104 ubi
1283 5042 1556 5121 primum
1587 5047 1865 5120 constet,
1900 5043 2095 5120 possit
2122 5044 2302 5104 facile

763 5138 817 5198 ei
852 5137 1056 5198 resisti
1086 5137 1452 5215 expellendo
1493 5155 1636 5197 eum
1662 5156 1773 5215 per
1804 5140 2176 5215 potestatem
2206 5157 2303 5197 su-

761 5231 1099 5310 periorem.

846 5324 968 5385 Sed
1014 5328 1233 5385 contra
1275 5324 1533 5403 objicies
1573 5324 1803 5384 iterum
1837 5342 1850 5383 :
1901 5340 2049 5400 ergo
2079 5321 2302 5382 saltem

767 5417 1021 5496 quando
1052 5416 1276 5495 aliquis
1308 5417 1548 5477 notorie
1587 5416 1863 5476 intrusus
1893 5418 2156 5494 usurpat
2182 5415 2302 5476 sibi

759 5508 1260 5588 jurisdictionem
1282 5507 1765 5569 ecclesiasticam
1797 5507 1928 5568 sine
1952 5507 2152 5581 titulo,
2187 5527 2302 5568 nec

1907 331 2009 390 DE
2051 331 2405 390 JUSTITIA
2455 331 2553 391 ET
2597 332 2796 390 suni-2

2388 510 2592 584 potest
2621 507 2889 585 expelli,
2950 507 3231 569 Ecclesia
3260 506 3434 569 dabit
3461 507 3519 567 ei
3540 506 3932 584 jurisdictio·

2388 617 2563 675 nem,
2617 618 2761 660 cum
2789 600 2913 662 sint
2941 600 3163 660 eadem
3193 600 3698 661 inconvenientia
3717 646 3734 676 ‚
3781 615 3931 678 quae

2388 691 2450 750 in
2480 695 2749 769 tyranno
2779 696 3122 771 usurpante
3144 692 3650 771 jurisdictionem
3678 696 3936 770 tempo-

2387 782 2605 843 ralem.
2643 785 3079 862 Respondetur
3100 786 3166 844 in
3187 785 3424 863 primiS,
3459 785 3509 844 si
3538 785 3818 846 intrusus
3845 783 3938 843 sit

2388 875 2450 934 in
2508 894 2824 937 summum
2884 877 3350 953 Pontificatum,
3419 876 3936 955 jurisdictionem

2389 985 2513 1028 non
2544 985 2725 1046 posse
2754 968 2844 1028 illi
2872 968 3048 1045 dari,
3098 968 3215 1028 nisi
3244 988 3281 1028 a
3312 969 3442 1030 solo
3473 969 3717 1031 Christo
3741 1015 3758 1044 ,
3818 967 3935 1047 qui

2390 1079 2528 1121 eam
2560 1079 2681 1121 non
2712 1061 2848 1123 vult
2888 1062 3072 1137 dare,
3134 1062 3254 1121 nisi
3294 1061 3573 1140 legitime
3614 1062 3816 1123 electo
3844 1061 3938 1121 ab

2388 1154 2667 1214 Ecclesia
2692 1199 2708 1230 ,
2771 1173 2973 1233 neque
3015 1154 3295 1215 Ecclesia
3350 1158 3557 1232 potest
3595 1153 3680 1213 illi
3705 1171 3821 1232 pro
3852 1170 3939 1213 eo

2387 1249 2672 1325 tempore
2702 1247 2994 1325 delegare
3016 1246 3555 1324 jurisdictionem,
3590 1265 3782 1326 quam
3813 1264 3941 1307 nec

2389 1339 2526 1417 ipsa
2556 1339 2834 1400 Ecclesia
2864 1339 3057 1400 habet
3078 1386 3093 1416 ,
3144 1358 3289 1399 nam
3334 1340 3484 1400 sede
3516 1342 3780 1400 vacante
3807 1340 3943 1399 Ec-

2391 1431 2579 1491 clesia
2622 1451 2742 1492 non
2777 1431 2968 1494 habet
2996 1436 3373 1510 potestatem
3399 1478 3414 1508 ,
3476 1432 3725 1511 qualem
3754 1449 3939 1492 sum-

2389 1542 2529 1583 mus
2563 1524 2845 1584 Pontifex
2875 1524 3088 1585 habet.
3142 1527 3361 1585 Posset
3404 1528 3615 1585 tamen
3644 1524 3940 1584 Ecclesia

2391 1616 2470 1677 ad
2498 1617 2758 1677 vitanda
2786 1616 3030 1695 majora
3055 1617 3245 1693 mala,
3279 1617 3452 1676 illum
3474 1616 3789 1677 intrusum
3818 1616 3939 1676 eli-

2390 1727 2539 1787 gere
2582 1708 2644 1768 in
2678 1708 3044 1769 Pontificem
3074 1728 3187 1788 per
3213 1710 3518 1770 habentes
3544 1714 3938 1789 potestatem

2391 1801 2471 1861 ad
2503 1800 2885 1879 eligendum,
2935 1805 3000 1862 et
3045 1805 3191 1862 tunc
3221 1801 3503 1862 Christus
3532 1801 3715 1861 daret
3742 1802 3805 1861 ei
3827 1801 3943 1881 ju·

2390 1893 2839 1954 risdictionem.
2902 1896 3032 1955 Hoc
3085 1898 3301 1955 tamen
3348 1912 3473 1953 non
3513 1895 3827 1973 contingit
3871 1895 3941 1953 in

2380 1991 2661 2065 ,tyranno
2686 2006 2701 2059 ;
2755 2004 2959 2065 neque
2999 1986 3168 2046 enim
3195 1987 3553 2064 respublica
3581 1987 3762 2064 eligit
3788 2004 3943 2047 eum

2392 2080 2455 2140 in
2484 2098 2662 2139 suum
2696 2079 3043 2158 principem
3067 2126 3083 2157 ,
3128 2080 3240 2139 sed
3269 2080 3474 2141 solum
3505 2079 3823 2158 approbat
3851 2079 3944 2139 in-

2391 2172 2574 2233 terim
2607 2173 2741 2250 ejus
2770 2176 2934 2247 acta,
2968 2172 3131 2232 sicut
3158 2171 3209 2231 si
3239 2176 3403 2232 esset
3429 2171 3755 2250 princeps,
3791 2190 3942 2232 cum

2394 2284 2518 2324 non
2548 2263 2646 2325 sit.
2684 2265 2749 2325 Si
2777 2267 2990 2325 autem
3020 2263 3297 2324 intrusus
3350 2283 3475 2324 non
3532 2264 3613 2326 sit
3664 2264 3732 2323 in
3763 2283 3942 2325 sum-

2391 2374 2564 2416 mum
2598 2356 3034 2417 Pontificatum
3057 2402 3073 2432 ,
3116 2357 3305 2417 aliam
3333 2356 3725 2435 peculiarem
3748 2356 3942 2436 juris-

2394 2449 2736 2512 dictionem
2765 2467 2888 2509 non
2922 2448 3114 2510 habet
3147 2469 3160 2510 ε
3212 2453 3362 2510 tunc
3404 2448 3698 2528 superior
3741 2469 3785 2510 a
3815 2468 3940 2529 quo

2392 2541 2685 2602 habenda
2717 2547 2882 2603 esset
2902 2541 3258 2621 jurisdictio
3283 2588 3298 2617 ,
3348 2542 3519 2601 illam
3550 2561 3679 2603 non
3709 2560 3944 2603 conce-

2394 2635 2516 2711 dit,
2577 2635 2737 2695 sicut
2791 2653 2907 2695 nec
2964 2653 3073 2694 rex
3115 2635 3288 2694 illam
3331 2635 3620 2695 concedit
3646 2634 3943 2696 ministro

2392 2726 2656 2803 intruSO,
2689 2726 2835 2806 quia
2864 2727 3153 2804 superior
3180 2726 3383 2787 solum
3412 2727 3666 2805 supplet
3676 2728 3945 2805 jurisdi-

2394 2820 2664 2880 ctionem
2686 2864 2701 2895 ,
2736 2823 2805 2881 ut
2833 2819 3103 2880 diximus
3132 2819 3211 2878 de
3240 2818 3315 2878 iis
3341 2818 3645 2879 ministris
3665 2866 3683 2895 ,
3719 2820 3833 2898 qui
3864 2819 3941 2880 ab

2393 2912 2530 2990 ipso
2559 2911 2831 2973 mediate
2857 2958 2873 2988 ,
2931 2912 3030 2972 vel
3056 2911 3419 2972 immediate
3449 2911 3765 2991 propositi
3797 2918 3944 2973 sunt

2393 3004 2625 3084 populo
2660 3023 2674 3063 :
2725 3008 2795 3064 ut
2840 3022 2957 3064 nec
3004 3005 3193 3065 etiam
3223 3003 3503 3065 Christus
3545 3004 3657 3066 dat
3677 3004 3945 3083 jurisdi-

2395 3097 2665 3158 ctionem
2714 3096 2953 3158 intruso
3008 3098 3072 3157 in
3114 3115 3432 3157 summum
3464 3097 3939 3173 Pontificatum,

2395 3192 2504 3271 qui
2531 3209 2647 3251 nec
2666 3191 2854 3251 tacite
2888 3209 3001 3252 nec
3022 3209 3313 3269 expresse
3345 3191 3600 3268 eligitur
3627 3190 3712 3250 ab
3736 3192 3946 3252 Eccle-

2394 3284 2511 3345 sia.
2545 3284 2641 3344 Ad
2670 3301 2985 3343 summum
3018 3288 3230 3361 posset
3259 3283 3394 3343 fieri
3416 3330 3432 3358 ,
3486 3284 3659 3362 quod
3693 3283 3944 3363 capitu-

2394 3378 2526 3438 lum
2556 3376 2619 3435 in
2649 3377 2724 3437 iis
2754 3396 2895 3456 quae
2926 3376 3006 3436 ad
3036 3377 3267 3455 ipsum,
3301 3375 3452 3436 sede
3475 3380 3771 3452 vacante,
3804 3395 3943 3455 per·

2395 3471 2617 3545 tinent,
2651 3474 2862 3549 posset
2888 3469 2971 3530 ad
2998 3469 3434 3529 redimendam
3462 3487 3642 3529 suam
3665 3470 3945 3530 vexatio·

2398 3582 2541 3623 nem
2573 3561 2923 3641 approbare
2967 3568 3108 3624 acta
3137 3561 3298 3621 illius
3327 3561 3570 3637 intrusi,
3631 3562 3737 3622 cui
3786 3562 3943 3622 resi-

2396 3661 2560 3717 stere
2592 3674 2717 3715 non
2748 3659 2973 3733 potest,
3009 3661 3074 3716 et
3099 3655 3219 3715 hoc
3249 3655 3314 3714 in
3344 3655 3419 3716 iis
3448 3654 3655 3714 solum
3682 3655 3767 3715 ad
3800 3674 3943 3735 quae

2396 3753 2608 3827 posset
2659 3752 2809 3808 tunc
2867 3747 3210 3826 capitulum
3268 3748 3572 3825 deputare
3628 3747 3943 3807 vicarium

2390 3840 2535 3919 jure
2564 3857 2678 3900 suo
2698 3886 2716 3912 ‚
2767 3859 2890 3899 non
2923 3859 3071 3901 vero
3118 3841 3182 3899 in
3211 3840 3287 3900 iis
3315 3840 3397 3899 ad
3425 3858 3566 3918 quae
3597 3840 3947 3917 superioris

2399 3935 2676 4011 potestas
2706 3937 2769 3993 et
2796 3932 3015 3993 electio
3044 3932 3489 4011 requireretur.

2478 4025 2811 4086 Dubitatur
2848 4025 3032 4086 tertio
3089 4024 3518 4103 principaliter
3540 4070 3557 4099 ,
3612 4041 3696 4083 an
3743 4022 3947 4102 judex

2400 4118 2734 4179 extrahens
2764 4116 3233 4196 delinquentem
3281 4118 3360 4178 ab
3391 4116 3677 4191 ecclesia,
3714 4120 3780 4176 et
3808 4116 3943 4176 vio·

2397 4212 2535 4273 lans
2565 4210 3052 4271 ecclesiasticam
3092 4210 3551 4271 immunitatem
3576 4256 3592 4285 ,
3643 4209 3700 4269 si
3728 4214 3946 4270 tamen

2398 4305 2575 4365 illum
2604 4307 2821 4383 postea
2843 4305 3025 4383 juxta
3053 4303 3265 4364 delicti
3292 4303 3669 4381 gravitatem
3694 4303 3941 4380 puniat,

2401 4397 2631 4458 inferat
2657 4396 2711 4455 ei
2742 4394 3037 4475 injuriam
3059 4442 3073 4471 ,
3109 4400 3174 4457 et
3198 4401 3490 4456 teneatur
3518 4396 3575 4455 ei
3605 4395 3945 4456 restituere

2400 4509 2513 4570 pro
2544 4489 2789 4549 damnis
2818 4488 3111 4549 omnibus
3141 4489 3415 4548 secutis?
3443 4490 3530 4548 De
3560 4487 3683 4548 hoc
3705 4491 3945 4565 puncto

2402 4583 2534 4661 agit
2562 4584 2794 4642 Suarez
2823 4586 2975 4642 tom.
3002 4597 3045 4641 1.
3080 4580 3151 4641 de
3173 4579 3467 4659 Reliyione
3495 4583 3573 4640 tr.
3597 4581 3673 4639 11.
3706 4579 3818 4639 lib.
3846 4596 3943 4640 111.

2401 4693 2456 4736 c.
2491 4690 2629 4734 xm.
2666 4678 2726 4735 et
2757 4672 3096 4733 novissime
3125 4672 3348 4733 Thom.
3386 4671 3670 4733 Sanchez
3700 4672 3812 4733 lib.
3848 4689 3946 4732 111.

2406 4766 2623 4829 Consz'l.
2659 4785 2797 4844 cap.
2834 4766 3056 4840 unico,
3109 4765 3258 4826 dub.
3294 4769 3389 4826 17.
3448 4764 3555 4843 qui
3598 4764 3727 4825 late
3756 4765 3948 4825 etiam

2399 4858 2597 4919 videri
2630 4862 2836 4936 potest
2867 4857 2974 4917 lib.
3010 4859 3112 4918 VI.
3147 4857 3297 4918 dub.
3336 4873 3446 4917 vn.
3492 4874 3694 4935 usque
3725 4856 3809 4916 ad
3842 4860 3939 4916 14.

2401 4951 2506 5011 ubi
2539 4951 2670 5028 agit
2697 4950 2774 5009 de
2805 4949 3187 5027 obligatione
3216 4948 3510 5009 servandi
3530 4948 3696 5008 hanc
3717 4949 3950 5008 immu-

2403 5044 2663 5105 nitatem
2694 5041 2990 5102 Ecclesiac
3021 5042 3226 5121 quoad
3263 5040 3722 5118 confugientes,
3757 5046 3821 5101 et
3848 5041 3941 5100 la·

2402 5139 2526 5199 tius
2552 5136 2752 5196 Diana
2781 5139 2950 5196 tomo
2980 5138 3028 5198 1.
3080 5125 3210 5196 toto
3251 5138 3435 5195 tract.
3471 5150 3514 5193 1.
3566 5131 3639 5192 de
3668 5133 3948 5192 immuni-

2403 5239 2520 5291 tate
2546 5228 2946 5290 ecclesiastica.
3006 5228 3103 5289 Ad
3149 5245 3263 5288 nos
3312 5226 3481 5286 enim
3532 5244 3660 5285 non
3704 5230 3951 5304 spectat

2405 5341 2573 5384 nunc
2605 5322 2684 5382 de
2712 5322 2830 5382 hoc
2860 5339 3072 5399 agere,
3107 5339 3251 5380 cum
3279 5320 3341 5380 id
3363 5318 3678 5398 pertineat
3704 5319 3785 5380 ad
3816 5338 3947 5379 ma-

2399 5416 2624 5478 teriam
2653 5416 2731 5474 de
2760 5413 3085 5492 religione,
3118 5413 3229 5473 sed
3258 5413 3461 5488 solum
3492 5411 3838 5490 quaerimus
3868 5412 3946 5471 de

2402 5509 2784 5588 obligatione
2806 5507 3098 5587 justitiae,
3152 5525 3232 5566 an
3278 5525 3353 5566 ex
3398 5504 3508 5566 tali
3555 5504 3945 5565 extractione
