4263 6376
883 269 1004 329 350

889 446 1025 507 100.
1059 442 1138 503 de
1166 439 1481 521 praesenti,
1501 441 1565 499 et
1583 455 1798 497 rursus
1812 435 2144 516 pensiones
2163 451 2413 510 annuae,

885 555 1041 618 quas
1089 535 1365 614 recipere
1420 534 1631 612 posset
1683 547 1883 608 usque
1925 529 2004 588 ad
2049 546 2282 588 annum
2314 529 2411 588 15.

883 649 1024 711 quae
1055 629 1133 691 ad
1164 643 1480 689 summum
1524 627 1703 685 erunt
1735 627 1870 684 140.
1906 640 2099 701 quare
2142 621 2222 681 ad
2252 638 2418 680 sum-

881 743 1055 785 mum
1086 723 1194 783 dat
1222 723 1359 782 240.
1394 737 1599 798 neque
1646 717 1782 776 haec
1811 716 1921 776 dat
1959 718 2163 786 certa;
2213 716 2420 792 potest

883 817 1049 878 enim
1076 815 1204 875 filia
1234 817 1415 874 antea
1447 810 1627 883 mori,
1655 813 1717 870 et
1738 815 1884 871 tunc
1912 807 2243 887 pensiones
2259 804 2413 865 reci-

881 909 1127 988 piendae
1181 905 1508 985 pauciores
1561 902 1824 963 fuissent
1880 921 1894 962 :
1956 898 2207 961 aliunde
2271 914 2416 957 vero

882 1002 1051 1082 quod
1082 1000 1140 1060 ei
1169 1000 1376 1075 datur,
1410 1002 1555 1057 sunt
1581 999 1717 1057 500.
1753 1012 1890 1073 quae
1937 994 2270 1071 plusquam
2297 989 2414 1049 du-

879 1096 982 1175 plo
1010 1097 1312 1173 superant
1352 1094 1676 1167 acceptum
1710 1108 1724 1146 :
1759 1104 1953 1165 quare
1998 1102 2140 1144 cum
2171 1086 2418 1142 contra-

880 1192 1017 1249 ctus
1045 1188 1312 1247 fortunae
1359 1184 1460 1259 sit,
1512 1181 1767 1241 deberet
1812 1197 1947 1239 esse
1994 1176 2184 1253 duplo
2213 1174 2417 1254 majus

879 1280 1226 1360 periculum
1247 1277 1532 1357 jacturae,
1567 1291 1756 1353 quam
1785 1291 1925 1352 spes
1952 1270 2108 1330 lucri
2143 1288 2156 1328 :
2190 1286 2415 1346 nempe

880 1376 1199 1452 oporteret
1225 1370 1415 1447 duplo
1447 1367 1647 1445 magis
1675 1364 2062 1444 probabilem
2092 1379 2225 1422 esse
2252 1377 2415 1419 mor-

875 1470 1005 1526 tem
1034 1462 1178 1523 filiae
1207 1467 1351 1523 ante
1380 1478 1577 1520 annos
1607 1461 1703 1519 15.
1738 1475 1926 1537 quam
1947 1456 2140 1516 vitam
2161 1453 2241 1513 ad
2263 1452 2413 1512 illud

875 1562 1123 1636 tempus
1157 1575 1172 1616 ε
1205 1553 1374 1634 quod
1419 1557 1630 1613 tamen
1672 1554 1915 1610 tantum
1960 1548 2157 1622 abest,
2192 1549 2262 1606 ut
2302 1562 2415 1623 po-

875 1649 999 1711 tius
1028 1648 1224 1708 multo
1255 1646 1335 1707 sit
1362 1643 1745 1723 probabilius
1765 1641 2072 1701 victuram
2103 1656 2293 1716 quam
2309 1636 2413 1696 de-

874 1758 1195 1803 cessuram
1240 1742 1385 1799 ante
1430 1736 1581 1798 illud
1613 1740 1882 1813 tempus,
1934 1736 2003 1793 ιιι
2030 1729 2413 1809 experientia

875 1837 1140 1895 constat.
1190 1833 1282 1892 Ex
1312 1831 1588 1911 quinque
1637 1828 1803 1888 enim
1831 1826 1995 1901 filiis,
2030 1842 2189 1904 quos
2227 1825 2414 1882 Pater

873 1926 1065 1988 babet
1089 1924 1403 2005 parvulos,
1451 1923 1664 2001 plures
1713 1921 1914 1981 solent
1941 1918 2021 1978 ad
2070 1920 2166 1978 15.
2215 1932 2412 1975 annos

873 2019 1225 2098 pervenire,
1247 2034 1436 2096 quam
1449 2019 1594 2075 ante
1613 2032 1751 2075 eam
1773 2016 2024 2075 aetatem
2052 2009 2362 2071 decedere
2388 2026 2403 2067 ε

874 2129 1000 2173 non
1051 2129 1201 2189 ergo
1251 2107 1680 2185 compensavit
1723 2104 1927 2184 majus
1956 2103 2108 2163 illud
2165 2101 2410 2162 lucrum

873 2204 1139 2265 fortunae
1187 2200 1411 2280 maiori
1442 2199 1718 2279 periculo
1760 2197 2049 2276 jacturae,
2100 2193 2267 2273 quod
2299 2196 2409 2253 Pe-

871 2304 1005 2359 trus
1050 2294 1328 2374 suspicit,
1370 2311 1512 2353 cum
1559 2292 1766 2351 minus
1797 2289 2003 2368 potius
2041 2287 2121 2348 sit
2141 2288 2408 2365 jacturae

870 2389 1246 2469 periculum,
1283 2404 1470 2465 quam
1518 2403 1662 2463 spes
1709 2382 1888 2459 lucri,
1923 2385 1985 2442 et
2037 2380 2288 2441 aliunde
2318 2378 2409 2438 lu-

871 2500 1051 2543 crum
1081 2480 1160 2542 sit
1187 2480 1521 2558 plusquam
1548 2476 1740 2555 duplo
1761 2473 1989 2554 majus»,
2008 2491 2199 2552 quam
2231 2471 2409 2530 dam-

873 2592 1026 2635 num
1066 2581 1128 2635 et
1151 2572 1400 2652 jactura
1433 2588 1573 2651 quae
1603 2568 1806 2632 timeri
1835 2570 2059 2647 potest.

1569 2973 1694 3051 §.3

1065 3240 1155 3302 De
1194 3257 1363 3300 censu
1385 3234 1738 3319 fructuaria,
1772 3252 1848 3294 an
1878 3231 2068 3292 licitus
2093 3229 2190 3290 sit.

2039 259 2142 319 DE
2182 258 2536 320 JUSTI'PIA
2581 259 2681 319 ΕΤ
2721 259 2922 320 ,mnu

2514 433 2677 496 facta
2718 435 2940 497 eadem
2976 436 3270 515 prudenti
3297 439 3729 503 aestimatione.
3774 441 4036 503 Dicimus

2516 543 2665 605 ergo
2693 546 2768 588 ex
2814 531 3037 589 natura
3064 531 3157 590 rei
3185 549 3367 610 posse
3397 550 3652 595 censum
3681 553 4036 614 permanere

2515 638 2685 680 mere
2714 621 3143 699 fructuarium,
3178 629 3240 685 et
3270 645 3392 686 non
3420 627 3638 688 reduci
3664 629 3745 688 ad
3761 629 4038 708 pecunia·

2512 713 2677 772 rium
2711 734 2724 775 :
2756 715 2923 793 quod
2954 715 3122 776 idem
3147 716 3374 779 docent
3401 722 3819 782 communiter
3833 721 4038 782 docto·

2514 824 2636 882 reS,
2662 826 2818 885 quos
2847 809 3126 887 congerit
3155 813 3219 872 et
3245 812 3527 891 sequitur
3556 814 3733 875 Salas
3762 815 3920 874 dub.
3953 831 4032 876 ιν.

2514 917 2687 959 num.
2722 903 2778 961 1.

2598 995 2854 1072 Propter
2893 995 3241 1073 periculum
3283 1001 3491 1059 tamen
3521 1016 3846 1077 magnum,
3883 998 4036 1078 quod

2513 1090 2803 1146 censetur
2824 1086 3134 1166 ejusmodi
3158 1090 3478 1151 fructuarii
3521 1110 3646 1152 non
3691 1097 3950 1152 servent
3974 1109 4039 1151 ae-

2513 1178 2876 1257 qualitatem
2905 1181 2986 1241 ad
3008 1181 3313 1260 justitiam
3342 1184 3732 1263 requisitam,
3752 1183 3817 1244 in
3842 1184 4039 1244 multis

2512 1271 2665 1331 locis
2692 1272 2986 1351 prohibiti
3030 1279 3176 1335 sunt
3219 1276 3356 1354 lege
3387 1277 3674 1354 positiva,
3709 1282 3779 1338 ut
3805 1276 4040 1355 legibus

2512 1363 2824 1442 HispaniS‚
2858 1368 3181 1428 Germanis
3210 1373 3272 1430 et
3301 1368 3487 1429 Gallis
3513 1369 3860 1448 prohibitos
3892 1388 4035 1441 esse,

2509 1459 2822 1538 probatex
2837 1460 3028 1520 variis
3046 1461 3400 1522 auctoribus
3422 1466 3484 1521 et
3492 1462 3739 1540 juribus
3756 1461 3939 1523 Salas
3949 1461 4042 1522 ubi

2510 1572 2703 1631 supra
2729 1573 2900 1615 num.
2935 1558 2993 1615 2.
3018 1554 3260 1614 facilius
3290 1554 3456 1614 enim
3483 1561 3769 1616 servatur
3797 1555 4040 1634 aequali-

2508 1650 2603 1708 tas
2631 1647 2694 1705 in
2724 1647 2993 1724 pecunia
3019 1647 3176 1726 ipsa,
3210 1666 3396 1726 quam
3428 1646 3490 1707 in
3534 1646 3859 1723 fructibuS‚
3896 1666 4043 1726 quo-

2507 1757 2645 1798 rum
2675 1738 3062 1817 frequentior
3090 1744 3184 1799 est
3211 1738 3602 1818 inaequalitas
3632 1739 3693 1798 in
3724 1739 3963 1815 valore,
3986 1744 4041 1802 et

2508 1831 2571 1890 in
2597 1850 2814 1892 eorum
2844 1832 3230 1893 abundantia
3257 1833 3356 1892 vel
3384 1832 3679 1910 penuria;
3738 1833 3792 1892 si
3838 1837 4039 1894 tamen

2508 1922 2720 1985 debita
2748 1925 3072 2004 aequalitas
3122 1930 3498 2001 servaretur,
3554 1944 3677 1985 non
3716 1926 3925 2004 magis
3952 1944 4040 1985 re-

2505 2017 2883 2095 reprobandi
2928 2023 3137 2079 essent
3181 2037 3371 2097 quam
3413 2036 3634 2079 census
3676 2017 4036 2097 pecuniarii,

2504 2104 2821 2188 loquendo
2851 2129 2926 2170 ex
2968 2114 3192 2170 natura
3220 2111 3332 2187 rei,
3369 2116 3437 2172 ut
3464 2114 3707 2171 constat
3735 2130 3810 2170 ex
3839 2110 4036 2170 dictis

2586 2203 2881 2264 Restabat
2902 2203 3109 2263 dicere
3129 2202 3207 2263 de
3236 2221 3427 2264 censu
3455 2204 3847 2265 irredimibili
3868 2203 4035 2280 reali,

2503 2315 2584 2356 an
2613 2296 2818 2358 licitus
2848 2296 2927 2356 sit
2958 2317 2971 2357 :
3007 2295 3085 2355 de
3116 2296 3234 2356 hoc
3262 2298 3472 2357 tamen
3504 2296 3821 2374 agendum
3842 2296 4040 2357 estin-

2503 2389 2619 2465 fra,
2672 2407 2815 2449 cum
2867 2406 3069 2448 sermo
3127 2388 3245 2449 erit
3272 2388 3352 2448 de
3400 2389 3863 2450 conditionibus
3912 2389 4038 2449 aliis

2503 2480 2817 2559 requisitis
2846 2481 2926 2542 ad
2949 2480 3256 2561 justitiam
3287 2499 3530 2557 censuS,
3563 2481 3726 2543 inter
3753 2500 3918 2561 quas
3937 2501 4038 2541 nu·

2502 2574 2733 2633 merari
2790 2573 2948 2634 solet
2974 2573 3196 2635 saltem
3239 2592 3315 2633 ex
3355 2572 3497 2653 jure
3543 2574 3831 2652 positivo,
3875 2573 4036 2653 quod

2505 2666 2727 2726 eodem
2759 2666 2957 2745 pretio
2987 2665 3210 2727 redimi
3239 2667 3435 2746 possit
3460 2686 3501 2728 a
3524 2667 3877 2728 venditore.

2955 3090 3378 3174 sEcho
3471 3091 3587 3172 111.

2709 3395 2799 3457 De
2809 3395 2979 3476 justo
3003 3413 3198 3456 census
3214 3393 3433 3476 pretia,
3465 3394 3636 3475 quale
3661 3395 3757 3454 sit.

612 3512 691 3570 42
941 3495 1176 3554 Census
1218 3486 1616 3562 fructuariuS,
1649 3488 1838 3563 prout
1877 3478 2405 3558 condistinguitur

861 3606 899 3646 a
924 3583 1308 3665 pecuniari0,
1343 3585 1457 3658 est,
1491 3581 1668 3659 cujus
1709 3575 2039 3657 pensiones
2084 3572 2401 3634 solvendae

541 3634 785 3751 mcssffi‘riu.
861 3682 1026 3755 sunt,
1060 3695 1184 3739 non
1214 3676 1275 3736 in
1305 3673 1593 3754 pecunia,
1626 3670 1737 3732 sed
1764 3669 1828 3730 in
1866 3666 2191 3742 fructibuS,
2223 3668 2293 3726 ut
2334 3664 2398 3724 in
2573 3662 2662 3720 De
2683 3658 2854 3739 justo
2885 3656 3086 3737 pretio
3116 3674 3416 3717 censuum
3445 3655 3506 3717 in
3535 3655 3903 3717 universum
3934 3674 4038 3717 ea·
4166 3689 4176 3716 A

531 3742 807 3839 niffffiiiwdss.
861 3772 1200 3846 frumento,
1225 3768 1392 3843 vino,
1415 3765 1577 3840 oleo,
1611 3766 1673 3824 et
1701 3760 2028 3837 similibus,
2062 3759 2142 3819 de
2172 3758 2399 3837 quibus
2494 3753 2637 3815 dem
2663 3752 2883 3831 regula
2904 3749 3212 3811 servanda
3241 3753 3354 3826 est,
3387 3767 3526 3829 quoe
3556 3750 3618 3809 in
3645 3749 3850 3828 pretio
3861 3751 4037 3829 justo
4096 3794 4176 3836 Μ

2492 3847 2757 3909 aliarum
2797 3861 3010 3904 rerum
3056 3860 3195 3921 quae
3239 3842 3362 3903 emi
3390 3843 3590 3904 solent
3622 3862 3635 3907 :
3671 3862 3871 3923 quare
3902 3848 4041 3924 ejus
4086 3856 4176 3892 τω*

859 3867 1104 3926 constat
1129 3881 1203 3923 ex
1233 3856 1627 3938 supradictiS,
1676 3854 1877 3916 licitos
1905 3871 2038 3914 esse
2069 3871 2146 3912 ex
2175 3855 2398 3912 natura
4087 3916 4129 3944 w
4152 3913 4176 3954 ᾳ

859 3957 971 4035 rei,
1004 3960 1067 4017 et
1093 3955 1334 4016 seclusa
1362 3952 1499 4029 lege
1528 3948 1816 4028 positiva,
1841 3946 1892 4007 si
1920 3944 2244 4026 aequalitas
2274 3962 2398 4003 ser-

858 4056 1040 4111 vetur
1064 4049 1128 4109 in
1160 4046 1382 4126 preti0,
1423 4046 1485 4104 et
1514 4041 1636 4102 alia
1663 4038 1966 4120 requisita
1993 4039 2392 4099 concurrant.

858 4145 991 4205 lmo
1074 4140 1347 4201 vidimus
1436 4153 1659 4196 census
1739 4133 1908 4211 ipsos
2005 4128 2399 4209 pecuniarios

857 4240 928 4297 ut
952 4234 1119 4295 licite
1175 4234 1484 4305 emantur,
1535 4227 1765 4288 debere
1821 4242 1955 4284 esse
1995 4241 2071 4282 ex
2097 4221 2398 4302 primaria

857 4327 1199 4389 intentione
1228 4340 1450 4385 census
1489 4318 1885 4393 fructuariOS,
1919 4316 2038 4376 hoc
2067 4319 2181 4391 est,
2227 4332 2398 4392 emp-

855 4422 1090 4484 tionem
1120 4415 1381 4479 dominii
1408 4413 1574 4476 utilis
1596 4416 1657 4472 et
1674 4410 2062 4471 ususfructus
2088 4407 2390 4487 partialiS,

857 4533 982 4595 qua
1009 4507 1529 4591 emptoracquirit
1548 4507 1653 4584 jus
1668 4503 1750 4565 ad
1766 4501 2234 4582 percipiendam
2256 4518 2396 4580 par-

855 4613 983 4669 tem
1010 4607 1329 4667 fructuum
1358 4620 1437 4661 ex
1465 4597 1725 4678 praedio;
1766 4596 1829 4655 in
1861 4611 1986 4673 quo
2018 4612 2241 4655 census
2264 4611 2395 4654 rea·

854 4700 929 4761 lis
965 4696 1379 4760 constituitur.
1413 4692 1528 4753 Hic
1557 4693 1768 4750 autem
1796 4705 2019 4748 census
2039 4687 2232 4747 semel
2247 4704 2396 4746 con-

853 4792 1104 4855 stitutus
1149 4793 1354 4869 potest
1393 4783 1668 4846 secundo
1717 4784 2040 4842 contractu
2069 4779 2285 4839 reduci
2313 4778 2394 4839 ad

852 4886 1092 4948 fructus
1119 4887 1344 4956 certoS‚
1396 4893 1621 4954 nempe
1651 4874 1731 4934 ad
1775 4876 1867 4934 tot
1906 4872 2150 4933 modios
2179 4871 2390 4949 tritici,

852 4979 953 5040 vel
980 4981 1073 5039 tot
1115 4989 1444 5036 mensuras
1475 4968 1608 5029 vini
1664 4984 1929 5042 annuas»,
1963 4965 2096 5025 sive
2154 4965 2386 5043 plureS,

852 5071 984 5133 sive
1029 5067 1360 5148 pauciores
1403 5063 1642 5122 fructus
1687 5058 2080 5137 colligantur,
2135 5061 2198 5118 et
2224 5057 2394 5118 aesti-

852 5167 1025 5225 mata
1049 5161 1392 5242 prudenter
1409 5174 1519 5234 spe
1535 5155 1849 5214 fructuum
1867 5149 2387 5230 colligendorum,

852 5263 917 5319 et
942 5253 1233 5335 periculis
1262 5268 1402 5331 quae
1418 5246 1794 5309 intervenire
1814 5243 2390 5324 possunt.Denique

851 5353 1058 5429 potest
1111 5346 1300 5408 etiam
1328 5342 1409 5405 ad
1437 5339 1804 5421 pensionem
1829 5341 2064 5398 certam
2091 5336 2389 5416 pecunia-

851 5442 1011 5503 riam
1040 5456 1314 5501 annuam
1359 5431 1597 5508 reduci,
1645 5437 1708 5493 et
1734 5431 1822 5491 ita
1849 5429 2264 5491 communiter
2290 5429 2378 5504 fit,

2492 3939 2762 4020 pretium
2814 3935 3044 4015 duplex
3089 3953 3224 3995 esse
3272 3940 3497 4013 potest,
3547 3935 3710 3998 sicut
3735 3938 3801 3997 in
3844 3939 4041 3999 rebus

2494 4032 2652 4110 aliis,
2699 4030 2935 4091 scilicet
2954 4075 2969 4106 ,
3022 4027 3357 4107 legitimu3‚
3402 4029 3497 4088 vel
3537 4030 3860 4091 naturalis.
3910 4033 4045 4092 Ali-

2494 4124 2745 4205 quando
2776 4122 2942 4183 enim
2967 4121 3107 4200 lege
3137 4121 3449 4180 communi
3477 4125 3747 4199 taxatur,
3794 4129 3858 4185 et
3901 4125 4044 4203 qui·

2493 4218 2637 4279 dem
2661 4214 2895 4278 taxatio
2916 4214 3051 4274 haec
3080 4232 3203 4274 non
3235 4213 3367 4273 fieri
3398 4214 3557 4275 solet
3586 4216 3794 4294 quoad
3829 4235 4048 4278 exces-

2492 4329 2654 4386 sum,
2684 4308 2795 4370 sed
2818 4306 3026 4388 quoad
3055 4304 3553 4380 diminutionem,
3578 4307 3639 4366 in
3672 4327 3797 4387 qua
3826 4313 4045 4390 majus

2493 4403 2841 4485 periculum
2868 4417 3071 4460 usurae
3104 4417 3236 4458 esse
3271 4403 3496 4476 potest,
3532 4419 3758 4480 nempe
3789 4408 3861 4463 ut
3891 4423 4049 4465 cen-

2492 4516 2597 4558 sus
2619 4514 2742 4557 non
2770 4491 2995 4553 minori
3025 4491 3222 4571 pretio
3252 4497 3518 4567 ematur,
3566 4493 3714 4555 licet
3740 4514 3944 4574 supra
3972 4497 4050 4557 il-

2490 4590 2600 4652 lud
2621 4587 2815 4668 possit
2842 4602 3236 4666 quocumque
3278 4585 3478 4662 pretio
3507 4587 3716 4663 vendi,
3767 4590 3882 4668 qui
3934 4610 4052 4652 ex-

2493 4701 2703 4744 cessus
2715 4698 2838 4741 non
2854 4678 2972 4738 erit
2986 4681 3203 4738 contra
3219 4676 3423 4755 legem
3437 4679 3790 4756 positivam,
3802 4684 4050 4761 poterit

2493 4780 2702 4836 tamen
2733 4790 2868 4832 esse
2898 4774 3117 4830 contra
3151 4769 3355 4848 legem
3397 4773 3766 4847 naturalem,
3802 4776 3856 4835 si
3891 4797 4049 4838 vere

2492 4865 2755 4929 excedat
2780 4862 3057 4923 valorem
3084 4879 3480 4922 communem
3501 4864 3641 4925 talis
3670 4883 3903 4930 census
3936 4869 4052 4950 qni

2492 4959 2785 5023 venditur
2821 4976 2834 5017 :
2877 4954 3057 5015 sicuti
3077 4953 3266 5015 etiam
3296 4955 3536 5016 seclusa
3565 4958 3703 5037 lege
3733 4963 4045 5039 positiva,

2491 5050 2740 5133 peccari
2754 5051 2965 5127 posset
2978 5051 3195 5107 contra
3223 5047 3427 5126 legem
3448 5051 3820 5129 naturalem,
3850 5055 3909 5114 si
3924 5058 4050 5116 mi-

2491 5145 2629 5207 nori
2647 5142 2847 5223 pretio
2878 5143 3192 5200 emeretur
3211 5157 3456 5218 censuS,
3486 5142 3677 5221 quiin
3708 5149 4052 5210 communi

2492 5235 2903 5300 aestimatione
2931 5233 3070 5311 plus
3100 5232 3356 5309 valeret,
3390 5234 3476 5295 ita
3506 5239 3725 5297 utnon
3758 5242 4054 5321 attinge-

2487 5335 2660 5392 retur
2687 5326 2957 5407 pretium
2987 5324 3207 5385 saltem
3250 5326 3530 5387 naturale
3560 5327 3876 5394 infimum.
3924 5338 4051 5398 Pro

2487 5423 2789 5486 varietate
2818 5422 3029 5479 autem
3074 5418 3377 5495 locorum,
3429 5425 3492 5481 et
3529 5440 3642 5500 pro
3672 5423 3910 5503 majori
3943 5430 4051 5490 vel
