4263 6376
1376 332 1847 419 DISPUTATIO
1890 360 2107 439 xxm,
2158 362 2430 425 suc'mo
2475 364 2634 426 v111.
3288 336 3291 337 ἢ
3472 368 3556 427 ⁴21

387 529 505 604 est,
540 532 612 589 ut
639 529 824 591 docet
849 531 1000 592 Mol.
1037 531 1198 611 disp.
1231 535 1368 595 208.
1401 535 1456 613 ἓ.
1503 535 1792 598 Habemus
1822 536 1935 616 iqi-

386 627 511 695 tm,
544 627 609 683 et
633 622 690 700 ἓ.
726 624 1034 701 sequenti,
1093 625 1201 705 qui
1247 627 1437 686 etiam
1478 628 1603 687 alia
1650 628 1828 690 addit
1857 647 1932 689 ex

378 711 765 866 {litigiszperitis
820 715 902 775 ad
951 716 1072 777 hoc
1107 720 1496 797 propositum
1542 739 1667 783 non
1706 740 1933 802 parum

73 901 100 955 1
121 901 216 957 *12
475 898 809 961 Dubitatur
835 901 1122 980 septimo,
1173 906 1385 963 utrum
1415 923 1604 965 causa
1630 924 1756 968 non
1785 908 1932 968 sub·
2456 884 2498 967 S
2529 885 2576 968 E
2607 885 2654 969 C
2685 886 2735 968 T
2766 886 2797 968 l
2824 886 2879 970 0
2963 886 3135 975 vlu.

16 1024 156 1064 „30
190 1038 326 1068 00,-
391 991 686 1069 sistente,
734 1012 873 1072 quae
921 994 1003 1054 ad
1048 995 1410 1057 donandum
1445 999 1537 1059 vel
1567 1001 1933 1078 promitten-

16 1079 306 1173 232¹}aess
390 1084 550 1144 dum
603 1087 821 1161 movit,
880 1087 1085 1148 valeat
1123 1088 1376 1150 donatio
1419 1091 1514 1150 vel
1557 1093 1933 1171 promissio?

16 1192 285 1238 καμὼ-
391 1178 484 1237 De
514 1177 634 1238 hoc
661 1182 871 1238 tamen
903 1180 1051 1240 satis
1081 1179 1349 1242 diximus
1371 1182 1529 1261 disp.
1552 1186 1930 1262 praecedenti
2114 1189 2274 1265 Quoe,
2307 1189 2533 1271 quibus,
2573 1199 2629 1252 et
2649 1199 2688 1251 ἀ
2715 1190 2920 1273 quibus
2936 1191 3216 1274 promitti
3232 1193 3477 1274 possint.

390 1274 652 1347 agentes
681 1270 759 1330 de
789 1275 1110 1333 contractu
1140 1274 1435 1351 gratuite,
1471 1276 1721 1355 quando
1750 1279 1930 1339 vitie-

387 1364 496 1422 tur
525 1362 605 1423 ob
637 1363 968 1425 falsitatem
987 1410 1003 1440 ,
1037 1368 1100 1426 et
1126 1384 1401 1427 errorem
1431 1368 1596 1429 circa
1623 1371 1928 1432 motivum

384 1455 795 1533 promittendi
827 1457 926 1516 vel
956 1457 1254 1536 donandi,
1289 1478 1405 1521 nec
1435 1479 1590 1540 opus
1620 1467 1714 1523 est
1741 1464 1804 1524 id
1822 1466 1929 1527 ite-

386 1564 534 1606 rum
565 1547 667 1607 hic
696 1554 1003 1627 repetere.
1503 1577 1508 1583 ·

466 1640 802 1701 Dubitatur
828 1648 1073 1719 octavo,
1111 1644 1363 1722 quando
1395 1651 1595 1708 cesset
1625 1648 1924 1728 obligatio

2106 1455 2196 1513 De
2225 1452 2322 1512 his
2351 1453 2640 1514 omnibus
2671 1454 2800 1516 fere
2822 1455 3059 1516 dictum
3090 1460 3185 1517 est
3211 1456 3372 1536 disp.
3397 1475 3561 1536 prae-
3710 1464 3824 1525 113

2027 1546 2165 1606 ced.
2215 1546 2461 1625 agendo
2502 1546 2580 1607 de
2630 1549 3052 1610 contractibus
3094 1550 3156 1610 in
3200 1550 3520 1627 communi
3540 1596 3555 1626 ‚
3660 1589 3854 1634 sslicitum

2028 1657 2222 1718 quare
2266 1639 2365 1699 hic
2410 1640 2612 1701 solum
2653 1642 2928 1703 breviter
2967 1644 3214 1722 regulas
3244 1643 3380 1704 illas
3409 1643 3564 1704 indi·
3609 1645 3907 1752 Pmss'gt‘e‘istfm

383 1731 820 1810 promissionis
854 1742 1194 1815 acceptatae
1227 1741 1289 1797 et
1315 1738 1560 1816 validae,
1594 1740 1671 1800 de
1703 1760 1823 1821 quo
1839 1743 1923 1803 vi·

387 1824 521 1884 deri
555 1831 817 1903 possunt
861 1829 1031 1889 Less,
1068 1847 1121 1889 c.
1157 1831 1372 1891 XVIII.
1408 1832 1557 1894 dub.
1587 1850 1646 1894 x.
1687 1839 1748 1895 et
1776 1839 1926 1895 Tur-

383 1918 549 1978 rian.
606 1919 769 1997 disp.
818 1936 950 1981 Lxx.
1001 1940 1116 2002 per
1155 1931 1355 2000 totam,
1391 1929 1452 1985 et
1486 1926 1688 2005 primo
1721 1929 1927 1988 afferri

386 2011 547 2072 solet
574 2030 778 2089 casuS,
796 2015 1046 2092 quando
1065 2015 1570 2095 circumstantiae,
1597 2020 1693 2080 vel
1716 2040 1925 2081 rerum

383 2108 587 2165 status
642 2106 732 2165 ita
784 2110 1126 2184 mutantur,
1177 2113 1248 2170 ut
1284 2110 1332 2169 si
1383 2111 1721 2189 promissor
1763 2113 1925 2174 hanc

383 2198 802 2257 mutationem
832 2201 1319 2279 praeeogitasset,
1347 2204 1646 2265 noluisset
1672 2208 1928 2284 promit-

385 2293 542 2352 tere.
592 2293 680 2351 De
714 2290 832 2351 hac
860 2295 1069 2352 tamen
1101 2295 1340 2373 regula,
1378 2300 1440 2356 et
1487 2300 1801 2376 quomodo
1832 2300 1926 2358 in-

384 2382 732 2460 telligenda
760 2383 877 2461 sit,
928 2384 1198 2446 diximus
1242 2407 1428 2467 supra
1457 2390 1616 2469 disp.
1650 2391 1920 2469 praeced.

385 2474 466 2534 de
495 2476 923 2537 contractibus
961 2478 1024 2536 in
1054 2482 1372 2540 communi
1400 2486 1550 2544 sect.
1587 2501 1673 2544 vt.
1697 2485 1925 2545 Secun-

385 2566 491 2643 do,
526 2573 732 2629 cessat
757 2570 1050 2648 obligatio
1082 2572 1531 2650 promissioniS,
1559 2577 1808 2654 quando
1826 2595 1925 2637 res

384 2661 696 2737 promissa
724 2662 972 2723 reddita
1002 2669 1095 2724 est
1126 2664 1545 2743 impossibilis,
1567 2668 1800 2745 illicita,
1824 2671 1924 2729 vel

383 2753 648 2829 inutilis,
682 2754 744 2814 in
767 2773 888 2834 quo
918 2759 1129 2817 tamen
1160 2778 1306 2818 casu
1339 2760 1794 2821 advertendum
1829 2767 1924 2824 est

383 2846 615 2925 primo,
659 2847 779 2909 hoc
809 2849 1038 2909 debere
1069 2850 1359 2930 intelligi,
1407 2854 1658 2932 quando
1691 2854 1754 2914 id
1800 2873 1924 2915 non

384 2939 695 3018 contingit
723 2959 797 2999 ex
826 2942 1010 3020 eulpa
1037 2943 1452 3021 promissoris
1488 2946 1551 3007 Si
1581 2948 1748 3006 enim
1775 2966 1921 3027 pro-

383 3032 616 3092 missor
644 3032 760 3093 fuit
784 3033 848 3092 in
877 3052 1055 3094 mora
1084 3035 1383 3115 implendi
1413 3040 1914 3117 promissionem,

384 3128 448 3184 et
472 3128 692 3203 postea
734 3125 1252 3204 impedimentum
1292 3132 1712 3211 superveniat,
1765 3133 1921 3195 obli-

383 3217 640 3296 gabitur
695 3218 903 3279 adhuc
959 3221 1038 3280 ad
1092 3222 1417 3301 interesse,
1464 3243 1608 3285 cum
1664 3228 1742 3287 ob
1791 3226 1923 3306 ejus

384 3311 639 3389 culpam
667 3311 1106 3390 promissarius
1136 3315 1436 3376 damnum
1467 3318 1618 3378 illud
1651 3320 1924 3381 incurre-

385 3402 488 3463 rit.
547 3403 823 3464 Adverte
850 3408 1147 3484 secundo,
1183 3409 1228 3467 si
1279 3409 1795 3489 impedimentum
1825 3434 1923 3474 su-

384 3496 763 3573 perveniens
792 3516 916 3558 non
948 3499 1028 3560 sit
1055 3505 1449 3579 perpetuum,
1480 3503 1590 3565 sed
1609 3507 1922 3584 tempora-

383 3589 466 3665 Ie,
514 3606 642 3648 non
674 3590 955 3669 extingui
1004 3593 1256 3654 omnino
1287 3595 1753 3675 obligationem,
1811 3600 1919 3659 sed

384 3680 708 3760 suspendi,
744 3681 943 3744 donec
971 3686 1491 3764 impedimentum
1514 3696 1732 3751 cesset.
1752 3692 1920 3752 Alias

385 3791 611 3834 causas
639 3792 712 3834 ex
748 3775 973 3855 quibus
1002 3779 1328 3855 promissio
1359 3780 1587 3844 desinit
1614 3783 1914 3862 obligare,

382 3865 529 3926 vide
573 3867 742 3944 apud
772 3869 1102 3946 praedictos
1132 3875 1444 3950 auctoreS,
1480 3878 1540 3935 et
1569 3877 1734 3954 apud
1768 3878 1918 3937 San·

382 3958 710 4020 chezlib.1.
728 3959 799 4023 de'
817 3962 1072 4022 matrim.
1094 3982 1206 4042 per
1232 3967 1444 4043 plures
1466 3967 1918 4047 disputationes

381 4056 677 4131 agentem
708 4053 786 4112 de
816 4055 1018 4115 causis
1047 4074 1185 4134 quae
1218 4058 1533 4120 sufficiunt
1571 4060 1650 4120 ad
1700 4062 1918 4122 dissol-

380 4145 591 4205 venda
618 4147 954 4226 sponsalia,
989 4166 1255 4227 quarum
1293 4152 1502 4230 plures
1533 4159 1795 4232 possunt
1836 4158 1915 4216 ad

383 4256 605 4299 omnes
647 4239 1092 4317 promissiones
1121 4244 1443 4323 applicari,
1478 4251 1540 4307 et
1567 4265 1679 4308 nos
1717 4248 1780 4308 in
1813 4269 1917 4310 su-

379 4332 738 4411 perioribus
762 4333 891 4393 fere
918 4333 1054 4394 illas
1086 4353 1302 4396 omnes
1331 4338 1672 4418 tetigimuS,
1699 4345 1759 4402 et
1774 4342 1913 4403 ideo

382 4443 510 4486 non
547 4429 695 4486 sunt
723 4445 889 4487 nunc
918 4426 1145 4489 iterum
1171 4431 1552 4508 repetendae.

2027 1732 2329 1792 cabimuS.
2367 1733 2571 1793 Prima
2600 1752 2747 1812 ergo
2778 1735 2997 1812 regula
3026 1739 3139 1812 est,
3192 1737 3435 1815 quoties
3463 1752 3562 1798 res

2025 1825 2334 1903 promissa
2362 1844 2436 1884 ex
2466 1844 2530 1885 se
2561 1825 2773 1887 illicita
2804 1832 2917 1903 est,
2954 1827 3283 1904 promissio
3313 1847 3437 1888 non
3469 1833 3563 1890 est

2024 1917 2234 1977 valida
2268 1937 2281 1976 :
2335 1935 2516 1977 nemo
2549 1919 2715 1977 enirn
2746 1923 2952 1996 potest
2992 1920 3072 1979 ad
3096 1920 3380 1981 illicitum
3411 1920 3560 1981 obli-

2024 2009 2159 2087 gari
2184 2055 2199 2086 ,
2250 2027 2393 2069 cum
2434 2029 2505 2069 ex
2542 2011 2825 2071 terminis
2856 2017 3205 2090 repugnet,
3242 2014 3411 2092 quod
3445 2013 3560 2073 ali-

2027 2102 2178 2180 quid
2217 2120 2341 2161 non
2372 2103 2450 2163 sit
2478 2102 2738 2180 licitum,
2792 2108 2854 2165 et
2908 2109 3119 2166 tamen
3148 2106 3230 2166 sit
3254 2106 3555 2184 obligatio

2025 2193 2177 2254 illud
2208 2196 2517 2272 ponendi,
2569 2196 2812 2257 etiamsi
2850 2215 2994 2257 cum
3024 2196 3383 2275 juramento
3414 2216 3559 2276 pro-

2024 2287 2348 2360 mittatur3
2381 2287 2444 2347 in
2469 2306 2590 2367 quo
2622 2307 2809 2348 sensu
2838 2308 3057 2350 verum
3088 2293 3200 2373 est,
3243 2289 3559 2369 juramen·

2023 2384 2159 2441 tum
2190 2384 2407 2441 contra
2425 2382 2623 2441 bonos
2650 2400 2857 2443 mores
2888 2401 3010 2443 non
3046 2401 3180 2443 esse
3219 2383 3558 2444 observan-

2026 2473 2199 2546 dum,
2256 2472 2401 2552 quia
2448 2473 2877 2552 juramentum
2930 2494 3054 2536 non
3098 2480 3193 2536 est
3235 2475 3556 2537 vinculum

2024 2565 2367 2643 iniquitatis
2401 2585 2413 2626 :
2468 2566 2570 2644 qui
2617 2570 2825 2626 tamen
2850 2566 3058 2645 jurat,
3108 2586 3173 2628 se
3203 2568 3556 2629 soluturum

2025 2676 2269 2733 usuraS,
2303 2676 2426 2718 non
2456 2659 2760 2736 promittit
2789 2660 3026 2739 aliquid
3056 2661 3372 2738 illicitum,
3408 2660 3556 2740 quia

2021 2750 2168 2811 licet
2207 2768 2429 2809 usuras
2472 2751 2756 2829 accipere
2797 2758 3128 2831 peccatum
3167 2753 3266 2829 sit,
3302 2753 3438 2813 illas
3468 2756 3555 2813 ta-

2020 2861 2166 2902 men
2196 2844 2436 2902 solvere
2464 2862 2589 2904 non
2611 2848 2705 2904 est
2724 2848 3069 2921 peccatum.
3086 2845 3358 2906 Adverte
3374 2846 3552 2922 item,

2021 2954 2148 2996 non
2190 2953 2324 2996 esse
2354 2935 2556 3011 idem,
2593 2937 2761 3016 quod
2806 2938 3133 3016 promissio
3182 2937 3397 2999 illicita
3446 2938 3547 3015 sit,

2018 3028 2118 3089 vel
2143 3028 2310 3106 quod
2338 3047 2439 3089 res
2467 3029 2601 3107 ipsa
2631 3031 2939 3107 promissa
2966 3034 3044 3091 sit
3070 3031 3322 3092 illicita:
3347 3034 3554 3109 potest

2024 3121 2191 3180 enim
2220 3121 2491 3201 primurn
2520 3122 2654 3183 sine
2683 3123 2957 3184 secundo
2989 3123 3374 3203 contingere,
3408 3127 3478 3185 ut
3497 3123 3549 3183 si

2023 3218 2406 3292 praeeeptum
2435 3214 2670 3276 habeas
2703 3235 2826 3277 non
2857 3217 3177 3277 emittendi
3208 3220 3387 3293 vota,
3411 3235 3554 3296 pec-
3597 3279 3603 3287 ,

2024 3324 2127 3366 cas
2159 3308 2480 3384 vovendO,
2525 3313 2739 3369 votum
2793 3313 3004 3370 tamen
3058 3309 3336 3370 validum
3368 3314 3463 3371 est
3489 3313 3553 3377 et

2023 3399 2259 3478 obligat
2286 3401 2337 3459 si
2364 3418 2465 3460 res
2494 3404 2638 3462 voto
2667 3402 2976 3480 promissa
2999 3401 3167 3463 hona
3214 3402 3316 3463 sit.
3368 3401 3548 3464 Unde
3644 3445 3651 3448 -

2019 3493 2167 3553 lieet
2194 3494 2545 3571 promissio,
2597 3494 2693 3555 vel
2749 3494 3006 3556 donatio
3036 3494 3302 3574 prodiga
3329 3512 3546 3573 pecca-

2019 3590 2155 3645 tum
2195 3586 2303 3662 sit,
2354 3587 2716 3666 frequenter
2759 3592 2969 3648 tamen
3000 3586 3327 3666 promissio
3358 3587 3547 3647 etiam

1994 3679 2284 3757 prodiga
2312 3679 2479 3739 valet
2496 3683 2558 3740 et
2583 3679 2821 3758 obligat
2858 3701 2870 3740 :
2905 3681 3051 3759 quia
3078 3679 3224 3741 lieet
3242 3679 3548 3758 darepro-

2020 3771 2164 3848 dige
2196 3775 2259 3832 et
2286 3771 2417 3830 sine
2440 3789 2629 3831 causa
2660 3772 2986 3832 sufficienti
3017 3771 3374 3844 malumsit3
3396 3771 3548 3831 dare

2017 3867 2229 3924 tamen
2274 3881 2349 3922 ex
2392 3863 2773 3940 obligatione
2831 3862 3259 3941 promissionis
3313 3881 3549 3942 praece-

2018 3955 2221 4016 dentis
2255 3974 2379 4016 non
2438 3960 2530 4016 est
2559 3955 2813 4031 malum,
2850 3956 2983 4034 jam
3013 3955 3180 4015 enim
3212 3974 3332 4016 non
3364 3955 3550 4016 datur

2017 4049 2149 4109 sine
2193 4067 2404 4125 causa,
2465 4049 2573 4108 sed
2606 4067 2678 4107 ex
2708 4066 2895 4109 eausa
2925 4049 3371 4127 promissionis,
3402 4048 3550 4109 licet

2018 4141 2151 4201 sine
2207 4160 2398 4202 causa
2432 4141 2807 4220 promissum
2838 4142 2953 4214 sit,
3014 4147 3084 4203 ut
3128 4147 3347 4204 contra
3393 4143 3547 4203 alios

2016 4235 2242 4313 probat
2284 4237 2455 4295 LeSS.
2508 4252 2562 4296 c.
2606 4236 2823 4297 XVIII.
2878 4234 3027 4295 duh.
3065 4253 3107 4296 1.
3162 4255 3223 4295 n.
3256 4239 3316 4298 9.
3352 4240 3414 4297 et
3443 4238 3540 4297 10.

2015 4328 2271 4388 Desinet
2311 4331 2523 4388 tamen
2564 4327 2843 4406 obligare
2887 4328 3227 4407 aliquando
3285 4347 3360 4388 ex
3406 4327 3546 4388 aliis

2015 4421 2348 4501 capitibuS,
2398 4440 2459 4482 v.
2492 4440 2588 4500 gr.
2630 4422 2679 4480 si
2708 4440 2823 4500 per
2872 4440 3151 4482 errorem
3178 4421 3539 4501 promisisti,

2012 4515 2112 4574 vel
2160 4533 2235 4574 ex
2279 4517 2455 4574 metu
2501 4514 2757 4592 injusto,
2802 4515 2904 4576 vel
2951 4515 3000 4575 si
3034 4515 3315 4577 executio
3356 4515 3545 4576 etiam

2014 4607 2228 4667 illicita
2256 4606 2354 4684 sit,
2387 4607 2484 4667 vel
2506 4607 2558 4667 si
2593 4607 2932 4686 promisisti
2976 4608 3040 4668 in
3070 4608 3323 4669 modum
3354 4606 3545 4668 solius

2014 4700 2199 4778 pretii
2233 4720 2246 4760 :
2284 4703 2430 4760 tunc
2459 4700 2647 4777 enim,
2709 4701 2760 4760 si
2789 4701 3062 4778 pretium
3085 4700 3166 4763 sit
3210 4700 3539 4776 excedenS,

2012 4792 2249 4872 poteris
2276 4793 2536 4853 fortasse
2567 4811 2889 4853 excessum
2918 4793 3222 4873 injustum
3261 4812 3384 4854 non
3414 4793 3542 4854 soI-

2014 4903 2159 4945 vere
2214 4885 2433 4945 saltem
2482 4887 2663 4963 juxta
2718 4905 3115 4947 communem
3144 4885 3538 4961 sententiam,

2014 4977 2093 5038 de
2145 4995 2266 5057 quo
2315 4977 2585 5038 diximus
2638 4978 2762 5039 late
2816 4979 2977 5057 disp.
3030 4996 3211 5040 xvni.
3276 4981 3428 5040 sect.
3477 4981 3537 5040 3.

2012 5076 2273 5150 agentes
2312 5071 2390 5132 de
2420 5072 2741 5149 promissis
2775 5077 2836 5133 et
2866 5073 3140 5152 acceptis
3172 5072 3252 5133 ob
3292 5076 3543 5151 turpem

2013 5181 2311 5237 causam;
2346 5163 2505 5225 sicut
2532 5169 2794 5243 emptor,
2831 5166 2935 5245 qui
2983 5183 3106 5226 uon
3147 5165 3340 5243 gratis
3364 5211 3379 5242 ‚
3432 5164 3543 5226 sed

2011 5275 2128 5336 per
2169 5262 2556 5319 contractum
2605 5260 2858 5320 omnino
2895 5275 3227 5319 onerosum
3273 5257 3542 5337 pretium

2011 5368 2203 5428 supra
2225 5349 2466 5430 justum
2494 5351 2771 5411 valorem
2800 5351 3107 5430 promisit.

2090 5443 2424 5505 Dubitatur
2458 5443 2688 5523 primo,
2748 5463 2825 5502 an
2885 5442 3216 5521 promissio
3258 5443 3424 5505 facta
3461 5442 3542 5504 ob

2011 5537 2258 5614 turpem
2287 5553 2538 5598 causam
2569 5536 2779 5597 valida
2804 5536 2931 5597 sit?
2960 5540 3049 5598 De
3079 5537 3199 5599 hoc
3228 5537 3418 5600 etiam
3448 5536 3545 5599 di-
