<?xml version="1.0" encoding="UTF-8"?>
<!DOCTYPE html PUBLIC "-//W3C//DTD XHTML 1.0 Transitional//EN"
    "http://www.w3.org/TR/xhtml1/DTD/xhtml1-transitional.dtd">
<html xmlns="http://www.w3.org/1999/xhtml" xml:lang="en" lang="en">
 <head>
  <title>
</title>
<meta http-equiv="Content-Type" content="text/html;charset=utf-8" />
  <meta name='ocr-system' content='tesseract 3.04.00' />
  <meta name='ocr-capabilities' content='ocr_page ocr_carea ocr_par ocr_line ocrx_word'/>
</head>
<body>
  <div class='ocr_page' id='page_1' title='image "./joannisdelugodi00lugogoog_0514.png"; bbox 0 0 4263 6376; ppageno 0'>
   <div class='ocr_carea' id='block_1_1' title="bbox 640 3634 709 3692">
    <p class='ocr_par' dir='ltr' id='par_1_1' title="bbox 640 3634 709 3692">
     <span class='ocr_line' id='line_1_1' title="bbox 640 3634 709 3692; baseline 0 0"><span class='ocrx_word' id='word_1_1' title='bbox 640 3634 709 3692; x_wconf 72' lang='lat'>61</span> 
     </span>
    </p>
   </div>
   <div class='ocr_carea' id='block_1_2' title="bbox 583 3759 793 3856">
    <p class='ocr_par' dir='ltr' id='par_1_2' title="bbox 583 3759 793 3856">
     <span class='ocr_line' id='line_1_2' title="bbox 583 3759 793 3822; baseline 0 -20"><span class='ocrx_word' id='word_1_2' title='bbox 583 3759 793 3822; x_wconf 62' lang='lat' dir='ltr'>Sententia</span> 
     </span>
     <span class='ocr_line' id='line_1_3' title="bbox 596 3817 791 3856; baseline -0.005 -2"><span class='ocrx_word' id='word_1_3' title='bbox 596 3817 791 3856; x_wconf 59' lang='grc'>0001008.-</span> 
     </span>
    </p>
   </div>
   <div class='ocr_carea' id='block_1_3' title="bbox 890 302 1009 362">
    <p class='ocr_par' dir='ltr' id='par_1_3' title="bbox 890 302 1009 362">
     <span class='ocr_line' id='line_1_4' title="bbox 890 302 1009 362; baseline 0 0"><span class='ocrx_word' id='word_1_4' title='bbox 890 302 1009 362; x_wconf 69' lang='lat'>488</span> 
     </span>
    </p>
   </div>
   <div class='ocr_carea' id='block_1_4' title="bbox 877 476 2430 5550">
    <p class='ocr_par' dir='ltr' id='par_1_4' title="bbox 883 476 2430 3606">
     <span class='ocr_line' id='line_1_5' title="bbox 893 476 2426 557; baseline 0 -20"><span class='ocrx_word' id='word_1_5' title='bbox 893 495 1019 557; x_wconf 88' lang='lat' dir='ltr'>qua</span> <span class='ocrx_word' id='word_1_6' title='bbox 1046 478 1226 539; x_wconf 84' lang='lat' dir='ltr'>affert</span> <span class='ocrx_word' id='word_1_7' title='bbox 1250 478 1560 556; x_wconf 82' lang='lat' dir='ltr'>Angelum</span> <span class='ocrx_word' id='word_1_8' title='bbox 1584 522 1600 555; x_wconf 94' lang='lat'>,</span> <span class='ocrx_word' id='word_1_9' title='bbox 1634 476 1978 553; x_wconf 88' lang='lat' dir='ltr'>Rosellam‚</span> <span class='ocrx_word' id='word_1_10' title='bbox 2026 477 2273 540; x_wconf 82' lang='lat' dir='ltr'>Silvest.</span> <span class='ocrx_word' id='word_1_11' title='bbox 2307 480 2426 538; x_wconf 85' lang='lat' dir='ltr'>Ar·-</span> 
     </span>
     <span class='ocr_line' id='line_1_6' title="bbox 890 569 2424 645; baseline 0.001 -16"><span class='ocrx_word' id='word_1_12' title='bbox 890 569 1127 629; x_wconf 90' lang='lat' dir='ltr'>millam</span> <span class='ocrx_word' id='word_1_13' title='bbox 1152 618 1166 645; x_wconf 90' lang='lat'>,</span> <span class='ocrx_word' id='word_1_14' title='bbox 1217 573 1278 631; x_wconf 92' lang='lat' dir='ltr'>et</span> <span class='ocrx_word' id='word_1_15' title='bbox 1306 571 1367 631; x_wconf 88' lang='lat' dir='ltr'>S.</span> <span class='ocrx_word' id='word_1_16' title='bbox 1402 570 1881 631; x_wconf 89' lang='lat' dir='ltr'>Bernardinum.</span> <span class='ocrx_word' id='word_1_17' title='bbox 1940 571 2221 631; x_wconf 80' lang='lat' dir='ltr'><strong>Alteram</strong></span> <span class='ocrx_word' id='word_1_18' title='bbox 2251 571 2424 631; x_wconf 89' lang='lat' dir='ltr'>affir-</span> 
     </span>
     <span class='ocr_line' id='line_1_7' title="bbox 890 661 2423 741; baseline 0.001 -20"><span class='ocrx_word' id='word_1_19' title='bbox 890 664 1191 737; x_wconf 80' lang='lat' dir='ltr'><strong>mantem,</strong></span> <span class='ocrx_word' id='word_1_20' title='bbox 1222 661 1286 720; x_wconf 90' lang='lat' dir='ltr'>id</span> <span class='ocrx_word' id='word_1_21' title='bbox 1313 662 1477 723; x_wconf 91' lang='lat' dir='ltr'>licite</span> <span class='ocrx_word' id='word_1_22' title='bbox 1507 663 1643 722; x_wconf 81' lang='lat' dir='ltr'>fieri</span> <span class='ocrx_word' id='word_1_23' title='bbox 1671 680 1854 741; x_wconf 89' lang='lat' dir='ltr'>posse</span> <span class='ocrx_word' id='word_1_24' title='bbox 1876 709 1891 738; x_wconf 90' lang='lat'>,</span> <span class='ocrx_word' id='word_1_25' title='bbox 1925 667 1987 724; x_wconf 91' lang='lat' dir='ltr'>et</span> <span class='ocrx_word' id='word_1_26' title='bbox 2016 681 2151 723; x_wconf 90' lang='lat' dir='ltr'>esse</span> <span class='ocrx_word' id='word_1_27' title='bbox 2180 668 2423 723; x_wconf 88' lang='lat' dir='ltr'>contra-</span> 
     </span>
     <span class='ocr_line' id='line_1_8' title="bbox 893 754 2427 831; baseline 0.001 -17"><span class='ocrx_word' id='word_1_28' title='bbox 893 756 1062 815; x_wconf 90' lang='lat' dir='ltr'>ctum</span> <span class='ocrx_word' id='word_1_29' title='bbox 1088 771 1209 813; x_wconf 93' lang='lat' dir='ltr'>non</span> <span class='ocrx_word' id='word_1_30' title='bbox 1239 754 1573 831; x_wconf 81' lang='lat' dir='ltr'>societatiS,</span> <span class='ocrx_word' id='word_1_31' title='bbox 1609 760 1677 815; x_wconf 89' lang='lat' dir='ltr'>ut</span> <span class='ocrx_word' id='word_1_32' title='bbox 1705 759 1987 831; x_wconf 90' lang='lat' dir='ltr'>constat,</span> <span class='ocrx_word' id='word_1_33' title='bbox 2020 756 2130 815; x_wconf 89' lang='lat' dir='ltr'>sed</span> <span class='ocrx_word' id='word_1_34' title='bbox 2160 755 2427 816; x_wconf 90' lang='lat' dir='ltr'>innomi-</span> 
     </span>
     <span class='ocr_line' id='line_1_9' title="bbox 890 844 2430 926; baseline 0.002 -20"><span class='ocrx_word' id='word_1_35' title='bbox 890 850 1128 922; x_wconf 82' lang='lat' dir='ltr'><strong>natum,</strong></span> <span class='ocrx_word' id='word_1_36' title='bbox 1160 845 1232 905; x_wconf 85' lang='lat' dir='ltr'>do</span> <span class='ocrx_word' id='word_1_37' title='bbox 1260 855 1324 906; x_wconf 81' lang='lat' dir='ltr'>ut</span> <span class='ocrx_word' id='word_1_38' title='bbox 1352 844 1482 923; x_wconf 68' lang='lat' dir='ltr'>dee,</span> <span class='ocrx_word' id='word_1_39' title='bbox 1538 865 1659 926; x_wconf 92' lang='lat' dir='ltr'>quo</span> <span class='ocrx_word' id='word_1_40' title='bbox 1707 846 2003 906; x_wconf 93' lang='lat' dir='ltr'>nimirum</span> <span class='ocrx_word' id='word_1_41' title='bbox 2050 850 2271 909; x_wconf 89' lang='lat' dir='ltr'>Petrus</span> <span class='ocrx_word' id='word_1_42' title='bbox 2320 848 2430 909; x_wconf 89' lang='lat' dir='ltr'>dat</span> 
     </span>
     <span class='ocr_line' id='line_1_10' title="bbox 891 938 2427 1017; baseline 0 -18"><span class='ocrx_word' id='word_1_43' title='bbox 891 942 1140 999; x_wconf 91' lang='lat' dir='ltr'>centum</span> <span class='ocrx_word' id='word_1_44' title='bbox 1168 938 1381 1013; x_wconf 87' lang='lat' dir='ltr'>Pau10,</span> <span class='ocrx_word' id='word_1_45' title='bbox 1417 957 1490 999; x_wconf 91' lang='lat' dir='ltr'>eo</span> <span class='ocrx_word' id='word_1_46' title='bbox 1522 942 1726 1017; x_wconf 89' lang='lat' dir='ltr'>pacto,</span> <span class='ocrx_word' id='word_1_47' title='bbox 1758 942 1827 999; x_wconf 92' lang='lat' dir='ltr'>ut</span> <span class='ocrx_word' id='word_1_48' title='bbox 1854 939 1901 998; x_wconf 93' lang='lat' dir='ltr'>si</span> <span class='ocrx_word' id='word_1_49' title='bbox 1932 939 2096 1000; x_wconf 86' lang='lat' dir='ltr'>intra</span> <span class='ocrx_word' id='word_1_50' title='bbox 2122 956 2231 1000; x_wconf 85' lang='lat' dir='ltr'>sex</span> <span class='ocrx_word' id='word_1_51' title='bbox 2256 959 2427 1000; x_wconf 90' lang='lat' dir='ltr'>men-</span> 
     </span>
     <span class='ocr_line' id='line_1_11' title="bbox 889 1031 2429 1109; baseline 0.001 -18"><span class='ocrx_word' id='word_1_52' title='bbox 889 1049 988 1091; x_wconf 89' lang='lat' dir='ltr'>ses</span> <span class='ocrx_word' id='word_1_53' title='bbox 1014 1034 1233 1092; x_wconf 90' lang='lat' dir='ltr'>Petrus</span> <span class='ocrx_word' id='word_1_54' title='bbox 1281 1031 1544 1107; x_wconf 78' lang='lat' dir='ltr'>obierIt,</span> <span class='ocrx_word' id='word_1_55' title='bbox 1596 1031 1824 1092; x_wconf 90' lang='lat' dir='ltr'>Paulus</span> <span class='ocrx_word' id='word_1_56' title='bbox 1863 1031 2016 1091; x_wconf 91' lang='lat' dir='ltr'>nihil</span> <span class='ocrx_word' id='word_1_57' title='bbox 2060 1033 2325 1109; x_wconf 79' lang='lat' dir='ltr'>reddat,</span> <span class='ocrx_word' id='word_1_58' title='bbox 2377 1033 2429 1092; x_wconf 94' lang='lat' dir='ltr'>si</span> 
     </span>
     <span class='ocr_line' id='line_1_12' title="bbox 889 1124 2429 1200; baseline 0.002 -18"><span class='ocrx_word' id='word_1_59' title='bbox 889 1141 1037 1184; x_wconf 81' lang='lat' dir='ltr'>vero</span> <span class='ocrx_word' id='word_1_60' title='bbox 1069 1126 1289 1185; x_wconf 86' lang='lat' dir='ltr'>Petrus</span> <span class='ocrx_word' id='word_1_61' title='bbox 1332 1143 1440 1185; x_wconf 87' lang='lat' dir='ltr'>sex</span> <span class='ocrx_word' id='word_1_62' title='bbox 1469 1142 1714 1185; x_wconf 87' lang='lat' dir='ltr'>menses</span> <span class='ocrx_word' id='word_1_63' title='bbox 1740 1124 2002 1200; x_wconf 77' lang='lat' dir='ltr'>vixerit,</span> <span class='ocrx_word' id='word_1_64' title='bbox 2061 1125 2298 1187; x_wconf 86' lang='lat' dir='ltr'>Paulus</span> <span class='ocrx_word' id='word_1_65' title='bbox 2317 1125 2429 1185; x_wconf 92' lang='lat' dir='ltr'>de-</span> 
     </span>
     <span class='ocr_line' id='line_1_13' title="bbox 887 1215 2426 1296; baseline 0.001 -19"><span class='ocrx_word' id='word_1_66' title='bbox 887 1216 1036 1277; x_wconf 87' lang='lat' dir='ltr'>beat</span> <span class='ocrx_word' id='word_1_67' title='bbox 1063 1215 1325 1276; x_wconf 81' lang='lat' dir='ltr'>reddere</span> <span class='ocrx_word' id='word_1_68' title='bbox 1343 1217 1596 1296; x_wconf 58' lang='grc'>106001</span> <span class='ocrx_word' id='word_1_69' title='bbox 1629 1221 1986 1277; x_wconf 87' lang='lat' dir='ltr'>contractus</span> <span class='ocrx_word' id='word_1_70' title='bbox 2016 1235 2143 1278; x_wconf 93' lang='lat' dir='ltr'>non</span> <span class='ocrx_word' id='word_1_71' title='bbox 2172 1221 2266 1277; x_wconf 89' lang='lat' dir='ltr'>est</span> <span class='ocrx_word' id='word_1_72' title='bbox 2293 1236 2426 1278; x_wconf 90' lang='lat' dir='ltr'>mu-</span> 
     </span>
     <span class='ocr_line' id='line_1_14' title="bbox 889 1308 2425 1388; baseline 0.001 -19"><span class='ocrx_word' id='word_1_73' title='bbox 889 1312 1067 1369; x_wconf 87' lang='lat' dir='ltr'>tuum</span> <span class='ocrx_word' id='word_1_74' title='bbox 1092 1354 1107 1385; x_wconf 94' lang='lat'>,</span> <span class='ocrx_word' id='word_1_75' title='bbox 1144 1326 1287 1369; x_wconf 89' lang='lat' dir='ltr'>cum</span> <span class='ocrx_word' id='word_1_76' title='bbox 1317 1308 1377 1368; x_wconf 92' lang='lat' dir='ltr'>in</span> <span class='ocrx_word' id='word_1_77' title='bbox 1408 1314 1625 1370; x_wconf 91' lang='lat' dir='ltr'>mutuo</span> <span class='ocrx_word' id='word_1_78' title='bbox 1656 1327 1905 1387; x_wconf 86' lang='lat' dir='ltr'>semper</span> <span class='ocrx_word' id='word_1_79' title='bbox 1928 1309 2115 1369; x_wconf 85' lang='lat' dir='ltr'>liceat</span> <span class='ocrx_word' id='word_1_80' title='bbox 2143 1315 2425 1388; x_wconf 89' lang='lat' dir='ltr'>repetere</span> 
     </span>
     <span class='ocr_line' id='line_1_15' title="bbox 890 1400 2426 1480; baseline 0.001 -19"><span class='ocrx_word' id='word_1_81' title='bbox 890 1404 1157 1477; x_wconf 80' lang='lat' dir='ltr'>sortem,</span> <span class='ocrx_word' id='word_1_82' title='bbox 1212 1401 1379 1480; x_wconf 92' lang='lat' dir='ltr'>quod</span> <span class='ocrx_word' id='word_1_83' title='bbox 1428 1404 1638 1462; x_wconf 88' lang='lat' dir='ltr'>tamen</span> <span class='ocrx_word' id='word_1_84' title='bbox 1684 1402 1750 1460; x_wconf 88' lang='lat' dir='ltr'>in</span> <span class='ocrx_word' id='word_1_85' title='bbox 1789 1400 1908 1461; x_wconf 92' lang='lat' dir='ltr'>hoc</span> <span class='ocrx_word' id='word_1_86' title='bbox 1946 1405 2270 1462; x_wconf 88' lang='lat' dir='ltr'>contractu</span> <span class='ocrx_word' id='word_1_87' title='bbox 2300 1421 2426 1462; x_wconf 93' lang='lat' dir='ltr'>non</span> 
     </span>
     <span class='ocr_line' id='line_1_16' title="bbox 889 1492 2427 1566; baseline 0.001 -13"><span class='ocrx_word' id='word_1_88' title='bbox 889 1494 1069 1566; x_wconf 87' lang='lat' dir='ltr'>licet;</span> <span class='ocrx_word' id='word_1_89' title='bbox 1121 1497 1184 1554; x_wconf 89' lang='lat' dir='ltr'>et</span> <span class='ocrx_word' id='word_1_90' title='bbox 1212 1492 1460 1553; x_wconf 88' lang='lat' dir='ltr'>aliunde</span> <span class='ocrx_word' id='word_1_91' title='bbox 1505 1494 1748 1555; x_wconf 91' lang='lat' dir='ltr'>lucrum</span> <span class='ocrx_word' id='word_1_92' title='bbox 1793 1494 1945 1554; x_wconf 89' lang='lat' dir='ltr'>illud</span> <span class='ocrx_word' id='word_1_93' title='bbox 1974 1493 2224 1557; x_wconf 82' lang='lat' dir='ltr'>videtur</span> <span class='ocrx_word' id='word_1_94' title='bbox 2260 1494 2427 1556; x_wconf 88' lang='lat' dir='ltr'>licite</span> 
     </span>
     <span class='ocr_line' id='line_1_17' title="bbox 889 1585 2428 1665; baseline 0.001 -19"><span class='ocrx_word' id='word_1_95' title='bbox 889 1585 1085 1664; x_wconf 82' lang='lat' dir='ltr'>recipi</span> <span class='ocrx_word' id='word_1_96' title='bbox 1112 1590 1368 1665; x_wconf 87' lang='lat' dir='ltr'>propter</span> <span class='ocrx_word' id='word_1_97' title='bbox 1394 1586 1778 1664; x_wconf 87' lang='lat' dir='ltr'>periculum,</span> <span class='ocrx_word' id='word_1_98' title='bbox 1815 1586 1916 1647; x_wconf 92' lang='lat' dir='ltr'>cui</span> <span class='ocrx_word' id='word_1_99' title='bbox 1944 1586 2208 1665; x_wconf 88' lang='lat' dir='ltr'>capitale</span> <span class='ocrx_word' id='word_1_100' title='bbox 2238 1606 2428 1665; x_wconf 85' lang='lat' dir='ltr'>expo-</span> 
     </span>
     <span class='ocr_line' id='line_1_18' title="bbox 890 1677 2429 1756; baseline 0.002 -19"><span class='ocrx_word' id='word_1_101' title='bbox 890 1678 1078 1739; x_wconf 91' lang='lat' dir='ltr'>situm</span> <span class='ocrx_word' id='word_1_102' title='bbox 1104 1677 1221 1738; x_wconf 78' lang='lat' dir='ltr'>tuit</span> <span class='ocrx_word' id='word_1_103' title='bbox 1248 1696 1285 1738; x_wconf 90' lang='lat' dir='ltr'><strong>a</strong></span> <span class='ocrx_word' id='word_1_104' title='bbox 1314 1680 1519 1739; x_wconf 89' lang='lat' dir='ltr'>Petro.</span> <span class='ocrx_word' id='word_1_105' title='bbox 1582 1680 1701 1737; x_wconf 88' lang='lat' dir='ltr'>Pro</span> <span class='ocrx_word' id='word_1_106' title='bbox 1741 1695 1865 1756; x_wconf 91' lang='lat' dir='ltr'>qua</span> <span class='ocrx_word' id='word_1_107' title='bbox 1908 1678 2216 1739; x_wconf 88' lang='lat' dir='ltr'>sententia</span> <span class='ocrx_word' id='word_1_108' title='bbox 2245 1679 2429 1741; x_wconf 89' lang='lat' dir='ltr'>affert</span> 
     </span>
     <span class='ocr_line' id='line_1_19' title="bbox 891 1769 2429 1848; baseline 0.003 -18"><span class='ocrx_word' id='word_1_109' title='bbox 891 1769 1297 1847; x_wconf 82' lang='lat' dir='ltr'>Richardum,</span> <span class='ocrx_word' id='word_1_110' title='bbox 1334 1771 1465 1831; x_wconf 90' lang='lat' dir='ltr'>Sot.</span> <span class='ocrx_word' id='word_1_111' title='bbox 1500 1770 1741 1848; x_wconf 82' lang='lat' dir='ltr'>Virgin.</span> <span class='ocrx_word' id='word_1_112' title='bbox 1777 1770 2034 1833; x_wconf 90' lang='lat' dir='ltr'>Oldrad.</span> <span class='ocrx_word' id='word_1_113' title='bbox 2069 1773 2330 1833; x_wconf 84' lang='lat' dir='ltr'>Navarr.</span> <span class='ocrx_word' id='word_1_114' title='bbox 2366 1776 2429 1834; x_wconf 90' lang='lat' dir='ltr'>et</span> 
     </span>
     <span class='ocr_line' id='line_1_20' title="bbox 891 1863 2425 1944; baseline 0.001 -22"><span class='ocrx_word' id='word_1_115' title='bbox 891 1863 1064 1924; x_wconf 83' lang='lat' dir='ltr'>alios.</span> <span class='ocrx_word' id='word_1_116' title='bbox 1098 1863 1379 1942; x_wconf 89' lang='lat' dir='ltr'>Denique</span> <span class='ocrx_word' id='word_1_117' title='bbox 1408 1864 1542 1941; x_wconf 91' lang='lat' dir='ltr'>ipse</span> <span class='ocrx_word' id='word_1_118' title='bbox 1569 1865 1734 1923; x_wconf 86' lang='lat' dir='ltr'>Azor</span> <span class='ocrx_word' id='word_1_119' title='bbox 1759 1863 2097 1941; x_wconf 83' lang='lat' dir='ltr'>concludit,</span> <span class='ocrx_word' id='word_1_120' title='bbox 2121 1864 2425 1944; x_wconf 89' lang='lat' dir='ltr'>quidquid</span> 
     </span>
     <span class='ocr_line' id='line_1_21' title="bbox 890 1955 2424 2017; baseline -0.001 0"><span class='ocrx_word' id='word_1_121' title='bbox 890 1956 970 2017; x_wconf 90' lang='lat' dir='ltr'>sit</span> <span class='ocrx_word' id='word_1_122' title='bbox 998 1974 1071 2015; x_wconf 84' lang='lat' dir='ltr'>ex</span> <span class='ocrx_word' id='word_1_123' title='bbox 1101 1960 1324 2017; x_wconf 87' lang='lat' dir='ltr'>natura</span> <span class='ocrx_word' id='word_1_124' title='bbox 1361 1955 1450 2014; x_wconf 90' lang='lat' dir='ltr'>rei</span> <span class='ocrx_word' id='word_1_125' title='bbox 1511 1955 1698 2015; x_wconf 85' lang='lat' dir='ltr'>talem</span> <span class='ocrx_word' id='word_1_126' title='bbox 1754 1959 2146 2016; x_wconf 90' lang='lat' dir='ltr'>contractum</span> <span class='ocrx_word' id='word_1_127' title='bbox 2201 1957 2424 2016; x_wconf 90' lang='lat' dir='ltr'>merito</span> 
     </span>
     <span class='ocr_line' id='line_1_22' title="bbox 892 2048 2421 2127; baseline -0.001 -18"><span class='ocrx_word' id='word_1_128' title='bbox 892 2049 1198 2124; x_wconf 87' lang='lat' dir='ltr'>damnari,</span> <span class='ocrx_word' id='word_1_129' title='bbox 1234 2052 1535 2127; x_wconf 82' lang='lat' dir='ltr'><strong>tanquam</strong></span> <span class='ocrx_word' id='word_1_130' title='bbox 1565 2048 1626 2107; x_wconf 94' lang='lat' dir='ltr'>in</span> <span class='ocrx_word' id='word_1_131' title='bbox 1659 2048 1943 2108; x_wconf 85' lang='lat' dir='ltr'>fraudem</span> <span class='ocrx_word' id='word_1_132' title='bbox 1979 2048 2136 2127; x_wconf 82' lang='lat' dir='ltr'>legis</span> <span class='ocrx_word' id='word_1_133' title='bbox 2164 2049 2421 2126; x_wconf 87' lang='lat' dir='ltr'>factum,</span> 
     </span>
     <span class='ocr_line' id='line_1_23' title="bbox 892 2140 2426 2220; baseline -0.001 -17"><span class='ocrx_word' id='word_1_134' title='bbox 892 2150 955 2203; x_wconf 87' lang='lat' dir='ltr'>et</span> <span class='ocrx_word' id='word_1_135' title='bbox 982 2145 1283 2220; x_wconf 82' lang='lat' dir='ltr'><strong>tanquam</strong></span> <span class='ocrx_word' id='word_1_136' title='bbox 1326 2158 1532 2201; x_wconf 81' lang='lat' dir='ltr'>usurae</span> <span class='ocrx_word' id='word_1_137' title='bbox 1570 2142 1845 2218; x_wconf 89' lang='lat' dir='ltr'>speciem</span> <span class='ocrx_word' id='word_1_138' title='bbox 1874 2140 2212 2202; x_wconf 83' lang='lat' dir='ltr'>habentem</span> <span class='ocrx_word' id='word_1_139' title='bbox 2243 2188 2258 2217; x_wconf 89' lang='lat'>,</span> <span class='ocrx_word' id='word_1_140' title='bbox 2310 2159 2426 2202; x_wconf 91' lang='lat' dir='ltr'>nec</span> 
     </span>
     <span class='ocr_line' id='line_1_24' title="bbox 890 2232 2423 2312; baseline -0.001 -18"><span class='ocrx_word' id='word_1_141' title='bbox 890 2233 1090 2295; x_wconf 87' lang='lat' dir='ltr'>videri</span> <span class='ocrx_word' id='word_1_142' title='bbox 1120 2233 1242 2293; x_wconf 87' lang='lat' dir='ltr'>ulla</span> <span class='ocrx_word' id='word_1_143' title='bbox 1271 2234 1511 2294; x_wconf 89' lang='lat' dir='ltr'>ratione</span> <span class='ocrx_word' id='word_1_144' title='bbox 1542 2232 2027 2311; x_wconf 86' lang='lat' dir='ltr'>permittendum</span> <span class='ocrx_word' id='word_1_145' title='bbox 2072 2253 2086 2293; x_wconf 74' lang='grc' dir='ltr'><strong><em>ε</em></strong></span> <span class='ocrx_word' id='word_1_146' title='bbox 2138 2252 2331 2312; x_wconf 87' lang='lat' dir='ltr'>quare</span> <span class='ocrx_word' id='word_1_147' title='bbox 2360 2234 2423 2293; x_wconf 91' lang='lat' dir='ltr'>in</span> 
     </span>
     <span class='ocr_line' id='line_1_25' title="bbox 883 2325 2423 2406; baseline 0 -20"><span class='ocrx_word' id='word_1_148' title='bbox 883 2325 1122 2406; x_wconf 89' lang='lat' dir='ltr'>judicio</span> <span class='ocrx_word' id='word_1_149' title='bbox 1153 2328 1372 2387; x_wconf 90' lang='lat' dir='ltr'>Petrus</span> <span class='ocrx_word' id='word_1_150' title='bbox 1402 2325 1645 2385; x_wconf 90' lang='lat' dir='ltr'>lucrum</span> <span class='ocrx_word' id='word_1_151' title='bbox 1690 2325 1751 2384; x_wconf 93' lang='lat' dir='ltr'>in</span> <span class='ocrx_word' id='word_1_152' title='bbox 1794 2330 2028 2386; x_wconf 85' lang='lat' dir='ltr'>sortem</span> <span class='ocrx_word' id='word_1_153' title='bbox 2057 2331 2423 2404; x_wconf 88' lang='lat' dir='ltr'>computare</span> 
     </span>
     <span class='ocr_line' id='line_1_26' title="bbox 892 2416 2420 2496; baseline -0.001 -17"><span class='ocrx_word' id='word_1_154' title='bbox 892 2421 1170 2496; x_wconf 82' lang='lat' dir='ltr'>cogetur.</span> <span class='ocrx_word' id='word_1_155' title='bbox 1204 2418 1280 2477; x_wconf 86' lang='lat' dir='ltr'>Et</span> <span class='ocrx_word' id='word_1_156' title='bbox 1309 2416 1563 2495; x_wconf 89' lang='lat' dir='ltr'>quidem</span> <span class='ocrx_word' id='word_1_157' title='bbox 1592 2417 1654 2476; x_wconf 92' lang='lat' dir='ltr'>in</span> <span class='ocrx_word' id='word_1_158' title='bbox 1686 2418 1819 2477; x_wconf 88' lang='lat' dir='ltr'>foro</span> <span class='ocrx_word' id='word_1_159' title='bbox 1852 2422 2108 2478; x_wconf 86' lang='lat' dir='ltr'>externo</span> <span class='ocrx_word' id='word_1_160' title='bbox 2139 2421 2277 2479; x_wconf 87' lang='lat' dir='ltr'>rota</span> <span class='ocrx_word' id='word_1_161' title='bbox 2297 2420 2420 2478; x_wconf 84' lang='lat' dir='ltr'>Ro-</span> 
     </span>
     <span class='ocr_line' id='line_1_27' title="bbox 890 2509 2424 2587; baseline 0.001 -17"><span class='ocrx_word' id='word_1_162' title='bbox 890 2528 1079 2571; x_wconf 87' lang='lat' dir='ltr'>mana</span> <span class='ocrx_word' id='word_1_163' title='bbox 1122 2509 1349 2587; x_wconf 82' lang='lat' dir='ltr'>saepius</span> <span class='ocrx_word' id='word_1_164' title='bbox 1378 2513 1770 2571; x_wconf 84' lang='lat' dir='ltr'>contractum</span> <span class='ocrx_word' id='word_1_165' title='bbox 1802 2509 1970 2571; x_wconf 91' lang='lat' dir='ltr'>hunc</span> <span class='ocrx_word' id='word_1_166' title='bbox 1993 2557 2007 2585; x_wconf 91' lang='lat'>,</span> <span class='ocrx_word' id='word_1_167' title='bbox 2068 2528 2192 2570; x_wconf 91' lang='lat' dir='ltr'>non</span> <span class='ocrx_word' id='word_1_168' title='bbox 2223 2510 2424 2571; x_wconf 85' lang='lat' dir='ltr'>subsi-</span> 
     </span>
     <span class='ocr_line' id='line_1_28' title="bbox 888 2602 2419 2681; baseline -0.002 -17"><span class='ocrx_word' id='word_1_169' title='bbox 888 2606 1087 2665; x_wconf 88' lang='lat' dir='ltr'>stente</span> <span class='ocrx_word' id='word_1_170' title='bbox 1117 2602 1344 2677; x_wconf 84' lang='lat' dir='ltr'>officio,</span> <span class='ocrx_word' id='word_1_171' title='bbox 1381 2602 1680 2680; x_wconf 88' lang='lat' dir='ltr'>reprobat</span> <span class='ocrx_word' id='word_1_172' title='bbox 1704 2604 2011 2681; x_wconf 87' lang='lat' dir='ltr'>tauquam</span> <span class='ocrx_word' id='word_1_173' title='bbox 2039 2602 2419 2679; x_wconf 89' lang='lat' dir='ltr'>usurarium,</span> 
     </span>
     <span class='ocr_line' id='line_1_29' title="bbox 890 2694 2422 2774; baseline 0 -18"><span class='ocrx_word' id='word_1_174' title='bbox 890 2695 1234 2774; x_wconf 81' lang='lat' dir='ltr'>proesertim</span> <span class='ocrx_word' id='word_1_175' title='bbox 1286 2695 1349 2754; x_wconf 93' lang='lat' dir='ltr'>in</span> <span class='ocrx_word' id='word_1_176' title='bbox 1398 2694 1672 2773; x_wconf 89' lang='lat' dir='ltr'>quadam</span> <span class='ocrx_word' id='word_1_177' title='bbox 1716 2697 1998 2755; x_wconf 89' lang='lat' dir='ltr'>Romana</span> <span class='ocrx_word' id='word_1_178' title='bbox 2052 2695 2422 2757; x_wconf 85' lang='lat' dir='ltr'>societatum</span> 
     </span>
     <span class='ocr_line' id='line_1_30' title="bbox 889 2787 2421 2866; baseline 0.001 -17"><span class='ocrx_word' id='word_1_179' title='bbox 889 2807 1053 2849; x_wconf 92' lang='lat' dir='ltr'>anno</span> <span class='ocrx_word' id='word_1_180' title='bbox 1086 2790 1258 2850; x_wconf 76' lang='lat'>1601.</span> <span class='ocrx_word' id='word_1_181' title='bbox 1307 2788 1423 2848; x_wconf 92' lang='lat' dir='ltr'>sub</span> <span class='ocrx_word' id='word_1_182' title='bbox 1470 2787 1654 2849; x_wconf 89' lang='lat' dir='ltr'>Card.</span> <span class='ocrx_word' id='word_1_183' title='bbox 1688 2787 1922 2848; x_wconf 88' lang='lat' dir='ltr'>Millino</span> <span class='ocrx_word' id='word_1_184' title='bbox 1949 2835 1964 2864; x_wconf 89' lang='lat'>,</span> <span class='ocrx_word' id='word_1_185' title='bbox 2026 2788 2089 2847; x_wconf 91' lang='lat' dir='ltr'>in</span> <span class='ocrx_word' id='word_1_186' title='bbox 2129 2807 2253 2866; x_wconf 89' lang='lat' dir='ltr'>qua</span> <span class='ocrx_word' id='word_1_187' title='bbox 2284 2790 2421 2851; x_wconf 85' lang='lat' dir='ltr'>aliae</span> 
     </span>
     <span class='ocr_line' id='line_1_31' title="bbox 888 2879 2415 2962; baseline 0.001 -21"><span class='ocrx_word' id='word_1_188' title='bbox 888 2881 1096 2962; x_wconf 88' lang='lat' dir='ltr'>plures</span> <span class='ocrx_word' id='word_1_189' title='bbox 1152 2879 1503 2940; x_wconf 87' lang='lat' dir='ltr'>decisiones</span> <span class='ocrx_word' id='word_1_190' title='bbox 1559 2879 1832 2940; x_wconf 83' lang='lat' dir='ltr'>citantur</span> <span class='ocrx_word' id='word_1_191' title='bbox 1854 2925 1869 2955; x_wconf 91' lang='lat'>,</span> <span class='ocrx_word' id='word_1_192' title='bbox 1931 2884 1991 2940; x_wconf 91' lang='lat' dir='ltr'>et</span> <span class='ocrx_word' id='word_1_193' title='bbox 2042 2884 2138 2940; x_wconf 88' lang='lat' dir='ltr'>est</span> <span class='ocrx_word' id='word_1_194' title='bbox 2164 2882 2289 2941; x_wconf 87' lang='lat' dir='ltr'>Dec</span> <span class='ocrx_word' id='word_1_195' title='bbox 2316 2885 2415 2943; x_wconf 82' lang='lat'>28.</span> 
     </span>
     <span class='ocr_line' id='line_1_32' title="bbox 890 2972 2421 3052; baseline 0.001 -19"><span class='ocrx_word' id='word_1_196' title='bbox 890 2973 1058 3052; x_wconf 91' lang='lat' dir='ltr'>apud</span> <span class='ocrx_word' id='word_1_197' title='bbox 1078 2972 1412 3033; x_wconf 85' lang='lat' dir='ltr'>Zacchiam</span> <span class='ocrx_word' id='word_1_198' title='bbox 1434 2972 1541 3031; x_wconf 90' lang='lat' dir='ltr'>ubi</span> <span class='ocrx_word' id='word_1_199' title='bbox 1568 2990 1780 3049; x_wconf 89' lang='lat' dir='ltr'>supra,</span> <span class='ocrx_word' id='word_1_200' title='bbox 1810 2972 1919 3031; x_wconf 93' lang='lat' dir='ltr'>ubi</span> <span class='ocrx_word' id='word_1_201' title='bbox 1940 2972 2262 3050; x_wconf 87' lang='lat' dir='ltr'>probatur,</span> <span class='ocrx_word' id='word_1_202' title='bbox 2298 2992 2421 3034; x_wconf 92' lang='lat' dir='ltr'>non</span> 
     </span>
     <span class='ocr_line' id='line_1_33' title="bbox 890 3064 2418 3149; baseline 0 -24"><span class='ocrx_word' id='word_1_203' title='bbox 890 3083 1071 3144; x_wconf 91' lang='lat' dir='ltr'>posse</span> <span class='ocrx_word' id='word_1_204' title='bbox 1118 3064 1454 3124; x_wconf 87' lang='lat' dir='ltr'>subsistere</span> <span class='ocrx_word' id='word_1_205' title='bbox 1510 3064 1679 3123; x_wconf 91' lang='lat' dir='ltr'>hunc</span> <span class='ocrx_word' id='word_1_206' title='bbox 1723 3068 2114 3149; x_wconf 71' lang='lat' dir='ltr'>contractum</span> <span class='ocrx_word' id='word_1_207' title='bbox 2171 3065 2235 3124; x_wconf 92' lang='lat' dir='ltr'>in</span> <span class='ocrx_word' id='word_1_208' title='bbox 2291 3066 2418 3126; x_wconf 87' lang='lat' dir='ltr'>vim</span> 
     </span>
     <span class='ocr_line' id='line_1_34' title="bbox 888 3155 2426 3236; baseline 0.001 -18"><span class='ocrx_word' id='word_1_209' title='bbox 888 3156 1261 3236; x_wconf 56' lang='lat' dir='ltr'>sponsioni&amp;</span> <span class='ocrx_word' id='word_1_210' title='bbox 1284 3155 1500 3234; x_wconf 85' lang='lat' dir='ltr'>Colligi</span> <span class='ocrx_word' id='word_1_211' title='bbox 1520 3156 1706 3216; x_wconf 91' lang='lat' dir='ltr'>etiam</span> <span class='ocrx_word' id='word_1_212' title='bbox 1727 3160 1933 3235; x_wconf 89' lang='lat' dir='ltr'>potest</span> <span class='ocrx_word' id='word_1_213' title='bbox 1951 3175 2026 3216; x_wconf 85' lang='lat' dir='ltr'>ex</span> <span class='ocrx_word' id='word_1_214' title='bbox 2047 3157 2218 3218; x_wconf 87' lang='lat' dir='ltr'>bulla</span> <span class='ocrx_word' id='word_1_215' title='bbox 2236 3157 2426 3220; x_wconf 84' lang='lat' dir='ltr'>citata</span> 
     </span>
     <span class='ocr_line' id='line_1_35' title="bbox 889 3249 2422 3329; baseline -0.001 -16"><span class='ocrx_word' id='word_1_216' title='bbox 889 3250 981 3313; x_wconf 91' lang='lat' dir='ltr'>Pii</span> <span class='ocrx_word' id='word_1_217' title='bbox 1010 3252 1114 3312; x_wconf 87' lang='lat' dir='ltr'>IV.</span> <span class='ocrx_word' id='word_1_218' title='bbox 1162 3249 1223 3308; x_wconf 93' lang='lat' dir='ltr'>in</span> <span class='ocrx_word' id='word_1_219' title='bbox 1254 3268 1378 3328; x_wconf 86' lang='lat' dir='ltr'>qua</span> <span class='ocrx_word' id='word_1_220' title='bbox 1408 3249 1609 3309; x_wconf 92' lang='lat' dir='ltr'>solum</span> <span class='ocrx_word' id='word_1_221' title='bbox 1639 3249 2086 3326; x_wconf 88' lang='lat' dir='ltr'>permittuntur</span> <span class='ocrx_word' id='word_1_222' title='bbox 2113 3249 2422 3329; x_wconf 89' lang='lat' dir='ltr'>ejusmodi</span> 
     </span>
     <span class='ocr_line' id='line_1_36' title="bbox 888 3340 2422 3420; baseline 0 -16"><span class='ocrx_word' id='word_1_223' title='bbox 888 3342 1217 3404; x_wconf 86' lang='lat' dir='ltr'>societates</span> <span class='ocrx_word' id='word_1_224' title='bbox 1244 3359 1442 3420; x_wconf 90' lang='lat' dir='ltr'>usque</span> <span class='ocrx_word' id='word_1_225' title='bbox 1465 3341 1545 3400; x_wconf 87' lang='lat' dir='ltr'>ad</span> <span class='ocrx_word' id='word_1_226' title='bbox 1566 3340 1842 3401; x_wconf 80' lang='lat' dir='ltr'>valorem</span> <span class='ocrx_word' id='word_1_227' title='bbox 1874 3341 2060 3402; x_wconf 85' lang='lat' dir='ltr'>officii</span> <span class='ocrx_word' id='word_1_228' title='bbox 2086 3357 2100 3402; x_wconf 90' lang='lat'>:</span> <span class='ocrx_word' id='word_1_229' title='bbox 2134 3343 2185 3402; x_wconf 89' lang='lat' dir='ltr'>si</span> <span class='ocrx_word' id='word_1_230' title='bbox 2215 3347 2422 3404; x_wconf 91' lang='lat' dir='ltr'>autem</span> 
     </span>
     <span class='ocr_line' id='line_1_37' title="bbox 888 3433 2417 3514; baseline 0.001 -20"><span class='ocrx_word' id='word_1_231' title='bbox 888 3437 1145 3512; x_wconf 88' lang='lat' dir='ltr'>possent</span> <span class='ocrx_word' id='word_1_232' title='bbox 1185 3433 1435 3493; x_wconf 89' lang='lat' dir='ltr'>aliunde</span> <span class='ocrx_word' id='word_1_233' title='bbox 1461 3433 1789 3512; x_wconf 87' lang='lat' dir='ltr'>justificari</span> <span class='ocrx_word' id='word_1_234' title='bbox 1824 3479 1838 3508; x_wconf 92' lang='lat'>,</span> <span class='ocrx_word' id='word_1_235' title='bbox 1886 3451 2109 3512; x_wconf 87' lang='lat' dir='ltr'>parum</span> <span class='ocrx_word' id='word_1_236' title='bbox 2137 3435 2417 3514; x_wconf 89' lang='lat' dir='ltr'>referret,</span> 
     </span>
     <span class='ocr_line' id='line_1_38' title="bbox 890 3525 2015 3606; baseline 0.003 -21"><span class='ocrx_word' id='word_1_237' title='bbox 890 3526 1059 3606; x_wconf 89' lang='lat' dir='ltr'>quod</span> <span class='ocrx_word' id='word_1_238' title='bbox 1089 3525 1463 3586; x_wconf 85' lang='lat' dir='ltr'>excederent</span> <span class='ocrx_word' id='word_1_239' title='bbox 1491 3525 1681 3586; x_wconf 78' lang='lat' dir='ltr'>officii</span> <span class='ocrx_word' id='word_1_240' title='bbox 1713 3526 2015 3588; x_wconf 86' lang='lat' dir='ltr'>valorem.</span> 
     </span>
    </p>

    <p class='ocr_par' dir='ltr' id='par_1_5' title="bbox 880 3617 2424 5270">
     <span class='ocr_line' id='line_1_39' title="bbox 969 3617 2418 3699; baseline 0.002 -21"><span class='ocrx_word' id='word_1_241' title='bbox 969 3620 1124 3698; x_wconf 82' lang='lat' dir='ltr'>EgO,</span> <span class='ocrx_word' id='word_1_242' title='bbox 1156 3617 1471 3696; x_wconf 89' lang='lat' dir='ltr'>loquendo</span> <span class='ocrx_word' id='word_1_243' title='bbox 1505 3617 1582 3676; x_wconf 80' lang='lat' dir='ltr'>de</span> <span class='ocrx_word' id='word_1_244' title='bbox 1605 3617 1748 3697; x_wconf 87' lang='lat' dir='ltr'>jure</span> <span class='ocrx_word' id='word_1_245' title='bbox 1779 3623 2021 3680; x_wconf 86' lang='lat' dir='ltr'>naturae</span> <span class='ocrx_word' id='word_1_246' title='bbox 2045 3666 2060 3695; x_wconf 85' lang='lat'>‚</span> <span class='ocrx_word' id='word_1_247' title='bbox 2109 3620 2418 3699; x_wconf 82' lang='lat' dir='ltr'>existimo,</span> 
     </span>
     <span class='ocr_line' id='line_1_40' title="bbox 887 3709 2416 3790; baseline 0.002 -20"><span class='ocrx_word' id='word_1_248' title='bbox 887 3710 1214 3789; x_wconf 88' lang='lat' dir='ltr'>imprimis,</span> <span class='ocrx_word' id='word_1_249' title='bbox 1249 3713 1638 3770; x_wconf 86' lang='lat' dir='ltr'>contractum</span> <span class='ocrx_word' id='word_1_250' title='bbox 1662 3709 1827 3769; x_wconf 87' lang='lat' dir='ltr'>hunc</span> <span class='ocrx_word' id='word_1_251' title='bbox 1850 3709 2092 3789; x_wconf 84' lang='lat' dir='ltr'>justum</span> <span class='ocrx_word' id='word_1_252' title='bbox 2115 3730 2237 3772; x_wconf 91' lang='lat' dir='ltr'>non</span> <span class='ocrx_word' id='word_1_253' title='bbox 2260 3731 2416 3790; x_wconf 89' lang='lat' dir='ltr'>esse,</span> 
     </span>
     <span class='ocr_line' id='line_1_41' title="bbox 887 3801 2421 3882; baseline 0.001 -17"><span class='ocrx_word' id='word_1_254' title='bbox 887 3804 940 3865; x_wconf 91' lang='lat' dir='ltr'>si</span> <span class='ocrx_word' id='word_1_255' title='bbox 966 3805 1077 3864; x_wconf 86' lang='lat' dir='ltr'>fiat</span> <span class='ocrx_word' id='word_1_256' title='bbox 1104 3822 1177 3864; x_wconf 90' lang='lat' dir='ltr'>eo</span> <span class='ocrx_word' id='word_1_257' title='bbox 1207 3803 1394 3864; x_wconf 89' lang='lat' dir='ltr'>modo</span> <span class='ocrx_word' id='word_1_258' title='bbox 1436 3821 1559 3882; x_wconf 92' lang='lat' dir='ltr'>quo</span> <span class='ocrx_word' id='word_1_259' title='bbox 1614 3801 1750 3862; x_wconf 88' lang='lat' dir='ltr'>fieri</span> <span class='ocrx_word' id='word_1_260' title='bbox 1798 3803 1955 3864; x_wconf 90' lang='lat' dir='ltr'>solet</span> <span class='ocrx_word' id='word_1_261' title='bbox 1998 3804 2262 3866; x_wconf 89' lang='lat' dir='ltr'>societas</span> <span class='ocrx_word' id='word_1_262' title='bbox 2291 3807 2421 3866; x_wconf 84' lang='lat' dir='ltr'>offi-</span> 
     </span>
     <span class='ocr_line' id='line_1_42' title="bbox 886 3895 2424 3974; baseline 0.001 -18"><span class='ocrx_word' id='word_1_263' title='bbox 886 3896 964 3956; x_wconf 91' lang='lat' dir='ltr'>cii</span> <span class='ocrx_word' id='word_1_264' title='bbox 998 3917 1010 3956; x_wconf 91' lang='lat'>:</span> <span class='ocrx_word' id='word_1_265' title='bbox 1045 3896 1194 3974; x_wconf 91' lang='lat' dir='ltr'>quia</span> <span class='ocrx_word' id='word_1_266' title='bbox 1217 3895 1422 3956; x_wconf 87' lang='lat' dir='ltr'>ablato</span> <span class='ocrx_word' id='word_1_267' title='bbox 1455 3895 1863 3956; x_wconf 87' lang='lat' dir='ltr'>fundamento</span> <span class='ocrx_word' id='word_1_268' title='bbox 1892 3896 2424 3958; x_wconf 87' lang='lat' dir='ltr'>societatislucra—</span> 
     </span>
     <span class='ocr_line' id='line_1_43' title="bbox 884 3988 2421 4064; baseline 0.001 -14"><span class='ocrx_word' id='word_1_269' title='bbox 884 3989 1052 4064; x_wconf 69' lang='lat' dir='ltr'>three,</span> <span class='ocrx_word' id='word_1_270' title='bbox 1084 4006 1207 4048; x_wconf 90' lang='lat' dir='ltr'>non</span> <span class='ocrx_word' id='word_1_271' title='bbox 1236 3992 1449 4049; x_wconf 87' lang='lat' dir='ltr'>manet</span> <span class='ocrx_word' id='word_1_272' title='bbox 1475 3988 1692 4049; x_wconf 88' lang='lat' dir='ltr'>titulus</span> <span class='ocrx_word' id='word_1_273' title='bbox 1720 3988 2036 4049; x_wconf 86' lang='lat' dir='ltr'>sufficiens</span> <span class='ocrx_word' id='word_1_274' title='bbox 2067 3989 2146 4048; x_wconf 84' lang='lat' dir='ltr'>ad</span> <span class='ocrx_word' id='word_1_275' title='bbox 2176 3993 2421 4052; x_wconf 87' lang='lat' dir='ltr'>tantum</span> 
     </span>
     <span class='ocr_line' id='line_1_44' title="bbox 885 4080 2420 4160; baseline 0.004 -21"><span class='ocrx_word' id='word_1_276' title='bbox 885 4080 1128 4141; x_wconf 87' lang='lat' dir='ltr'>lucrum</span> <span class='ocrx_word' id='word_1_277' title='bbox 1181 4080 1653 4160; x_wconf 88' lang='lat' dir='ltr'>percipiendum</span> <span class='ocrx_word' id='word_1_278' title='bbox 1675 4126 1690 4155; x_wconf 93' lang='lat'>‚</span> <span class='ocrx_word' id='word_1_279' title='bbox 1751 4081 1869 4140; x_wconf 90' lang='lat' dir='ltr'>nisi</span> <span class='ocrx_word' id='word_1_280' title='bbox 1906 4082 2287 4160; x_wconf 84' lang='lat' dir='ltr'>percipiatur</span> <span class='ocrx_word' id='word_1_281' title='bbox 2341 4084 2420 4145; x_wconf 91' lang='lat' dir='ltr'>ob</span> 
     </span>
     <span class='ocr_line' id='line_1_45' title="bbox 887 4172 2420 4252; baseline 0.003 -20"><span class='ocrx_word' id='word_1_282' title='bbox 887 4191 1066 4232; x_wconf 90' lang='lat' dir='ltr'>usum</span> <span class='ocrx_word' id='word_1_283' title='bbox 1098 4173 1379 4252; x_wconf 82' lang='lat' dir='ltr'>pecuniae</span> <span class='ocrx_word' id='word_1_284' title='bbox 1411 4190 1777 4233; x_wconf 90' lang='lat' dir='ltr'>concessum</span> <span class='ocrx_word' id='word_1_285' title='bbox 1801 4219 1816 4248; x_wconf 93' lang='lat'>‚</span> <span class='ocrx_word' id='word_1_286' title='bbox 1866 4172 1970 4250; x_wconf 90' lang='lat' dir='ltr'>qui</span> <span class='ocrx_word' id='word_1_287' title='bbox 2015 4179 2183 4235; x_wconf 89' lang='lat' dir='ltr'>esset</span> <span class='ocrx_word' id='word_1_288' title='bbox 2205 4175 2420 4237; x_wconf 88' lang='lat' dir='ltr'>titulus</span> 
     </span>
     <span class='ocr_line' id='line_1_46' title="bbox 886 4265 2421 4344; baseline 0.003 -18"><span class='ocrx_word' id='word_1_289' title='bbox 886 4266 1207 4326; x_wconf 89' lang='lat' dir='ltr'>usurarius</span> <span class='ocrx_word' id='word_1_290' title='bbox 1241 4286 1253 4325; x_wconf 93' lang='lat'><strong>:</strong></span> <span class='ocrx_word' id='word_1_291' title='bbox 1303 4269 1532 4342; x_wconf 79' lang='lat' dir='ltr'>praeter</span> <span class='ocrx_word' id='word_1_292' title='bbox 1560 4265 1726 4326; x_wconf 89' lang='lat' dir='ltr'>hunc</span> <span class='ocrx_word' id='word_1_293' title='bbox 1758 4269 1964 4325; x_wconf 88' lang='lat' dir='ltr'>autem</span> <span class='ocrx_word' id='word_1_294' title='bbox 1996 4266 2246 4327; x_wconf 87' lang='lat' dir='ltr'>titulum</span> <span class='ocrx_word' id='word_1_295' title='bbox 2267 4315 2281 4344; x_wconf 93' lang='lat'>,</span> <span class='ocrx_word' id='word_1_296' title='bbox 2315 4287 2421 4330; x_wconf 90' lang='lat' dir='ltr'>so-</span> 
     </span>
     <span class='ocr_line' id='line_1_47' title="bbox 883 4356 2422 4437; baseline 0.002 -20"><span class='ocrx_word' id='word_1_297' title='bbox 883 4357 1012 4417; x_wconf 94' lang='lat' dir='ltr'>lum</span> <span class='ocrx_word' id='word_1_298' title='bbox 1044 4361 1326 4418; x_wconf 82' lang='lat' dir='ltr'>remanet</span> <span class='ocrx_word' id='word_1_299' title='bbox 1353 4356 1700 4436; x_wconf 89' lang='lat' dir='ltr'>periculum</span> <span class='ocrx_word' id='word_1_300' title='bbox 1735 4358 1834 4417; x_wconf 91' lang='lat' dir='ltr'>cui</span> <span class='ocrx_word' id='word_1_301' title='bbox 1864 4361 1925 4418; x_wconf 92' lang='lat' dir='ltr'>te</span> <span class='ocrx_word' id='word_1_302' title='bbox 1959 4359 2215 4437; x_wconf 84' lang='lat' dir='ltr'>exponis</span> <span class='ocrx_word' id='word_1_303' title='bbox 2244 4361 2422 4421; x_wconf 89' lang='lat' dir='ltr'>amit-</span> 
     </span>
     <span class='ocr_line' id='line_1_48' title="bbox 882 4449 2411 4515; baseline 0.003 -5"><span class='ocrx_word' id='word_1_304' title='bbox 882 4449 1054 4510; x_wconf 89' lang='lat' dir='ltr'>tendi</span> <span class='ocrx_word' id='word_1_305' title='bbox 1085 4452 1317 4510; x_wconf 87' lang='lat' dir='ltr'>sortem</span> <span class='ocrx_word' id='word_1_306' title='bbox 1368 4449 1415 4509; x_wconf 92' lang='lat' dir='ltr'>si</span> <span class='ocrx_word' id='word_1_307' title='bbox 1469 4450 1757 4510; x_wconf 86' lang='lat' dir='ltr'>moriaris</span> <span class='ocrx_word' id='word_1_308' title='bbox 1804 4454 1949 4511; x_wconf 89' lang='lat' dir='ltr'>ante</span> <span class='ocrx_word' id='word_1_309' title='bbox 1979 4469 2086 4510; x_wconf 87' lang='lat' dir='ltr'>sex</span> <span class='ocrx_word' id='word_1_310' title='bbox 2117 4470 2364 4512; x_wconf 88' lang='lat' dir='ltr'>menses</span> <span class='ocrx_word' id='word_1_311' title='bbox 2399 4474 2411 4515; x_wconf 92' lang='lat'><strong>:</strong></span> 
     </span>
     <span class='ocr_line' id='line_1_49' title="bbox 885 4541 2412 4623; baseline 0.003 -23"><span class='ocrx_word' id='word_1_312' title='bbox 885 4541 1053 4621; x_wconf 87' lang='lat' dir='ltr'>quod</span> <span class='ocrx_word' id='word_1_313' title='bbox 1097 4545 1263 4601; x_wconf 89' lang='lat' dir='ltr'>certe</span> <span class='ocrx_word' id='word_1_314' title='bbox 1307 4542 1655 4620; x_wconf 85' lang='lat' dir='ltr'>periculum</span> <span class='ocrx_word' id='word_1_315' title='bbox 1706 4560 1829 4603; x_wconf 92' lang='lat' dir='ltr'>non</span> <span class='ocrx_word' id='word_1_316' title='bbox 1856 4543 2012 4604; x_wconf 89' lang='lat' dir='ltr'>tanti</span> <span class='ocrx_word' id='word_1_317' title='bbox 2047 4545 2412 4623; x_wconf 79' lang='lat' dir='ltr'>aestimatur,</span> 
     </span>
     <span class='ocr_line' id='line_1_50' title="bbox 882 4635 2419 4715; baseline 0.001 -19"><span class='ocrx_word' id='word_1_318' title='bbox 882 4637 954 4696; x_wconf 88' lang='lat' dir='ltr'>ut</span> <span class='ocrx_word' id='word_1_319' title='bbox 982 4637 1224 4695; x_wconf 86' lang='lat' dir='ltr'>constat</span> <span class='ocrx_word' id='word_1_320' title='bbox 1250 4635 1313 4694; x_wconf 92' lang='lat' dir='ltr'>in</span> <span class='ocrx_word' id='word_1_321' title='bbox 1343 4653 1532 4694; x_wconf 90' lang='lat' dir='ltr'>censu</span> <span class='ocrx_word' id='word_1_322' title='bbox 1564 4635 1860 4712; x_wconf 80' lang='lat' dir='ltr'>vitaliti0,</span> <span class='ocrx_word' id='word_1_323' title='bbox 1906 4636 1968 4696; x_wconf 93' lang='lat' dir='ltr'>in</span> <span class='ocrx_word' id='word_1_324' title='bbox 2009 4656 2131 4715; x_wconf 90' lang='lat' dir='ltr'>quo</span> <span class='ocrx_word' id='word_1_325' title='bbox 2174 4641 2419 4715; x_wconf 85' lang='lat' dir='ltr'>emptor</span> 
     </span>
     <span class='ocr_line' id='line_1_51' title="bbox 883 4727 2418 4806; baseline 0.001 -18"><span class='ocrx_word' id='word_1_326' title='bbox 883 4728 1049 4789; x_wconf 85' lang='lat' dir='ltr'>subit</span> <span class='ocrx_word' id='word_1_327' title='bbox 1077 4727 1282 4806; x_wconf 88' lang='lat' dir='ltr'>majus</span> <span class='ocrx_word' id='word_1_328' title='bbox 1310 4728 1655 4805; x_wconf 87' lang='lat' dir='ltr'>periculum</span> <span class='ocrx_word' id='word_1_329' title='bbox 1681 4775 1695 4804; x_wconf 90' lang='lat'>,</span> <span class='ocrx_word' id='word_1_330' title='bbox 1745 4747 1890 4789; x_wconf 91' lang='lat' dir='ltr'>uam</span> <span class='ocrx_word' id='word_1_331' title='bbox 1942 4729 2072 4789; x_wconf 89' lang='lat' dir='ltr'>sive</span> <span class='ocrx_word' id='word_1_332' title='bbox 2115 4730 2281 4791; x_wconf 86' lang='lat' dir='ltr'>intra</span> <span class='ocrx_word' id='word_1_333' title='bbox 2309 4749 2418 4791; x_wconf 82' lang='lat' dir='ltr'>sex</span> 
     </span>
     <span class='ocr_line' id='line_1_52' title="bbox 881 4821 2416 4903; baseline 0.002 -22"><span class='ocrx_word' id='word_1_334' title='bbox 881 4839 1149 4896; x_wconf 83' lang='lat' dir='ltr'>menscS‚</span> <span class='ocrx_word' id='word_1_335' title='bbox 1182 4821 1313 4881; x_wconf 81' lang='lat' dir='ltr'>sive</span> <span class='ocrx_word' id='word_1_336' title='bbox 1340 4825 1559 4900; x_wconf 86' lang='lat' dir='ltr'>postea</span> <span class='ocrx_word' id='word_1_337' title='bbox 1586 4821 1892 4882; x_wconf 86' lang='lat' dir='ltr'>moriatur</span> <span class='ocrx_word' id='word_1_338' title='bbox 1917 4869 1932 4899; x_wconf 91' lang='lat'>,</span> <span class='ocrx_word' id='word_1_339' title='bbox 1985 4823 2214 4885; x_wconf 89' lang='lat' dir='ltr'>amittit</span> <span class='ocrx_word' id='word_1_340' title='bbox 2245 4826 2416 4903; x_wconf 86' lang='lat' dir='ltr'>capi-</span> 
     </span>
     <span class='ocr_line' id='line_1_53' title="bbox 880 4913 2415 4986; baseline 0.003 -12"><span class='ocrx_word' id='word_1_341' title='bbox 880 4914 1039 4986; x_wconf 80' lang='lat' dir='ltr'>tale3</span> <span class='ocrx_word' id='word_1_342' title='bbox 1075 4917 1137 4974; x_wconf 88' lang='lat' dir='ltr'>et</span> <span class='ocrx_word' id='word_1_343' title='bbox 1166 4917 1375 4974; x_wconf 87' lang='lat' dir='ltr'>tamen</span> <span class='ocrx_word' id='word_1_344' title='bbox 1406 4913 1645 4975; x_wconf 89' lang='lat' dir='ltr'>fructus</span> <span class='ocrx_word' id='word_1_345' title='bbox 1674 4913 1950 4975; x_wconf 87' lang='lat' dir='ltr'>minores</span> <span class='ocrx_word' id='word_1_346' title='bbox 1981 4919 2149 4976; x_wconf 90' lang='lat' dir='ltr'>sunt.</span> <span class='ocrx_word' id='word_1_347' title='bbox 2200 4918 2415 4978; x_wconf 86' lang='lat' dir='ltr'>Restat</span> 
     </span>
     <span class='ocr_line' id='line_1_54' title="bbox 883 5005 2413 5087; baseline 0.003 -21"><span class='ocrx_word' id='word_1_348' title='bbox 883 5024 1032 5084; x_wconf 84' lang='lat' dir='ltr'>ergo</span> <span class='ocrx_word' id='word_1_349' title='bbox 1052 5051 1068 5081; x_wconf 91' lang='lat'>‚</span> <span class='ocrx_word' id='word_1_350' title='bbox 1114 5006 1284 5085; x_wconf 91' lang='lat' dir='ltr'>quod</span> <span class='ocrx_word' id='word_1_351' title='bbox 1326 5024 1615 5065; x_wconf 82' lang='lat' dir='ltr'>excessus</span> <span class='ocrx_word' id='word_1_352' title='bbox 1646 5005 1747 5065; x_wconf 89' lang='lat' dir='ltr'>ille</span> <span class='ocrx_word' id='word_1_353' title='bbox 1779 5007 2125 5085; x_wconf 85' lang='lat' dir='ltr'>accipiatur</span> <span class='ocrx_word' id='word_1_354' title='bbox 2154 5027 2266 5087; x_wconf 89' lang='lat' dir='ltr'>pro</span> <span class='ocrx_word' id='word_1_355' title='bbox 2296 5027 2413 5069; x_wconf 90' lang='lat' dir='ltr'>usu</span> 
     </span>
     <span class='ocr_line' id='line_1_55' title="bbox 881 5098 2412 5177; baseline 0.002 -19"><span class='ocrx_word' id='word_1_356' title='bbox 881 5098 1163 5176; x_wconf 70' lang='lat' dir='ltr'>pecuniae</span> <span class='ocrx_word' id='word_1_357' title='bbox 1192 5116 1487 5159; x_wconf 91' lang='lat' dir='ltr'>concesso</span> <span class='ocrx_word' id='word_1_358' title='bbox 1510 5146 1524 5175; x_wconf 90' lang='lat'>‚</span> <span class='ocrx_word' id='word_1_359' title='bbox 1568 5098 1675 5177; x_wconf 91' lang='lat' dir='ltr'>qui</span> <span class='ocrx_word' id='word_1_360' title='bbox 1721 5102 1814 5159; x_wconf 89' lang='lat' dir='ltr'>est</span> <span class='ocrx_word' id='word_1_361' title='bbox 1840 5100 2057 5162; x_wconf 89' lang='lat' dir='ltr'>titulus</span> <span class='ocrx_word' id='word_1_362' title='bbox 2088 5102 2412 5161; x_wconf 87' lang='lat' dir='ltr'>usurarius</span> 
     </span>
     <span class='ocr_line' id='line_1_56' title="bbox 880 5192 1258 5270; baseline 0.003 -20"><span class='ocrx_word' id='word_1_363' title='bbox 880 5195 943 5252; x_wconf 88' lang='lat' dir='ltr'>et</span> <span class='ocrx_word' id='word_1_364' title='bbox 969 5192 1258 5270; x_wconf 84' lang='lat' dir='ltr'>injustuS.</span> 
     </span>
    </p>

    <p class='ocr_par' dir='ltr' id='par_1_6' title="bbox 877 5284 2410 5550">
     <span class='ocr_line' id='line_1_57' title="bbox 958 5284 2404 5364; baseline 0.001 -18"><span class='ocrx_word' id='word_1_365' title='bbox 958 5285 1140 5346; x_wconf 83' lang='lat' dir='ltr'>Addo</span> <span class='ocrx_word' id='word_1_366' title='bbox 1171 5288 1382 5346; x_wconf 85' lang='lat' dir='ltr'>tamen</span> <span class='ocrx_word' id='word_1_367' title='bbox 1407 5332 1422 5362; x_wconf 95' lang='lat'>,</span> <span class='ocrx_word' id='word_1_368' title='bbox 1485 5284 1797 5364; x_wconf 88' lang='lat' dir='ltr'>loquendo</span> <span class='ocrx_word' id='word_1_369' title='bbox 1847 5284 1924 5344; x_wconf 89' lang='lat' dir='ltr'>de</span> <span class='ocrx_word' id='word_1_370' title='bbox 1947 5284 2089 5363; x_wconf 91' lang='lat' dir='ltr'>jure</span> <span class='ocrx_word' id='word_1_371' title='bbox 2142 5289 2404 5364; x_wconf 78' lang='lat' dir='ltr'>naturae,</span> 
     </span>
     <span class='ocr_line' id='line_1_58' title="bbox 879 5378 2408 5456; baseline 0.002 -19"><span class='ocrx_word' id='word_1_372' title='bbox 879 5396 1001 5438; x_wconf 92' lang='lat' dir='ltr'>non</span> <span class='ocrx_word' id='word_1_373' title='bbox 1032 5396 1388 5456; x_wconf 82' lang='lat' dir='ltr'>repugnare</span> <span class='ocrx_word' id='word_1_374' title='bbox 1436 5378 1610 5437; x_wconf 92' lang='lat' dir='ltr'>illum</span> <span class='ocrx_word' id='word_1_375' title='bbox 1641 5381 2031 5438; x_wconf 84' lang='lat' dir='ltr'>contractum</span> <span class='ocrx_word' id='word_1_376' title='bbox 2063 5396 2205 5438; x_wconf 91' lang='lat' dir='ltr'>cum</span> <span class='ocrx_word' id='word_1_377' title='bbox 2235 5379 2408 5440; x_wconf 88' lang='lat' dir='ltr'>lucro</span> 
     </span>
     <span class='ocr_line' id='line_1_59' title="bbox 877 5470 2410 5550; baseline 0 -19"><span class='ocrx_word' id='word_1_378' title='bbox 877 5471 1086 5550; x_wconf 87' lang='lat' dir='ltr'>aliquo</span> <span class='ocrx_word' id='word_1_379' title='bbox 1124 5470 1484 5547; x_wconf 80' lang='lat' dir='ltr'>moderato,</span> <span class='ocrx_word' id='word_1_380' title='bbox 1536 5470 1640 5550; x_wconf 85' lang='lat' dir='ltr'>qui</span> <span class='ocrx_word' id='word_1_381' title='bbox 1670 5470 1880 5530; x_wconf 88' lang='lat' dir='ltr'>reduci</span> <span class='ocrx_word' id='word_1_382' title='bbox 1915 5473 2121 5549; x_wconf 87' lang='lat' dir='ltr'>potest</span> <span class='ocrx_word' id='word_1_383' title='bbox 2152 5472 2230 5531; x_wconf 85' lang='lat' dir='ltr'>ad</span> <span class='ocrx_word' id='word_1_384' title='bbox 2261 5490 2410 5533; x_wconf 88' lang='lat' dir='ltr'>con-</span> 
     </span>
    </p>
   </div>
   <div class='ocr_carea' id='block_1_5' title="bbox 2060 304 2944 366">
    <p class='ocr_par' dir='ltr' id='par_1_7' title="bbox 2060 304 2944 366">
     <span class='ocr_line' id='line_1_60' title="bbox 2060 304 2944 366; baseline 0 -3"><span class='ocrx_word' id='word_1_385' title='bbox 2060 304 2162 364; x_wconf 89' lang='lat' dir='ltr'>DE</span> <span class='ocrx_word' id='word_1_386' title='bbox 2204 305 2558 366; x_wconf 83' lang='lat' dir='ltr'>JUSTITIA</span> <span class='ocrx_word' id='word_1_387' title='bbox 2601 304 2702 365; x_wconf 86' lang='grc' dir='ltr'>ΕΤ</span> <span class='ocrx_word' id='word_1_388' title='bbox 2744 304 2944 366; x_wconf 83' lang='lat' dir='ltr'><strong>JURE</strong></span> 
     </span>
    </p>
   </div>
   <div class='ocr_carea' id='block_1_6' title="bbox 2509 478 4131 5552">
    <p class='ocr_par' dir='ltr' id='par_1_8' title="bbox 2518 478 4025 4325">
     <span class='ocr_line' id='line_1_61' title="bbox 2521 478 4010 559; baseline 0.001 -19"><span class='ocrx_word' id='word_1_389' title='bbox 2521 480 2790 540; x_wconf 85' lang='lat' dir='ltr'>tractum</span> <span class='ocrx_word' id='word_1_390' title='bbox 2804 478 3094 555; x_wconf 81' lang='lat' dir='ltr'>fortunae,</span> <span class='ocrx_word' id='word_1_391' title='bbox 3116 483 3178 541; x_wconf 88' lang='lat' dir='ltr'>et</span> <span class='ocrx_word' id='word_1_392' title='bbox 3197 480 3454 559; x_wconf 84' lang='lat' dir='ltr'>aliquod</span> <span class='ocrx_word' id='word_1_393' title='bbox 3473 479 3829 558; x_wconf 84' lang='lat' dir='ltr'>sponsionis</span> <span class='ocrx_word' id='word_1_394' title='bbox 3837 498 4010 558; x_wconf 73' lang='lat' dir='ltr'>genus</span> 
     </span>
     <span class='ocr_line' id='line_1_62' title="bbox 2525 571 4015 648; baseline 0.001 -18"><span class='ocrx_word' id='word_1_395' title='bbox 2525 571 2682 630; x_wconf 89' lang='lat' dir='ltr'>Nam</span> <span class='ocrx_word' id='word_1_396' title='bbox 2711 589 2931 631; x_wconf 84' lang='lat' dir='ltr'>revera</span> <span class='ocrx_word' id='word_1_397' title='bbox 2974 571 3126 632; x_wconf 91' lang='lat' dir='ltr'>illud</span> <span class='ocrx_word' id='word_1_398' title='bbox 3156 591 3282 633; x_wconf 93' lang='lat' dir='ltr'>non</span> <span class='ocrx_word' id='word_1_399' title='bbox 3315 577 3411 634; x_wconf 91' lang='lat' dir='ltr'>est</span> <span class='ocrx_word' id='word_1_400' title='bbox 3437 576 3739 633; x_wconf 88' lang='lat' dir='ltr'>mutuum</span> <span class='ocrx_word' id='word_1_401' title='bbox 3758 618 3776 648; x_wconf 87' lang='lat'>‚</span> <span class='ocrx_word' id='word_1_402' title='bbox 3830 591 3950 632; x_wconf 90' lang='lat' dir='ltr'>cum</span> <span class='ocrx_word' id='word_1_403' title='bbox 3970 575 4015 633; x_wconf 89' lang='lat' dir='ltr'>in</span> 
     </span>
     <span class='ocr_line' id='line_1_63' title="bbox 2524 664 4017 743; baseline 0.003 -22"><span class='ocrx_word' id='word_1_404' title='bbox 2524 667 2743 724; x_wconf 91' lang='lat' dir='ltr'>mutuo</span> <span class='ocrx_word' id='word_1_405' title='bbox 2775 682 2910 723; x_wconf 87' lang='lat' dir='ltr'>sors</span> <span class='ocrx_word' id='word_1_406' title='bbox 2953 682 3203 743; x_wconf 89' lang='lat' dir='ltr'>semper</span> <span class='ocrx_word' id='word_1_407' title='bbox 3247 665 3444 742; x_wconf 86' lang='lat' dir='ltr'>repeti</span> <span class='ocrx_word' id='word_1_408' title='bbox 3474 664 3714 743; x_wconf 86' lang='lat' dir='ltr'>possit,</span> <span class='ocrx_word' id='word_1_409' title='bbox 3769 683 3882 725; x_wconf 90' lang='lat' dir='ltr'>non</span> <span class='ocrx_word' id='word_1_410' title='bbox 3903 685 4017 726; x_wconf 76' lang='lat' dir='ltr'>vem</span> 
     </span>
     <span class='ocr_line' id='line_1_64' title="bbox 2524 753 4019 833; baseline 0.003 -20"><span class='ocrx_word' id='word_1_411' title='bbox 2524 755 2588 814; x_wconf 92' lang='lat' dir='ltr'>in</span> <span class='ocrx_word' id='word_1_412' title='bbox 2619 753 2738 815; x_wconf 91' lang='lat' dir='ltr'>hoc</span> <span class='ocrx_word' id='word_1_413' title='bbox 2766 760 3123 833; x_wconf 87' lang='lat' dir='ltr'>contractu,</span> <span class='ocrx_word' id='word_1_414' title='bbox 3169 758 3221 816; x_wconf 85' lang='lat' dir='ltr'>si</span> <span class='ocrx_word' id='word_1_415' title='bbox 3253 762 3395 817; x_wconf 90' lang='lat' dir='ltr'>ante</span> <span class='ocrx_word' id='word_1_416' title='bbox 3426 776 3534 817; x_wconf 83' lang='lat' dir='ltr'>sex</span> <span class='ocrx_word' id='word_1_417' title='bbox 3561 776 3816 817; x_wconf 87' lang='lat' dir='ltr'>menses</span> <span class='ocrx_word' id='word_1_418' title='bbox 3839 759 4019 817; x_wconf 83' lang='lat' dir='ltr'>moria-</span> 
     </span>
     <span class='ocr_line' id='line_1_65' title="bbox 2525 845 4013 926; baseline 0.003 -21"><span class='ocrx_word' id='word_1_419' title='bbox 2525 845 2631 921; x_wconf 78' lang='lat' dir='ltr'>riS,</span> <span class='ocrx_word' id='word_1_420' title='bbox 2666 865 2858 924; x_wconf 89' lang='lat' dir='ltr'>quare</span> <span class='ocrx_word' id='word_1_421' title='bbox 2874 848 3077 926; x_wconf 84' lang='lat' dir='ltr'>magis</span> <span class='ocrx_word' id='word_1_422' title='bbox 3093 849 3260 910; x_wconf 91' lang='lat' dir='ltr'>subit</span> <span class='ocrx_word' id='word_1_423' title='bbox 3275 854 3678 910; x_wconf 86' lang='lat' dir='ltr'>contractum</span> <span class='ocrx_word' id='word_1_424' title='bbox 3696 849 4013 926; x_wconf 80' lang='lat' dir='ltr'>sponsionis,</span> 
     </span>
     <span class='ocr_line' id='line_1_66' title="bbox 2527 938 4013 1021; baseline 0.003 -24"><span class='ocrx_word' id='word_1_425' title='bbox 2527 941 2597 998; x_wconf 91' lang='lat' dir='ltr'>ut</span> <span class='ocrx_word' id='word_1_426' title='bbox 2649 938 2923 999; x_wconf 87' lang='lat' dir='ltr'>fatentur</span> <span class='ocrx_word' id='word_1_427' title='bbox 2984 942 3171 1000; x_wconf 85' lang='lat' dir='ltr'>Sotus</span> <span class='ocrx_word' id='word_1_428' title='bbox 3223 942 3329 1002; x_wconf 90' lang='lat' dir='ltr'>lib.</span> <span class='ocrx_word' id='word_1_429' title='bbox 3366 959 3452 1005; x_wconf 81' lang='lat' dir='ltr'>vr.</span> <span class='ocrx_word' id='word_1_430' title='bbox 3492 941 3566 1001; x_wconf 85' lang='lat' dir='ltr'>de</span> <span class='ocrx_word' id='word_1_431' title='bbox 3585 943 3789 1021; x_wconf 72' lang='lat' dir='ltr'>justu.</span> <span class='ocrx_word' id='word_1_432' title='bbox 3834 961 3926 1019; x_wconf 90' lang='lat' dir='ltr'>qu.</span> <span class='ocrx_word' id='word_1_433' title='bbox 3952 960 4013 1002; x_wconf 73' lang='lat' dir='ltr'>n.</span> 
     </span>
     <span class='ocr_line' id='line_1_67' title="bbox 2528 1032 4014 1111; baseline 0.003 -22"><span class='ocrx_word' id='word_1_434' title='bbox 2528 1033 2645 1090; x_wconf 87' lang='lat' dir='ltr'>art.</span> <span class='ocrx_word' id='word_1_435' title='bbox 2681 1035 2738 1106; x_wconf 78' lang='lat'>2,</span> <span class='ocrx_word' id='word_1_436' title='bbox 2774 1032 3004 1092; x_wconf 90' lang='lat' dir='ltr'>colum.</span> <span class='ocrx_word' id='word_1_437' title='bbox 3040 1032 3277 1111; x_wconf 88' lang='lat' dir='ltr'>penult.</span> <span class='ocrx_word' id='word_1_438' title='bbox 3307 1035 3617 1094; x_wconf 84' lang='lat' dir='ltr'>etNavar.</span> <span class='ocrx_word' id='word_1_439' title='bbox 3647 1033 3860 1094; x_wconf 89' lang='lat' dir='ltr'>consil.</span> <span class='ocrx_word' id='word_1_440' title='bbox 3887 1050 4014 1094; x_wconf 80' lang='lat' dir='ltr'>xm.</span> 
     </span>
     <span class='ocr_line' id='line_1_68' title="bbox 2525 1121 4019 1203; baseline 0.002 -20"><span class='ocrx_word' id='word_1_441' title='bbox 2525 1121 2596 1183; x_wconf 81' lang='lat' dir='ltr'>de</span> <span class='ocrx_word' id='word_1_442' title='bbox 2622 1123 2832 1200; x_wconf 69' lang='lat' dir='ltr'>muris,</span> <span class='ocrx_word' id='word_1_443' title='bbox 2895 1143 3066 1185; x_wconf 90' lang='lat' dir='ltr'>num.</span> <span class='ocrx_word' id='word_1_444' title='bbox 3101 1126 3163 1185; x_wconf 91' lang='lat'>3.</span> <span class='ocrx_word' id='word_1_445' title='bbox 3211 1125 3313 1203; x_wconf 90' lang='lat' dir='ltr'>qui</span> <span class='ocrx_word' id='word_1_446' title='bbox 3371 1143 3444 1184; x_wconf 84' lang='lat' dir='ltr'>ex</span> <span class='ocrx_word' id='word_1_447' title='bbox 3475 1125 3598 1185; x_wconf 90' lang='lat' dir='ltr'>hoc</span> <span class='ocrx_word' id='word_1_448' title='bbox 3641 1125 3824 1186; x_wconf 85' lang='lat' dir='ltr'>titulo</span> <span class='ocrx_word' id='word_1_449' title='bbox 3844 1124 4019 1203; x_wconf 81' lang='lat' dir='ltr'>justifi-</span> 
     </span>
     <span class='ocr_line' id='line_1_69' title="bbox 2527 1215 4018 1296; baseline 0.003 -22"><span class='ocrx_word' id='word_1_450' title='bbox 2527 1220 2672 1276; x_wconf 90' lang='lat' dir='ltr'>cant</span> <span class='ocrx_word' id='word_1_451' title='bbox 2701 1215 2893 1275; x_wconf 86' lang='lat' dir='ltr'>talem</span> <span class='ocrx_word' id='word_1_452' title='bbox 2923 1220 3337 1278; x_wconf 91' lang='lat' dir='ltr'>contractum.</span> <span class='ocrx_word' id='word_1_453' title='bbox 3373 1219 3593 1296; x_wconf 85' lang='lat' dir='ltr'>Neque</span> <span class='ocrx_word' id='word_1_454' title='bbox 3625 1218 3859 1292; x_wconf 69' lang='lat' dir='ltr'>obstat,</span> <span class='ocrx_word' id='word_1_455' title='bbox 3889 1219 4018 1296; x_wconf 83' lang='lat' dir='ltr'>quod</span> 
     </span>
     <span class='ocr_line' id='line_1_70' title="bbox 2528 1306 4018 1387; baseline 0.001 -20"><span class='ocrx_word' id='word_1_456' title='bbox 2528 1306 2756 1385; x_wconf 90' lang='lat' dir='ltr'>opponi</span> <span class='ocrx_word' id='word_1_457' title='bbox 2787 1307 3037 1369; x_wconf 84' lang='lat' dir='ltr'>videtur</span> <span class='ocrx_word' id='word_1_458' title='bbox 3077 1307 3222 1367; x_wconf 91' lang='lat' dir='ltr'>huic</span> <span class='ocrx_word' id='word_1_459' title='bbox 3264 1310 3614 1370; x_wconf 86' lang='lat' dir='ltr'>contractui</span> <span class='ocrx_word' id='word_1_460' title='bbox 3646 1309 3819 1387; x_wconf 88' lang='lat' dir='ltr'>apud</span> <span class='ocrx_word' id='word_1_461' title='bbox 3845 1312 4018 1370; x_wconf 81' lang='lat' dir='ltr'>Rotam</span> 
     </span>
     <span class='ocr_line' id='line_1_71' title="bbox 2526 1399 4018 1463; baseline 0.002 -6"><span class='ocrx_word' id='word_1_462' title='bbox 2526 1399 2589 1458; x_wconf 90' lang='lat' dir='ltr'>in</span> <span class='ocrx_word' id='word_1_463' title='bbox 2632 1418 2758 1458; x_wconf 91' lang='lat' dir='ltr'>una</span> <span class='ocrx_word' id='word_1_464' title='bbox 2785 1400 3191 1460; x_wconf 86' lang='lat' dir='ltr'>Foroliviensi</span> <span class='ocrx_word' id='word_1_465' title='bbox 3235 1402 3550 1463; x_wconf 82' lang='lat' dir='ltr'>societatis</span> <span class='ocrx_word' id='word_1_466' title='bbox 3602 1406 3706 1463; x_wconf 82' lang='lat'>13.</span> <span class='ocrx_word' id='word_1_467' title='bbox 3737 1402 4018 1463; x_wconf 61' lang='lat' dir='ltr'>&lt;Ianuarius</span> 
     </span>
     <span class='ocr_line' id='line_1_72' title="bbox 2529 1492 4019 1573; baseline 0.002 -22"><span class='ocrx_word' id='word_1_468' title='bbox 2529 1492 2703 1551; x_wconf 80' lang='lat'>1614.</span> <span class='ocrx_word' id='word_1_469' title='bbox 2740 1510 2953 1552; x_wconf 88' lang='lat' dir='ltr'>coram</span> <span class='ocrx_word' id='word_1_470' title='bbox 2982 1493 3372 1553; x_wconf 87' lang='lat' dir='ltr'>Damasceno</span> <span class='ocrx_word' id='word_1_471' title='bbox 3405 1512 3583 1555; x_wconf 91' lang='lat' dir='ltr'>num.</span> <span class='ocrx_word' id='word_1_472' title='bbox 3621 1498 3725 1554; x_wconf 79' lang='lat'>17.</span> <span class='ocrx_word' id='word_1_473' title='bbox 3761 1494 3912 1573; x_wconf 90' lang='lat' dir='ltr'>quod</span> <span class='ocrx_word' id='word_1_474' title='bbox 3936 1495 4019 1554; x_wconf 77' lang='lat' dir='ltr'>sei·</span> 
     </span>
     <span class='ocr_line' id='line_1_73' title="bbox 2524 1582 4016 1662; baseline 0.001 -20"><span class='ocrx_word' id='word_1_475' title='bbox 2524 1583 2671 1643; x_wconf 90' lang='lat' dir='ltr'>licet</span> <span class='ocrx_word' id='word_1_476' title='bbox 2736 1582 2800 1641; x_wconf 92' lang='lat' dir='ltr'>in</span> <span class='ocrx_word' id='word_1_477' title='bbox 2851 1583 3182 1662; x_wconf 88' lang='lat' dir='ltr'>sponsione</span> <span class='ocrx_word' id='word_1_478' title='bbox 3253 1586 3523 1662; x_wconf 88' lang='lat' dir='ltr'>pecunia</span> <span class='ocrx_word' id='word_1_479' title='bbox 3590 1587 3924 1647; x_wconf 81' lang='lat' dir='ltr'>amittenda</span> <span class='ocrx_word' id='word_1_480' title='bbox 3974 1589 4016 1645; x_wconf 89' lang='lat' dir='ltr'>in</span> 
     </span>
     <span class='ocr_line' id='line_1_74' title="bbox 2527 1675 4016 1752; baseline 0.003 -18"><span class='ocrx_word' id='word_1_481' title='bbox 2527 1677 2821 1736; x_wconf 82' lang='lat' dir='ltr'>eventum</span> <span class='ocrx_word' id='word_1_482' title='bbox 2851 1675 3069 1736; x_wconf 86' lang='lat' dir='ltr'>mortis</span> <span class='ocrx_word' id='word_1_483' title='bbox 3110 1694 3236 1737; x_wconf 91' lang='lat' dir='ltr'>non</span> <span class='ocrx_word' id='word_1_484' title='bbox 3264 1677 3487 1739; x_wconf 85' lang='lat' dir='ltr'>suisset</span> <span class='ocrx_word' id='word_1_485' title='bbox 3514 1677 3736 1738; x_wconf 84' lang='lat' dir='ltr'>danda</span> <span class='ocrx_word' id='word_1_486' title='bbox 3765 1679 3840 1739; x_wconf 88' lang='lat' dir='ltr'>ab</span> <span class='ocrx_word' id='word_1_487' title='bbox 3863 1678 4016 1752; x_wconf 79' lang='lat' dir='ltr'>initio,</span> 
     </span>
     <span class='ocr_line' id='line_1_75' title="bbox 2527 1767 4019 1846; baseline 0.001 -19"><span class='ocrx_word' id='word_1_488' title='bbox 2527 1767 2676 1846; x_wconf 89' lang='lat' dir='ltr'>quia</span> <span class='ocrx_word' id='word_1_489' title='bbox 2715 1767 2778 1825; x_wconf 92' lang='lat' dir='ltr'>in</span> <span class='ocrx_word' id='word_1_490' title='bbox 2830 1768 3165 1844; x_wconf 89' lang='lat' dir='ltr'>sponsione</span> <span class='ocrx_word' id='word_1_491' title='bbox 3191 1769 3362 1830; x_wconf 89' lang='lat' dir='ltr'>solus</span> <span class='ocrx_word' id='word_1_492' title='bbox 3391 1774 3664 1831; x_wconf 79' lang='lat' dir='ltr'>eventus</span> <span class='ocrx_word' id='word_1_493' title='bbox 3696 1771 4019 1831; x_wconf 71' lang='lat' dir='ltr'>conditionis</span> 
     </span>
     <span class='ocr_line' id='line_1_76' title="bbox 2525 1859 4014 1941; baseline 0.002 -22"><span class='ocrx_word' id='word_1_494' title='bbox 2525 1859 2794 1921; x_wconf 81' lang='lat' dir='ltr'>habetur</span> <span class='ocrx_word' id='word_1_495' title='bbox 2837 1878 2953 1938; x_wconf 88' lang='lat' dir='ltr'>pro</span> <span class='ocrx_word' id='word_1_496' title='bbox 2984 1878 3177 1921; x_wconf 91' lang='lat' dir='ltr'>causa</span> <span class='ocrx_word' id='word_1_497' title='bbox 3205 1862 3633 1941; x_wconf 76' lang='lat' dir='ltr'>obligationiS,</span> <span class='ocrx_word' id='word_1_498' title='bbox 3661 1864 3707 1925; x_wconf 92' lang='lat' dir='ltr'>l.</span> <span class='ocrx_word' id='word_1_499' title='bbox 3735 1884 3771 1923; x_wconf 82' lang='lat' dir='ltr'>a</span> <span class='ocrx_word' id='word_1_500' title='bbox 3795 1863 3944 1938; x_wconf 75' lang='lat' dir='ltr'>Titio,</span> <span class='ocrx_word' id='word_1_501' title='bbox 3968 1864 4014 1922; x_wconf 82' lang='lat' dir='ltr'>ff.</span> 
     </span>
     <span class='ocr_line' id='line_1_77' title="bbox 2525 1950 4021 2034; baseline 0.003 -23"><span class='ocrx_word' id='word_1_502' title='bbox 2525 1950 2595 2012; x_wconf 85' lang='lat' dir='ltr'>de</span> <span class='ocrx_word' id='word_1_503' title='bbox 2623 1951 2779 2012; x_wconf 82' lang='lat' dir='ltr'>verb.</span> <span class='ocrx_word' id='word_1_504' title='bbox 2813 1951 3056 2033; x_wconf 76' lang='lat' dir='ltr'>obliqat.</span> <span class='ocrx_word' id='word_1_505' title='bbox 3107 1954 3311 2027; x_wconf 90' lang='lat' dir='ltr'>Quare</span> <span class='ocrx_word' id='word_1_506' title='bbox 3358 1974 3504 2015; x_wconf 93' lang='lat' dir='ltr'>cum</span> <span class='ocrx_word' id='word_1_507' title='bbox 3562 1956 3670 2016; x_wconf 90' lang='lat' dir='ltr'>hic</span> <span class='ocrx_word' id='word_1_508' title='bbox 3702 1957 4021 2034; x_wconf 77' lang='lat' dir='ltr'>promittens</span> 
     </span>
     <span class='ocr_line' id='line_1_78' title="bbox 2525 2042 4020 2124; baseline 0.003 -22"><span class='ocrx_word' id='word_1_509' title='bbox 2525 2042 2769 2103; x_wconf 90' lang='lat' dir='ltr'>lucrum</span> <span class='ocrx_word' id='word_1_510' title='bbox 2812 2044 2962 2105; x_wconf 80' lang='lat' dir='ltr'>velit</span> <span class='ocrx_word' id='word_1_511' title='bbox 3003 2046 3340 2124; x_wconf 85' lang='lat' dir='ltr'>pecuniam</span> <span class='ocrx_word' id='word_1_512' title='bbox 3386 2047 3451 2105; x_wconf 92' lang='lat' dir='ltr'>in</span> <span class='ocrx_word' id='word_1_513' title='bbox 3494 2049 3796 2108; x_wconf 87' lang='lat' dir='ltr'>manibus</span> <span class='ocrx_word' id='word_1_514' title='bbox 3836 2049 4020 2107; x_wconf 81' lang='lat' dir='ltr'>habere</span> 
     </span>
     <span class='ocr_line' id='line_1_79' title="bbox 2526 2135 4020 2220; baseline 0.003 -26"><span class='ocrx_word' id='word_1_515' title='bbox 2526 2135 2606 2195; x_wconf 91' lang='lat' dir='ltr'>ab</span> <span class='ocrx_word' id='word_1_516' title='bbox 2634 2136 2846 2211; x_wconf 91' lang='lat' dir='ltr'>initio,</span> <span class='ocrx_word' id='word_1_517' title='bbox 2898 2136 3148 2215; x_wconf 85' lang='lat' dir='ltr'>signum</span> <span class='ocrx_word' id='word_1_518' title='bbox 3191 2138 3429 2198; x_wconf 80' lang='lat' dir='ltr'>clarum</span> <span class='ocrx_word' id='word_1_519' title='bbox 3479 2144 3579 2200; x_wconf 89' lang='lat' dir='ltr'>est</span> <span class='ocrx_word' id='word_1_520' title='bbox 3608 2140 3786 2220; x_wconf 90' lang='lat' dir='ltr'>quod</span> <span class='ocrx_word' id='word_1_521' title='bbox 3812 2160 3912 2219; x_wconf 87' lang='lat' dir='ltr'>pro</span> <span class='ocrx_word' id='word_1_522' title='bbox 3935 2160 4020 2199; x_wconf 82' lang='lat' dir='ltr'>usu</span> 
     </span>
     <span class='ocr_line' id='line_1_80' title="bbox 2523 2228 4016 2310; baseline 0.002 -23"><span class='ocrx_word' id='word_1_523' title='bbox 2523 2228 2804 2306; x_wconf 85' lang='lat' dir='ltr'>pecuniae</span> <span class='ocrx_word' id='word_1_524' title='bbox 2835 2230 3056 2290; x_wconf 80' lang='lat' dir='ltr'>offerat</span> <span class='ocrx_word' id='word_1_525' title='bbox 3081 2229 3349 2289; x_wconf 88' lang='lat' dir='ltr'>lucrum.</span> <span class='ocrx_word' id='word_1_526' title='bbox 3402 2233 3848 2310; x_wconf 87' lang='lat' dir='ltr'>Respondetur</span> <span class='ocrx_word' id='word_1_527' title='bbox 3871 2234 4016 2305; x_wconf 80' lang='lat' dir='ltr'>enim,</span> 
     </span>
     <span class='ocr_line' id='line_1_81' title="bbox 2523 2320 4022 2400; baseline 0.003 -20"><span class='ocrx_word' id='word_1_528' title='bbox 2523 2320 2643 2380; x_wconf 89' lang='lat' dir='ltr'>hoc</span> <span class='ocrx_word' id='word_1_529' title='bbox 2674 2339 2807 2381; x_wconf 89' lang='lat' dir='ltr'>esse</span> <span class='ocrx_word' id='word_1_530' title='bbox 2828 2321 3068 2382; x_wconf 90' lang='lat' dir='ltr'>bonum</span> <span class='ocrx_word' id='word_1_531' title='bbox 3097 2322 3420 2400; x_wconf 90' lang='lat' dir='ltr'>indicium,</span> <span class='ocrx_word' id='word_1_532' title='bbox 3455 2328 3527 2385; x_wconf 92' lang='lat' dir='ltr'>ut</span> <span class='ocrx_word' id='word_1_533' title='bbox 3557 2326 3622 2384; x_wconf 91' lang='lat' dir='ltr'>in</span> <span class='ocrx_word' id='word_1_534' title='bbox 3645 2326 3788 2385; x_wconf 84' lang='lat' dir='ltr'>foro</span> <span class='ocrx_word' id='word_1_535' title='bbox 3816 2330 4022 2386; x_wconf 78' lang='lat' dir='ltr'>externo</span> 
     </span>
     <span class='ocr_line' id='line_1_82' title="bbox 2522 2415 4022 2494; baseline 0.003 -22"><span class='ocrx_word' id='word_1_536' title='bbox 2522 2418 2941 2492; x_wconf 83' lang='lat' dir='ltr'>praesumatur</span> <span class='ocrx_word' id='word_1_537' title='bbox 2969 2433 3181 2491; x_wconf 89' lang='lat' dir='ltr'>usura,</span> <span class='ocrx_word' id='word_1_538' title='bbox 3216 2415 3386 2494; x_wconf 92' lang='lat' dir='ltr'>quod</span> <span class='ocrx_word' id='word_1_539' title='bbox 3415 2416 3626 2477; x_wconf 88' lang='lat' dir='ltr'>solum</span> <span class='ocrx_word' id='word_1_540' title='bbox 3677 2421 3838 2479; x_wconf 79' lang='lat' dir='ltr'>Rota</span> <span class='ocrx_word' id='word_1_541' title='bbox 3861 2418 3935 2477; x_wconf 86' lang='lat' dir='ltr'>ibi</span> <span class='ocrx_word' id='word_1_542' title='bbox 3957 2418 4022 2476; x_wconf 81' lang='lat' dir='ltr'>in·</span> 
     </span>
     <span class='ocr_line' id='line_1_83' title="bbox 2521 2505 4018 2585; baseline 0.001 -19"><span class='ocrx_word' id='word_1_543' title='bbox 2521 2505 2853 2582; x_wconf 86' lang='lat' dir='ltr'>tendebat,</span> <span class='ocrx_word' id='word_1_544' title='bbox 2906 2507 3253 2585; x_wconf 83' lang='lat' dir='ltr'>praesertim</span> <span class='ocrx_word' id='word_1_545' title='bbox 3283 2508 3632 2569; x_wconf 86' lang='lat' dir='ltr'>accedente</span> <span class='ocrx_word' id='word_1_546' title='bbox 3663 2509 3840 2571; x_wconf 87' lang='lat' dir='ltr'>lucro</span> <span class='ocrx_word' id='word_1_547' title='bbox 3862 2515 4018 2584; x_wconf 80' lang='lat' dir='ltr'>tanto,</span> 
     </span>
     <span class='ocr_line' id='line_1_84' title="bbox 2524 2598 4025 2679; baseline 0.002 -22"><span class='ocrx_word' id='word_1_548' title='bbox 2524 2598 2692 2677; x_wconf 90' lang='lat' dir='ltr'>quod</span> <span class='ocrx_word' id='word_1_549' title='bbox 2721 2616 2846 2658; x_wconf 93' lang='lat' dir='ltr'>non</span> <span class='ocrx_word' id='word_1_550' title='bbox 2894 2603 3027 2659; x_wconf 89' lang='lat' dir='ltr'>erat</span> <span class='ocrx_word' id='word_1_551' title='bbox 3054 2600 3610 2677; x_wconf 87' lang='lat' dir='ltr'>proportionatum</span> <span class='ocrx_word' id='word_1_552' title='bbox 3640 2601 3733 2661; x_wconf 90' lang='lat' dir='ltr'>illi</span> <span class='ocrx_word' id='word_1_553' title='bbox 3762 2602 3874 2662; x_wconf 89' lang='lat' dir='ltr'>soli</span> <span class='ocrx_word' id='word_1_554' title='bbox 3897 2602 4025 2679; x_wconf 83' lang='lat' dir='ltr'>peri·</span> 
     </span>
     <span class='ocr_line' id='line_1_85' title="bbox 2523 2690 4020 2772; baseline 0.004 -23"><span class='ocrx_word' id='word_1_555' title='bbox 2523 2690 2686 2766; x_wconf 88' lang='lat' dir='ltr'>cu10,</span> <span class='ocrx_word' id='word_1_556' title='bbox 2721 2690 2868 2750; x_wconf 91' lang='lat' dir='ltr'>utin</span> <span class='ocrx_word' id='word_1_557' title='bbox 2892 2690 3113 2750; x_wconf 92' lang='lat' dir='ltr'>eadem</span> <span class='ocrx_word' id='word_1_558' title='bbox 3135 2690 3451 2753; x_wconf 89' lang='lat' dir='ltr'>decisione</span> <span class='ocrx_word' id='word_1_559' title='bbox 3473 2693 3892 2772; x_wconf 81' lang='lat' dir='ltr'>ponderatum</span> <span class='ocrx_word' id='word_1_560' title='bbox 3917 2694 4020 2756; x_wconf 70' lang='lat' dir='ltr'>suit</span> 
     </span>
     <span class='ocr_line' id='line_1_86' title="bbox 2524 2783 4021 2867; baseline 0.001 -25"><span class='ocrx_word' id='word_1_561' title='bbox 2524 2784 2649 2842; x_wconf 91' lang='lat' dir='ltr'>Nos</span> <span class='ocrx_word' id='word_1_562' title='bbox 2680 2786 2888 2843; x_wconf 88' lang='lat' dir='ltr'>autem</span> <span class='ocrx_word' id='word_1_563' title='bbox 2909 2783 3229 2863; x_wconf 87' lang='lat' dir='ltr'>loquimur</span> <span class='ocrx_word' id='word_1_564' title='bbox 3257 2784 3320 2843; x_wconf 91' lang='lat' dir='ltr'>in</span> <span class='ocrx_word' id='word_1_565' title='bbox 3341 2784 3477 2845; x_wconf 83' lang='lat' dir='ltr'>foro</span> <span class='ocrx_word' id='word_1_566' title='bbox 3504 2786 3784 2864; x_wconf 87' lang='lat' dir='ltr'>interno,</span> <span class='ocrx_word' id='word_1_567' title='bbox 3817 2787 4021 2867; x_wconf 80' lang='lat' dir='ltr'>quando</span> 
     </span>
     <span class='ocr_line' id='line_1_87' title="bbox 2521 2874 4023 2957; baseline 0.003 -24"><span class='ocrx_word' id='word_1_568' title='bbox 2521 2874 2765 2934; x_wconf 89' lang='lat' dir='ltr'>lucrum</span> <span class='ocrx_word' id='word_1_569' title='bbox 2794 2874 2962 2934; x_wconf 92' lang='lat' dir='ltr'>nullo</span> <span class='ocrx_word' id='word_1_570' title='bbox 2993 2876 3180 2935; x_wconf 88' lang='lat' dir='ltr'>modo</span> <span class='ocrx_word' id='word_1_571' title='bbox 3202 2875 3460 2937; x_wconf 88' lang='lat' dir='ltr'>daretur</span> <span class='ocrx_word' id='word_1_572' title='bbox 3477 2884 3747 2957; x_wconf 79' lang='lat' dir='ltr'>propter</span> <span class='ocrx_word' id='word_1_573' title='bbox 3772 2879 4023 2957; x_wconf 77' lang='lat' dir='ltr'>anticipa·</span> 
     </span>
     <span class='ocr_line' id='line_1_88' title="bbox 2520 2968 4024 3050; baseline 0.002 -24"><span class='ocrx_word' id='word_1_574' title='bbox 2520 2970 2737 3046; x_wconf 90' lang='lat' dir='ltr'>patum</span> <span class='ocrx_word' id='word_1_575' title='bbox 2794 2985 2974 3027; x_wconf 91' lang='lat' dir='ltr'>usum</span> <span class='ocrx_word' id='word_1_576' title='bbox 3013 2968 3336 3046; x_wconf 84' lang='lat' dir='ltr'>pecuniae,</span> <span class='ocrx_word' id='word_1_577' title='bbox 3396 2970 3508 3029; x_wconf 88' lang='lat' dir='ltr'>sed</span> <span class='ocrx_word' id='word_1_578' title='bbox 3553 2972 3764 3031; x_wconf 89' lang='lat' dir='ltr'>solum</span> <span class='ocrx_word' id='word_1_579' title='bbox 3813 2976 4024 3050; x_wconf 80' lang='lat' dir='ltr'>propter</span> 
     </span>
     <span class='ocr_line' id='line_1_89' title="bbox 2520 3060 4025 3142; baseline 0.002 -24"><span class='ocrx_word' id='word_1_580' title='bbox 2520 3060 2868 3137; x_wconf 89' lang='lat' dir='ltr'>periculum</span> <span class='ocrx_word' id='word_1_581' title='bbox 2894 3060 3074 3132; x_wconf 76' lang='lat' dir='ltr'>vitae3</span> <span class='ocrx_word' id='word_1_582' title='bbox 3133 3060 3303 3139; x_wconf 89' lang='lat' dir='ltr'>quod</span> <span class='ocrx_word' id='word_1_583' title='bbox 3348 3062 3456 3121; x_wconf 85' lang='lat' dir='ltr'>tali</span> <span class='ocrx_word' id='word_1_584' title='bbox 3502 3063 3686 3124; x_wconf 90' lang='lat' dir='ltr'>lucro</span> <span class='ocrx_word' id='word_1_585' title='bbox 3727 3064 4025 3142; x_wconf 84' lang='lat' dir='ltr'>prudenter</span> 
     </span>
     <span class='ocr_line' id='line_1_90' title="bbox 2523 3152 4022 3232; baseline 0.001 -20"><span class='ocrx_word' id='word_1_586' title='bbox 2523 3152 2843 3232; x_wconf 87' lang='lat' dir='ltr'>adaequari</span> <span class='ocrx_word' id='word_1_587' title='bbox 2871 3156 3102 3232; x_wconf 83' lang='lat' dir='ltr'>posset.</span> <span class='ocrx_word' id='word_1_588' title='bbox 3148 3155 3446 3225; x_wconf 81' lang='lat' dir='ltr'>Quamvis</span> <span class='ocrx_word' id='word_1_589' title='bbox 3485 3160 3705 3217; x_wconf 83' lang='lat' dir='ltr'>autem</span> <span class='ocrx_word' id='word_1_590' title='bbox 3735 3175 3854 3218; x_wconf 92' lang='lat' dir='ltr'>non</span> <span class='ocrx_word' id='word_1_591' title='bbox 3881 3158 3949 3218; x_wconf 81' lang='lat' dir='ltr'>sit</span> <span class='ocrx_word' id='word_1_592' title='bbox 3969 3175 4022 3215; x_wconf 81' lang='lat' dir='ltr'>ex</span> 
     </span>
     <span class='ocr_line' id='line_1_91' title="bbox 2522 3245 4019 3324; baseline 0.003 -19"><span class='ocrx_word' id='word_1_593' title='bbox 2522 3249 2745 3306; x_wconf 88' lang='lat' dir='ltr'>natura</span> <span class='ocrx_word' id='word_1_594' title='bbox 2776 3245 3126 3324; x_wconf 90' lang='lat' dir='ltr'>sponsionis</span> <span class='ocrx_word' id='word_1_595' title='bbox 3156 3251 3299 3307; x_wconf 88' lang='lat' dir='ltr'>ante</span> <span class='ocrx_word' id='word_1_596' title='bbox 3330 3247 3720 3309; x_wconf 80' lang='lat' dir='ltr'>conditionis</span> <span class='ocrx_word' id='word_1_597' title='bbox 3749 3255 4019 3322; x_wconf 69' lang='lat' dir='ltr'>eventum,</span> 
     </span>
     <span class='ocr_line' id='line_1_92' title="bbox 2522 3338 4023 3420; baseline 0.002 -22"><span class='ocrx_word' id='word_1_598' title='bbox 2522 3356 2645 3398; x_wconf 94' lang='lat' dir='ltr'>non</span> <span class='ocrx_word' id='word_1_599' title='bbox 2686 3338 2936 3400; x_wconf 87' lang='lat' dir='ltr'>videtur</span> <span class='ocrx_word' id='word_1_600' title='bbox 2980 3342 3191 3399; x_wconf 88' lang='lat' dir='ltr'>tamen</span> <span class='ocrx_word' id='word_1_601' title='bbox 3240 3358 3376 3399; x_wconf 90' lang='lat' dir='ltr'>esse</span> <span class='ocrx_word' id='word_1_602' title='bbox 3431 3346 3657 3401; x_wconf 86' lang='lat' dir='ltr'>contra</span> <span class='ocrx_word' id='word_1_603' title='bbox 3708 3342 3840 3420; x_wconf 86' lang='lat' dir='ltr'>ejus</span> <span class='ocrx_word' id='word_1_604' title='bbox 3881 3347 4023 3401; x_wconf 81' lang='lat' dir='ltr'>natu·</span> 
     </span>
     <span class='ocr_line' id='line_1_93' title="bbox 2520 3431 4024 3512; baseline 0.004 -23"><span class='ocrx_word' id='word_1_605' title='bbox 2520 3447 2688 3503; x_wconf 82' lang='lat' dir='ltr'>ram3</span> <span class='ocrx_word' id='word_1_606' title='bbox 2749 3431 2910 3491; x_wconf 90' lang='lat' dir='ltr'>sicut</span> <span class='ocrx_word' id='word_1_607' title='bbox 2951 3448 3065 3490; x_wconf 90' lang='lat' dir='ltr'>nec</span> <span class='ocrx_word' id='word_1_608' title='bbox 3113 3435 3207 3492; x_wconf 91' lang='lat' dir='ltr'>est</span> <span class='ocrx_word' id='word_1_609' title='bbox 3233 3437 3451 3493; x_wconf 87' lang='lat' dir='ltr'>contra</span> <span class='ocrx_word' id='word_1_610' title='bbox 3481 3437 3784 3494; x_wconf 88' lang='lat' dir='ltr'>naturam</span> <span class='ocrx_word' id='word_1_611' title='bbox 3811 3434 4024 3512; x_wconf 78' lang='lat' dir='ltr'>emptio·</span> 
     </span>
     <span class='ocr_line' id='line_1_94' title="bbox 2521 3523 4022 3604; baseline 0.002 -23"><span class='ocrx_word' id='word_1_612' title='bbox 2521 3523 2616 3582; x_wconf 91' lang='lat' dir='ltr'>nis</span> <span class='ocrx_word' id='word_1_613' title='bbox 2646 3523 2988 3602; x_wconf 81' lang='lat' dir='ltr'>anticipata</span> <span class='ocrx_word' id='word_1_614' title='bbox 3015 3523 3239 3584; x_wconf 89' lang='lat' dir='ltr'>solutio</span> <span class='ocrx_word' id='word_1_615' title='bbox 3269 3525 3477 3604; x_wconf 86' lang='lat' dir='ltr'>pretii,</span> <span class='ocrx_word' id='word_1_616' title='bbox 3511 3526 3664 3586; x_wconf 87' lang='lat' dir='ltr'>licet</span> <span class='ocrx_word' id='word_1_617' title='bbox 3695 3545 3819 3587; x_wconf 93' lang='lat' dir='ltr'>non</span> <span class='ocrx_word' id='word_1_618' title='bbox 3839 3527 4022 3586; x_wconf 78' lang='lat' dir='ltr'>debea-</span> 
     </span>
     <span class='ocr_line' id='line_1_95' title="bbox 2519 3607 4021 3697; baseline 0 -20"><span class='ocrx_word' id='word_1_619' title='bbox 2519 3619 2624 3677; x_wconf 89' lang='lat' dir='ltr'>tur</span> <span class='ocrx_word' id='word_1_620' title='bbox 2644 3619 2786 3676; x_wconf 88' lang='lat' dir='ltr'>ante</span> <span class='ocrx_word' id='word_1_621' title='bbox 2813 3617 3211 3677; x_wconf 89' lang='lat' dir='ltr'>traditionem</span> <span class='ocrx_word' id='word_1_622' title='bbox 3231 3618 3323 3676; x_wconf 88' lang='lat' dir='ltr'>rei</span> <span class='ocrx_word' id='word_1_623' title='bbox 3342 3607 3642 3679; x_wconf 74' lang='lat' dir='ltr'>venditae.</span> <span class='ocrx_word' id='word_1_624' title='bbox 3681 3621 3888 3680; x_wconf 87' lang='lat' dir='ltr'>Solum</span> <span class='ocrx_word' id='word_1_625' title='bbox 3907 3637 4021 3697; x_wconf 74' lang='lat' dir='ltr'>ergo</span> 
     </span>
     <span class='ocr_line' id='line_1_96' title="bbox 2522 3710 4024 3791; baseline 0.001 -22"><span class='ocrx_word' id='word_1_626' title='bbox 2522 3710 2872 3770; x_wconf 82' lang='lat' dir='ltr'>cavendum</span> <span class='ocrx_word' id='word_1_627' title='bbox 2901 3715 3015 3786; x_wconf 89' lang='lat' dir='ltr'>est,</span> <span class='ocrx_word' id='word_1_628' title='bbox 3062 3729 3138 3769; x_wconf 90' lang='lat' dir='ltr'>ne</span> <span class='ocrx_word' id='word_1_629' title='bbox 3173 3711 3260 3769; x_wconf 88' lang='lat' dir='ltr'>illi</span> <span class='ocrx_word' id='word_1_630' title='bbox 3290 3711 3652 3790; x_wconf 83' lang='lat' dir='ltr'>anticipatae</span> <span class='ocrx_word' id='word_1_631' title='bbox 3686 3713 3911 3776; x_wconf 86' lang='lat' dir='ltr'>dationi</span> <span class='ocrx_word' id='word_1_632' title='bbox 3938 3731 4024 3791; x_wconf 83' lang='lat' dir='ltr'>pe-</span> 
     </span>
     <span class='ocr_line' id='line_1_97' title="bbox 2521 3802 4022 3880; baseline 0 -18"><span class='ocrx_word' id='word_1_633' title='bbox 2521 3802 2722 3862; x_wconf 83' lang='lat' dir='ltr'>cuniae</span> <span class='ocrx_word' id='word_1_634' title='bbox 2751 3802 3237 3880; x_wconf 87' lang='lat' dir='ltr'>correspondeat</span> <span class='ocrx_word' id='word_1_635' title='bbox 3263 3821 3407 3880; x_wconf 88' lang='lat' dir='ltr'>pars</span> <span class='ocrx_word' id='word_1_636' title='bbox 3434 3804 3620 3879; x_wconf 87' lang='lat' dir='ltr'>lucri,</span> <span class='ocrx_word' id='word_1_637' title='bbox 3655 3806 3819 3866; x_wconf 85' lang='lat' dir='ltr'>sicut</span> <span class='ocrx_word' id='word_1_638' title='bbox 3845 3805 3899 3864; x_wconf 90' lang='lat' dir='ltr'>in</span> <span class='ocrx_word' id='word_1_639' title='bbox 3923 3823 4022 3863; x_wconf 86' lang='lat' dir='ltr'>em·</span> 
     </span>
     <span class='ocr_line' id='line_1_98' title="bbox 2521 3894 4022 3976; baseline 0.001 -21"><span class='ocrx_word' id='word_1_640' title='bbox 2521 3894 2733 3973; x_wconf 88' lang='lat' dir='ltr'>ptione</span> <span class='ocrx_word' id='word_1_641' title='bbox 2765 3894 3117 3955; x_wconf 88' lang='lat' dir='ltr'>cavendum</span> <span class='ocrx_word' id='word_1_642' title='bbox 3147 3899 3261 3971; x_wconf 89' lang='lat' dir='ltr'>est,</span> <span class='ocrx_word' id='word_1_643' title='bbox 3295 3914 3373 3954; x_wconf 91' lang='lat' dir='ltr'>ne</span> <span class='ocrx_word' id='word_1_644' title='bbox 3406 3896 3487 3956; x_wconf 93' lang='lat' dir='ltr'>ob</span> <span class='ocrx_word' id='word_1_645' title='bbox 3518 3898 3920 3976; x_wconf 71' lang='lat' dir='ltr'>anticipat-am</span> <span class='ocrx_word' id='word_1_646' title='bbox 3945 3915 4022 3956; x_wconf 82' lang='lat' dir='ltr'>so—</span> 
     </span>
     <span class='ocr_line' id='line_1_99' title="bbox 2518 3986 4018 4069; baseline 0.001 -24"><span class='ocrx_word' id='word_1_647' title='bbox 2518 3986 2821 4047; x_wconf 87' lang='lat' dir='ltr'>lutionem</span> <span class='ocrx_word' id='word_1_648' title='bbox 2855 3987 3036 4065; x_wconf 87' lang='lat' dir='ltr'>pretii</span> <span class='ocrx_word' id='word_1_649' title='bbox 3084 4006 3185 4047; x_wconf 90' lang='lat' dir='ltr'>res</span> <span class='ocrx_word' id='word_1_650' title='bbox 3231 3988 3546 4049; x_wconf 77' lang='lat' dir='ltr'>vendatur</span> <span class='ocrx_word' id='word_1_651' title='bbox 3593 3989 3761 4048; x_wconf 86' lang='lat' dir='ltr'>infra</span> <span class='ocrx_word' id='word_1_652' title='bbox 3790 3991 4018 4069; x_wconf 83' lang='lat' dir='ltr'>pretium</span> 
     </span>
     <span class='ocr_line' id='line_1_100' title="bbox 2522 4079 4020 4158; baseline 0.001 -20"><span class='ocrx_word' id='word_1_653' title='bbox 2522 4079 2796 4158; x_wconf 87' lang='lat' dir='ltr'>alioquin</span> <span class='ocrx_word' id='word_1_654' title='bbox 2820 4079 3083 4158; x_wconf 90' lang='lat' dir='ltr'>justum,</span> <span class='ocrx_word' id='word_1_655' title='bbox 3116 4080 3214 4139; x_wconf 85' lang='lat' dir='ltr'>vel</span> <span class='ocrx_word' id='word_1_656' title='bbox 3244 4099 3277 4139; x_wconf 91' lang='lat' dir='ltr'>e</span> <span class='ocrx_word' id='word_1_657' title='bbox 3305 4085 3524 4141; x_wconf 88' lang='lat' dir='ltr'>contra</span> <span class='ocrx_word' id='word_1_658' title='bbox 3556 4081 3639 4141; x_wconf 88' lang='lat' dir='ltr'>ob</span> <span class='ocrx_word' id='word_1_659' title='bbox 3670 4083 3918 4144; x_wconf 83' lang='lat' dir='ltr'>dilatam</span> <span class='ocrx_word' id='word_1_660' title='bbox 3943 4099 4020 4140; x_wconf 83' lang='lat' dir='ltr'>so-</span> 
     </span>
     <span class='ocr_line' id='line_1_101' title="bbox 2518 4172 4017 4253; baseline 0.001 -22"><span class='ocrx_word' id='word_1_661' title='bbox 2518 4172 2817 4231; x_wconf 86' lang='lat' dir='ltr'>lutionem</span> <span class='ocrx_word' id='word_1_662' title='bbox 2863 4172 3046 4250; x_wconf 87' lang='lat' dir='ltr'>pretii</span> <span class='ocrx_word' id='word_1_663' title='bbox 3074 4172 3384 4233; x_wconf 85' lang='lat' dir='ltr'>vendatur</span> <span class='ocrx_word' id='word_1_664' title='bbox 3419 4192 3614 4252; x_wconf 85' lang='lat' dir='ltr'>supra</span> <span class='ocrx_word' id='word_1_665' title='bbox 3638 4173 3876 4253; x_wconf 87' lang='lat' dir='ltr'>justum</span> <span class='ocrx_word' id='word_1_666' title='bbox 3902 4192 4017 4252; x_wconf 85' lang='lat' dir='ltr'>pre-</span> 
     </span>
     <span class='ocr_line' id='line_1_102' title="bbox 2519 4265 2695 4325; baseline -0.006 0"><span class='ocrx_word' id='word_1_667' title='bbox 2519 4265 2695 4325; x_wconf 86' lang='lat' dir='ltr'>tium.</span> 
     </span>
    </p>

    <p class='ocr_par' dir='ltr' id='par_1_9' title="bbox 2509 4358 4131 5552">
     <span class='ocr_line' id='line_1_103' title="bbox 2543 4358 4131 4429; baseline 0.005 -13"><span class='ocrx_word' id='word_1_668' title='bbox 2543 4389 2546 4394; x_wconf 60' lang='lat'>&lt;</span> <span class='ocrx_word' id='word_1_669' title='bbox 2600 4359 2911 4429; x_wconf 87' lang='lat' dir='ltr'>Quantum</span> <span class='ocrx_word' id='word_1_670' title='bbox 2941 4375 3091 4418; x_wconf 77' lang='lat' dir='ltr'>vero</span> <span class='ocrx_word' id='word_1_671' title='bbox 3123 4358 3384 4420; x_wconf 88' lang='lat' dir='ltr'>deberet</span> <span class='ocrx_word' id='word_1_672' title='bbox 3430 4377 3567 4419; x_wconf 89' lang='lat' dir='ltr'>esse</span> <span class='ocrx_word' id='word_1_673' title='bbox 3612 4361 3854 4421; x_wconf 90' lang='lat' dir='ltr'>lucrum</span> <span class='ocrx_word' id='word_1_674' title='bbox 3898 4360 4015 4419; x_wconf 81' lang='lat' dir='ltr'>assi·</span> <span class='ocrx_word' id='word_1_675' title='bbox 4108 4370 4131 4424; x_wconf 80' lang='grc' dir='ltr'><strong><em>Ε</em></strong></span> 
     </span>
     <span class='ocr_line' id='line_1_104' title="bbox 2516 4449 4122 4549; baseline 0.002 -41"><span class='ocrx_word' id='word_1_676' title='bbox 2516 4453 2774 4530; x_wconf 86' lang='lat' dir='ltr'>gnatum</span> <span class='ocrx_word' id='word_1_677' title='bbox 2809 4449 2871 4509; x_wconf 91' lang='lat' dir='ltr'>in</span> <span class='ocrx_word' id='word_1_678' title='bbox 2901 4450 3199 4528; x_wconf 84' lang='lat' dir='ltr'>praedicto</span> <span class='ocrx_word' id='word_1_679' title='bbox 3235 4457 3557 4513; x_wconf 87' lang='lat' dir='ltr'>contractu</span> <span class='ocrx_word' id='word_1_680' title='bbox 3579 4499 3594 4528; x_wconf 89' lang='lat'>,</span> <span class='ocrx_word' id='word_1_681' title='bbox 3643 4459 3712 4513; x_wconf 88' lang='lat' dir='ltr'>ut</span> <span class='ocrx_word' id='word_1_682' title='bbox 3742 4461 3892 4514; x_wconf 85' lang='lat' dir='ltr'>esset</span> <span class='ocrx_word' id='word_1_683' title='bbox 3911 4453 4014 4532; x_wconf 75' lang='lat' dir='ltr'>jus-</span> <span class='ocrx_word' id='word_1_684' title='bbox 4048 4495 4122 4549; x_wconf 57' lang='lat'>0-</span> 
     </span>
     <span class='ocr_line' id='line_1_105' title="bbox 2515 4545 4131 4640; baseline -0.001 -35"><span class='ocrx_word' id='word_1_685' title='bbox 2515 4548 2684 4619; x_wconf 91' lang='lat' dir='ltr'>tum,</span> <span class='ocrx_word' id='word_1_686' title='bbox 2722 4547 2784 4603; x_wconf 88' lang='lat' dir='ltr'>et</span> <span class='ocrx_word' id='word_1_687' title='bbox 2812 4545 3332 4622; x_wconf 88' lang='lat' dir='ltr'>corresponderet</span> <span class='ocrx_word' id='word_1_688' title='bbox 3374 4546 3490 4605; x_wconf 92' lang='lat' dir='ltr'>soli</span> <span class='ocrx_word' id='word_1_689' title='bbox 3533 4547 3813 4623; x_wconf 89' lang='lat' dir='ltr'>periculo</span> <span class='ocrx_word' id='word_1_690' title='bbox 3854 4546 4012 4612; x_wconf 71' lang='lat' dir='ltr'>ritae;</span> <span class='ocrx_word' id='word_1_691' title='bbox 4065 4557 4131 4640; x_wconf 52' lang='grc' dir='ltr'>με</span> 
     </span>
     <span class='ocr_line' id='line_1_106' title="bbox 2516 4636 4014 4717; baseline 0 -21"><span class='ocrx_word' id='word_1_692' title='bbox 2516 4641 2725 4716; x_wconf 89' lang='lat' dir='ltr'>posset</span> <span class='ocrx_word' id='word_1_693' title='bbox 2755 4636 2977 4714; x_wconf 85' lang='lat' dir='ltr'>aliquis</span> <span class='ocrx_word' id='word_1_694' title='bbox 3010 4637 3284 4715; x_wconf 86' lang='lat' dir='ltr'>cogitare</span> <span class='ocrx_word' id='word_1_695' title='bbox 3308 4683 3324 4712; x_wconf 87' lang='lat'>,</span> <span class='ocrx_word' id='word_1_696' title='bbox 3375 4638 3624 4698; x_wconf 89' lang='lat' dir='ltr'>lucrum</span> <span class='ocrx_word' id='word_1_697' title='bbox 3648 4640 3879 4717; x_wconf 89' lang='lat' dir='ltr'>justum</span> <span class='ocrx_word' id='word_1_698' title='bbox 3905 4655 4014 4696; x_wconf 78' lang='lat' dir='ltr'>esse</span> 
     </span>
     <span class='ocr_line' id='line_1_107' title="bbox 2509 4728 4013 4809; baseline -0.001 -21"><span class='ocrx_word' id='word_1_699' title='bbox 2509 4728 2687 4809; x_wconf 86' lang='lat' dir='ltr'>juxta</span> <span class='ocrx_word' id='word_1_700' title='bbox 2744 4728 3212 4807; x_wconf 83' lang='lat' dir='ltr'>proportionem</span> <span class='ocrx_word' id='word_1_701' title='bbox 3256 4748 3480 4790; x_wconf 88' lang='lat' dir='ltr'>census</span> <span class='ocrx_word' id='word_1_702' title='bbox 3519 4731 3804 4807; x_wconf 74' lang='lat' dir='ltr'>vitantii,</span> <span class='ocrx_word' id='word_1_703' title='bbox 3858 4746 4013 4809; x_wconf 82' lang='lat' dir='ltr'>quem</span> 
     </span>
     <span class='ocr_line' id='line_1_108' title="bbox 2515 4822 4009 4900; baseline -0.001 -18"><span class='ocrx_word' id='word_1_704' title='bbox 2515 4825 2751 4882; x_wconf 85' lang='lat' dir='ltr'>emeret</span> <span class='ocrx_word' id='word_1_705' title='bbox 2807 4839 3076 4900; x_wconf 86' lang='lat' dir='ltr'>persona</span> <span class='ocrx_word' id='word_1_706' title='bbox 3130 4822 3294 4882; x_wconf 89' lang='lat' dir='ltr'>illius</span> <span class='ocrx_word' id='word_1_707' title='bbox 3347 4823 3550 4882; x_wconf 76' lang='lat' dir='ltr'>aetatis</span> <span class='ocrx_word' id='word_1_708' title='bbox 3611 4827 3672 4883; x_wconf 86' lang='lat' dir='ltr'>et</span> <span class='ocrx_word' id='word_1_709' title='bbox 3727 4823 4009 4890; x_wconf 77' lang='lat' dir='ltr'>sanitatis;</span> 
     </span>
     <span class='ocr_line' id='line_1_109' title="bbox 2514 4913 4013 4995; baseline -0.002 -20"><span class='ocrx_word' id='word_1_710' title='bbox 2514 4932 2657 4975; x_wconf 91' lang='lat' dir='ltr'>cum</span> <span class='ocrx_word' id='word_1_711' title='bbox 2687 4914 2750 4973; x_wconf 91' lang='lat' dir='ltr'>in</span> <span class='ocrx_word' id='word_1_712' title='bbox 2780 4913 2900 4974; x_wconf 86' lang='lat' dir='ltr'>hoc</span> <span class='ocrx_word' id='word_1_713' title='bbox 2930 4914 3118 4975; x_wconf 91' lang='lat' dir='ltr'>etiam</span> <span class='ocrx_word' id='word_1_714' title='bbox 3148 4933 3339 4975; x_wconf 88' lang='lat' dir='ltr'>censu</span> <span class='ocrx_word' id='word_1_715' title='bbox 3385 4915 3588 4976; x_wconf 87' lang='lat' dir='ltr'>subsit</span> <span class='ocrx_word' id='word_1_716' title='bbox 3616 4916 3762 4976; x_wconf 72' lang='lat' dir='ltr'>vitae</span> <span class='ocrx_word' id='word_1_717' title='bbox 3803 4915 4013 4995; x_wconf 85' lang='lat' dir='ltr'>pericu-</span> 
     </span>
     <span class='ocr_line' id='line_1_110' title="bbox 2511 5006 4012 5069; baseline -0.001 -3"><span class='ocrx_word' id='word_1_718' title='bbox 2511 5007 2641 5067; x_wconf 91' lang='lat' dir='ltr'>lum</span> <span class='ocrx_word' id='word_1_719' title='bbox 2673 5006 2754 5066; x_wconf 91' lang='lat' dir='ltr'>ad</span> <span class='ocrx_word' id='word_1_720' title='bbox 2786 5007 3191 5067; x_wconf 88' lang='lat' dir='ltr'>amittendam</span> <span class='ocrx_word' id='word_1_721' title='bbox 3223 5012 3477 5068; x_wconf 90' lang='lat' dir='ltr'>sortem.</span> <span class='ocrx_word' id='word_1_722' title='bbox 3535 5010 3684 5068; x_wconf 81' lang='lat' dir='ltr'>Haec</span> <span class='ocrx_word' id='word_1_723' title='bbox 3715 5015 3908 5069; x_wconf 77' lang='lat' dir='ltr'>tamen</span> <span class='ocrx_word' id='word_1_724' title='bbox 3933 5024 4012 5064; x_wconf 76' lang='lat' dir='ltr'>re·</span> 
     </span>
     <span class='ocr_line' id='line_1_111' title="bbox 2511 5099 4004 5178; baseline 0 -20"><span class='ocrx_word' id='word_1_725' title='bbox 2511 5099 2660 5178; x_wconf 86' lang='lat' dir='ltr'>gula</span> <span class='ocrx_word' id='word_1_726' title='bbox 2689 5118 2810 5159; x_wconf 92' lang='lat' dir='ltr'>non</span> <span class='ocrx_word' id='word_1_727' title='bbox 2842 5104 3044 5178; x_wconf 86' lang='lat' dir='ltr'>potest</span> <span class='ocrx_word' id='word_1_728' title='bbox 3072 5100 3151 5159; x_wconf 90' lang='lat' dir='ltr'>ad</span> <span class='ocrx_word' id='word_1_729' title='bbox 3177 5118 3392 5160; x_wconf 91' lang='lat' dir='ltr'>casum</span> <span class='ocrx_word' id='word_1_730' title='bbox 3412 5103 3695 5160; x_wconf 86' lang='lat' dir='ltr'>nostrum</span> <span class='ocrx_word' id='word_1_731' title='bbox 3721 5100 4004 5178; x_wconf 79' lang='lat' dir='ltr'>applicari.</span> 
     </span>
     <span class='ocr_line' id='line_1_112' title="bbox 2511 5193 4006 5273; baseline -0.005 -19"><span class='ocrx_word' id='word_1_732' title='bbox 2511 5193 2744 5270; x_wconf 86' lang='lat' dir='ltr'>Primo,</span> <span class='ocrx_word' id='word_1_733' title='bbox 2806 5193 2952 5273; x_wconf 90' lang='lat' dir='ltr'>quia</span> <span class='ocrx_word' id='word_1_734' title='bbox 2989 5193 3053 5253; x_wconf 93' lang='lat' dir='ltr'>in</span> <span class='ocrx_word' id='word_1_735' title='bbox 3100 5211 3291 5254; x_wconf 86' lang='lat' dir='ltr'>censu</span> <span class='ocrx_word' id='word_1_736' title='bbox 3325 5193 3588 5253; x_wconf 79' lang='lat' dir='ltr'>vitalitio</span> <span class='ocrx_word' id='word_1_737' title='bbox 3641 5199 3878 5273; x_wconf 84' lang='lat' dir='ltr'>emptor</span> <span class='ocrx_word' id='word_1_738' title='bbox 3909 5209 4006 5250; x_wconf 88' lang='lat' dir='ltr'>nou</span> 
     </span>
     <span class='ocr_line' id='line_1_113' title="bbox 2510 5283 4004 5365; baseline -0.004 -19"><span class='ocrx_word' id='word_1_739' title='bbox 2510 5289 2715 5365; x_wconf 86' lang='lat' dir='ltr'>potest</span> <span class='ocrx_word' id='word_1_740' title='bbox 2769 5304 3046 5365; x_wconf 84' lang='lat' dir='ltr'>unquam</span> <span class='ocrx_word' id='word_1_741' title='bbox 3091 5290 3373 5364; x_wconf 84' lang='lat' dir='ltr'>repetere</span> <span class='ocrx_word' id='word_1_742' title='bbox 3427 5289 3661 5346; x_wconf 82' lang='lat' dir='ltr'>sortem</span> <span class='ocrx_word' id='word_1_743' title='bbox 3695 5332 3711 5362; x_wconf 88' lang='lat'>,</span> <span class='ocrx_word' id='word_1_744' title='bbox 3785 5290 3914 5344; x_wconf 86' lang='lat' dir='ltr'>sunt</span> <span class='ocrx_word' id='word_1_745' title='bbox 3956 5283 4004 5339; x_wconf 86' lang='lat' dir='ltr'>in</span> 
     </span>
     <span class='ocr_line' id='line_1_114' title="bbox 2510 5378 4002 5458; baseline -0.003 -20"><span class='ocrx_word' id='word_1_746' title='bbox 2510 5397 2657 5438; x_wconf 82' lang='lat' dir='ltr'>casu</span> <span class='ocrx_word' id='word_1_747' title='bbox 2689 5382 2898 5439; x_wconf 85' lang='lat' dir='ltr'>nostro</span> <span class='ocrx_word' id='word_1_748' title='bbox 2931 5380 3035 5458; x_wconf 91' lang='lat' dir='ltr'>qui</span> <span class='ocrx_word' id='word_1_749' title='bbox 3067 5379 3252 5439; x_wconf 90' lang='lat' dir='ltr'>debet</span> <span class='ocrx_word' id='word_1_750' title='bbox 3279 5379 3602 5458; x_wconf 72' lang='lat' dir='ltr'>pecuniae,</span> <span class='ocrx_word' id='word_1_751' title='bbox 3639 5382 3854 5457; x_wconf 85' lang='lat' dir='ltr'>potest,</span> <span class='ocrx_word' id='word_1_752' title='bbox 3890 5378 4002 5454; x_wconf 66' lang='lat' dir='ltr'>post</span> 
     </span>
     <span class='ocr_line' id='line_1_115' title="bbox 2511 5467 3997 5552; baseline -0.004 -21"><span class='ocrx_word' id='word_1_753' title='bbox 2511 5489 2618 5531; x_wconf 84' lang='lat' dir='ltr'>sex</span> <span class='ocrx_word' id='word_1_754' title='bbox 2663 5489 2904 5531; x_wconf 83' lang='lat' dir='ltr'>menses</span> <span class='ocrx_word' id='word_1_755' title='bbox 2933 5471 3069 5531; x_wconf 90' lang='lat' dir='ltr'>illas</span> <span class='ocrx_word' id='word_1_756' title='bbox 3099 5478 3378 5551; x_wconf 84' lang='lat' dir='ltr'>repetere</span> <span class='ocrx_word' id='word_1_757' title='bbox 3404 5517 3419 5548; x_wconf 92' lang='lat'>,</span> <span class='ocrx_word' id='word_1_758' title='bbox 3457 5472 3712 5552; x_wconf 87' lang='lat' dir='ltr'>quando</span> <span class='ocrx_word' id='word_1_759' title='bbox 3742 5467 3997 5539; x_wconf 75' lang='lat' dir='ltr'>voluerit,</span> 
     </span>
    </p>
   </div>
  </div>
 </body>
</html>
