4263 6376
604 2208 677 2266 15

533 2333 757 2377 &afferens

534 2388 664 2429 solam
682 2398 784 2480 oge-

524 2452 613 2483 ram
635 2451 687 2481 an
732 2451 786 2480 e-

507 2492 602 2535 beat
707 2491 805 2533 tici-

508 2558 606 2601 pare
615 2505 805 2644 ἐξωρί-

612 4707 687 4767 16

835 343 955 401 472
1050 430 1052 432 ι

837 516 971 578 cius
993 560 1009 592 ‚
1061 515 1172 576 sed
1202 517 1272 576 ut
1296 514 1580 576 minister
1606 511 1953 576 conductus
1975 559 1991 591 ‚
2043 517 2107 575 et
2156 513 2366 592 quoad

837 608 1008 669 illam
1037 611 1281 686 partem
1317 608 1519 686 magis
1565 608 1683 669 erit
1711 610 2068 669 contractus
2115 606 2370 667 locatio-

839 701 936 763 nis
965 715 1297 780 operarum
1320 718 1510 779 quam
1540 700 1877 762 societatis.
1914 700 1980 761 Si
2009 703 2220 761 autem
2248 716 2373 759 non

841 793 1194 872 assignetur
1222 792 1279 852 ei
1308 792 1715 870 stipendium,
1742 795 2028 852 censetur
2056 809 2197 851 eam
2223 808 2371 850 con-

839 886 1002 947 ferre
1034 890 1102 948 ut
1128 885 1369 957 socius;
1406 904 1600 964 quare
1631 884 1680 944 si
1714 884 1980 963 pecunia
2011 902 2203 964 quam
2233 901 2376 943 con-

839 979 980 1054 fert,
1015 982 1078 1039 et
1105 977 1289 1038 simul
1320 977 1632 1037 industria
1661 982 1724 1038 et
1751 996 1944 1054 opera
1975 976 2285 1037 excedant
2311 976 2374 1034 in

841 1070 1252 1133 aestimatione
1282 1070 1348 1130 id
1381 1070 1548 1149 quod
1578 1070 1729 1130 socii
1757 1070 1861 1130 alii
1884 1070 2235 1145 conferunt,
2269 1068 2375 1127 de-

839 1163 1143 1241 betjdem
1175 1181 1463 1223 excessus
1509 1180 1651 1222 cum
1694 1162 2094 1242 proportione
2123 1179 2377 1240 geome-

839 1257 1000 1319 trica
1028 1256 1290 1334 reperiri
1329 1256 1391 1315 in
1439 1255 1611 1315 luero
1643 1255 1829 1335 hujus
1872 1256 2022 1316 socii
2053 1273 2184 1334 prae
2213 1254 2371 1313 aliis,

842 1348 1123 1428 Denique
1154 1347 1490 1426 aliquando
1535 1366 1696 1407 unus
1725 1347 1892 1407 solus
1922 1346 2162 1407 confert
2189 1363 2379 1423 pecu-

843 1443 1012 1503 niam
1042 1442 1141 1501 vel
1168 1459 1409 1501 merces
1433 1487 1449 1516 ‚
1505 1441 1665 1501 alter
1692 1440 1890 1500 solam
1914 1438 2287 1501 industriam
2317 1441 2380 1498 et

842 1537 1146 1610 laborem,
1168 1552 1289 1594 non
1312 1553 1385 1592 ex
1410 1532 1726 1611 stipendio
1751 1532 1860 1592 sed
1883 1537 1951 1594 ut
1972 1534 2199 1593 socius,
2220 1535 2379 1592 Nam

844 1629 898 1690 si
944 1631 1107 1689 esset
1152 1625 1534 1705 stipendium
1559 1671 1573 1700 ‚
1630 1644 1754 1686 non
1786 1629 1881 1686 est
1906 1626 2171 1686 societas
2195 1670 2210 1700 ,
2270 1623 2381 1684 sed

847 1720 1178 1801 conductio
1209 1736 1584 1796 opera1um;
1619 1722 1683 1778 et
1709 1718 1829 1778 hoc
1860 1717 2104 1779 etiamsi
2136 1735 2248 1795 pro
2280 1716 2382 1778 sti-

845 1813 1076 1893 pendio
1105 1812 1532 1889 assignaretur
1559 1829 1705 1889 pars
1735 1811 2015 1889 aliquota
2034 1811 2378 1886 fruetuum,
2414 1827 2417 1832 Α

847 1905 1026 1986 cujus
1053 1904 1232 1966 valor
1263 1908 1325 1965 et
1354 1921 1601 1964 summa
1632 1907 1842 1965 essent
1869 1903 2131 1975 incerti3
2181 1921 2385 1982 neque

847 1999 1017 2059 enim
1044 2000 1356 2077 repugnat
1386 1997 1548 2057 hanc
1580 2015 1714 2056 esse
1747 1998 1985 2075 justam
2028 1996 2385 2056 mercedem

848 2092 911 2152 in
942 2091 1358 2152 conductione
1388 2108 1744 2168 operarum.

929 2183 1274 2245 Difficultas
1305 2185 1418 2258 est,
1454 2182 1705 2261 quando
1739 2200 1899 2242 unus
1931 2182 2171 2243 confert
2197 2200 2389 2260 pecu-

850 2277 987 2338 nias
1016 2279 1078 2337 et
1105 2276 1261 2336 alter
1293 2294 1550 2353 operam
1578 2275 1678 2334 vel
1706 2274 2076 2336 industriam
2097 2321 2113 2351 ,
2177 2294 2255 2334 an
2286 2275 2388 2335 hic

852 2368 1161 2430 secundus
1191 2368 1419 2428 debeat
1450 2372 1668 2445 postea
1701 2366 1762 2426 in
1794 2367 2101 2427 divisione
2135 2367 2390 2445 partici-

850 2480 1003 2542 pare
1033 2479 1157 2538 non
1188 2460 1388 2520 solum
1418 2459 1496 2519 de
1526 2460 1723 2534 lucr0‚
1750 2459 1861 2519 sed
1889 2459 2076 2519 etiam
2110 2459 2187 2519 de
2219 2459 2392 2538 capi-

850 2554 991 2627 tali;
1027 2558 1088 2615 et
1116 2553 1283 2613 idem
1314 2557 1442 2627 est,
1493 2552 1744 2631 quando
1783 2570 1943 2612 unus
1973 2552 2265 2630 apposuit
2299 2559 2389 2614 to-

850 2651 985 2709 tum
1014 2646 1300 2723 capitale,
1336 2645 1494 2705 alter
1523 2663 1670 2705 vero
1713 2663 1836 2704 non
1868 2645 2073 2704 solum
2104 2663 2385 2723 operam,

852 2739 966 2799 sed
1008 2739 1421 2798 instrumenta
1446 2783 1461 2812 ‚
1521 2755 1582 2797 v.
1619 2755 1682 2814 g.
1727 2737 2050 2814 navigium
2079 2737 2161 2796 ad
2190 2741 2390 2797 trans-

851 2830 1193 2912 portandas
1220 2847 1462 2890 merces
1484 2875 1500 2905 ,
1537 2835 1599 2890 et
1625 2829 1871 2889 similia.
1909 2830 2118 2908 Aliqui
2147 2830 2383 2907 dicunt,

853 2924 1055 2986 solum
1100 2923 1342 2983 lucrum
1390 2920 1837 2992 dividendum;
1899 2922 2164 3001 capitale
2210 2940 2383 2998 vere,

851 3018 950 3078 vel
980 3015 1114 3095 ejus
1144 3013 1621 3076 aestimationem
1651 3013 2041 3074 reddendam
2083 3014 2390 3093 imprimis

852 3129 988 3172 esse
1018 3108 1186 3171 socio
1219 3108 1326 3186 qui
1354 3106 1506 3167 illud
1536 3107 1847 3185 apposuit,
1868 3106 2047 3187 cujus
2076 3107 2265 3168 etiam
2295 3125 2390 3169 so-

853 3204 972 3265 lius
1001 3202 1273 3281 periculo
1306 3201 1538 3280 periret
1566 3201 1619 3260 si
1656 3200 1981 3279 periisset,
2046 3219 2190 3261 cum
2234 3202 2392 3262 alter

853 3297 1056 3359 socius
1087 3300 1233 3356 tunc
1285 3293 1437 3354 nihil
1485 3292 1743 3354 deberet
1781 3294 2062 3354 conferre
2114 3294 2282 3355 socio
2313 3294 2391 3355 de

854 3390 1084 3450 damno
1115 3387 1419 3465 capitaliS,
1456 3387 1542 3447 ita
1571 3387 1812 3464 plureS‚
1858 3405 2013 3465 quos
2048 3389 2263 3463 affert,
2329 3391 2391 3448 et

854 3482 1134 3561 sequitur
1166 3480 1403 3541 Filliuc.
1437 3484 1518 3543 tr.
1551 3481 1884 3541 XXXVIII.
1919 3498 2056 3558 cap.
2082 3496 2178 3541 111.
2213 3499 2384 3540 num.

852 3578 951 3636 44.
985 3574 1107 3636 Alii
1136 3573 1389 3650 dicunt,
1454 3576 1848 3634 contractum
1903 3573 2068 3633 hune
2100 3591 2226 3633 non
2257 3592 2390 3634 esse

851 3668 1111 3742 licitum,
1145 3665 1194 3725 si
1228 3683 1419 3743 opera
1450 3670 1512 3726 et
1544 3684 1690 3725 usus
1722 3665 1979 3743 navigii,
2000 3684 2061 3725 v.
2085 3684 2149 3744 g.
2186 3683 2390 3745 aequa-

851 3761 928 3821 lis
958 3760 1187 3820 valoris
1215 3759 1340 3819 sint
1380 3776 1525 3818 cum
1577 3757 1830 3837 capitali
1862 3758 2031 3838 quod
2062 3758 2221 3818 alter
2248 3777 2392 3820 con-

852 3853 972 3914 fert
1005 3872 1019 3912 :
1054 3869 1233 3912 secus
1262 3851 1313 3911 si
1342 3869 1465 3911 non
1498 3851 1622 3911 sint
1653 3851 1888 3912 valoris
1907 3851 2169 3930 aequalis
2201 3851 2265 3911 in
2298 3871 2388 3928 se,

850 3945 997 4006 licet
1022 3945 1147 4006 sint
1185 3943 1460 4023 aequales
1492 3943 1555 4003 in
1588 3943 1806 4005 ordine
1833 3943 1911 4002 ad
1929 3944 2210 4016 lucrum;
2243 3948 2393 4005 tunc

854 4038 1020 4098 enim
1050 4037 1261 4098 licebit
1288 4037 1828 4097 dividerelucrum
1857 4037 2099 4115 integro
2133 4055 2393 4097 manen-

852 4135 914 4192 te
944 4131 1196 4209 capitali
1248 4131 1305 4191 ei
1334 4129 1442 4211 qui
1474 4130 1626 4190 illud
1659 4131 1985 4208 opposuit,
2046 4129 2131 4190 ita
2160 4129 2393 4191 Molina

855 4224 1016 4303 disp.
1050 4227 1189 4284 416.
1227 4225 1424 4285 concl.
1464 4226 1521 4284 1.
1556 4228 1637 4285 et.
1658 4226 1716 4283 2.
1756 4224 1903 4283 Haec
1930 4226 2143 4283 tamen
2173 4222 2393 4283 distin-

855 4318 975 4379 ctio
1010 4336 1132 4377 non
1165 4316 1413 4377 videtur
1442 4318 1832 4377 cohaerenter
1858 4315 2021 4377 tradi
2051 4361 2067 4391 ,
2128 4315 2306 4394 quia,
2340 4315 2391 4376 si

856 4429 996 4490 quae
1028 4414 1121 4472 est
1149 4410 1306 4471 ratio
1339 4408 1864 4488 negandilicitum
1886 4408 1947 4467 in
1981 4408 2183 4485 primo
2217 4426 2387 4484 casu,

857 4504 1080 4563 eadem
1109 4502 1226 4563 erit
1254 4502 1528 4581 negandi
1570 4502 1635 4562 in
1676 4501 1991 4578 secunde,
2055 4504 2124 4561 ιιι
2180 4499 2393 4560 statim

856 4595 1285 4676 probabimus,

932 4689 1128 4752 Aliter
1156 4707 1305 4767 ergo
1346 4687 1860 4766 distinguendum
1901 4690 2051 4766 puto
2117 4706 2129 4749 ε
2191 4689 2395 4766 potest

859 4783 1027 4843 enim
1053 4785 1404 4844 contractus
1447 4781 1551 4840 ille
1601 4780 1933 4860 dupliciter
1961 4780 2120 4841 fieri.
2155 4779 2389 4855 Prim0,

858 4880 928 4937 ut
956 4875 1126 4955 prius
1159 4873 1583 4936 extrahendus
1636 4875 1715 4933 sit
1761 4877 1929 4935 totus
1957 4873 2133 4934 valor
2162 4872 2393 4950 capita-

856 4967 954 5045 lis,
988 4973 1051 5030 et
1081 4967 1438 5028 reddendus
1467 4967 1523 5026 ei
1547 4966 1651 5045 qui
1684 4966 1833 5026 illud
1866 4966 2176 5045 apposuit,
2199 4969 2261 5025 et
2280 4984 2395 5043 po-

857 5065 988 5122 stea
1019 5061 1340 5121 dividatur
1369 5061 1572 5120 solum
1601 5060 1847 5120 lucrum
1876 5077 2209 5120 remanens
2256 5076 2278 5117 ε.
2331 5062 2395 5120 et

857 5154 1023 5215 hunc
1069 5157 1458 5215 contractum
1504 5153 1588 5213 ita
1639 5152 1872 5212 factum
1902 5171 2036 5213 esse
2067 5152 2387 5231 injustum,

854 5249 1085 5309 fatetur
1113 5247 1365 5319 Molina,
1416 5246 1667 5325 quando
1710 5246 1887 5306 valor
1917 5264 2126 5324 operae
2156 5250 2218 5305 et
2241 5264 2393 5305 usus

854 5339 1107 5418 navigii,
1143 5357 1202 5399 v.
1236 5356 1298 5416 g.
1326 5340 1490 5398 esset
1516 5337 1578 5397 in
1609 5356 1674 5398 se
1706 5337 1965 5417 aequalis
1994 5337 2192 5399 valori
2225 5338 2390 5416 capi-

853 5432 1021 5505 talis3
1056 5432 1301 5493 Lessius
1334 5450 1478 5491 vero
1510 5432 1571 5492 d.
1607 5449 1661 5490 c.
1695 5433 1882 5493 XXV.
1921 5431 2069 5491 dub.
2106 5447 2174 5490 11.
2212 5449 2383 5490 num.

853 5530 912 5588 8.
945 5525 1134 5587 etiam
1151 5523 1401 5605 quando
1420 5528 1582 5586 esset
1597 5524 1802 5584 minor
1826 5541 1840 5588 :
1866 5524 2034 5605 quod
2054 5542 2170 5602 ego
2196 5524 2383 5583 etiam

1994 337 2098 398 ne
2138 337 2488 400 ms‘rrm
2537 337 2638 398 ET
2681 337 2881 400 mar:
2967 321 2972 325 ’

2470 513 2888 575 communiter
2914 531 3136 574 verum
3164 516 3315 592 puto
3335 558 3351 590 ‚
3404 513 3522 574 nisi
3558 512 3810 574 aliunde
3843 530 4011 573 com-

2469 609 2767 685 pensetur
2795 606 3187 686 inaequalitas
3246 625 3388 686 quae
3446 607 3510 667 in
3573 625 3646 668 eo
3686 609 4008 668 contractu

2471 717 2605 759 esse
2635 698 2905 760 videtur.
2959 699 3266 778 lnjustitia
3325 704 3539 760 autem
3569 699 3883 779 ejusmodi
3916 716 4011 758 so-

2473 792 2715 852 cietatis
2746 792 3030 853 consistit
3059 791 3119 851 in
3170 792 3324 868 hoc,
3377 792 3544 872 quod
3592 793 3694 853 ille
3727 792 3836 871 qui
3868 809 4011 850 eon-

2470 885 2591 945 fert
2619 903 2896 962 operam,
2931 903 3055 946 non
3076 885 3432 964 participiat
3461 883 4013 964 proportionaliter

2473 977 2552 1036 de
2580 977 2778 1053 lucr0,
2817 980 2879 1037 et
2905 977 3237 1056 participat
3274 978 3415 1057 plus
3447 979 3527 1038 de
3558 979 3791 1039 damno
3825 995 4012 1056 quam

2472 1071 2631 1131 alter
2657 1070 2884 1130 socius,
2922 1073 3230 1130 Ponamus
3262 1072 3450 1147 enim,
3486 1074 3742 1132 Petrum
3772 1069 4013 1131 confer-

2473 1181 2541 1222 re
2571 1166 2769 1223 totum
2800 1163 3065 1241 capitale
3090 1208 3106 1238 ,
3140 1163 3309 1242 quod
3339 1165 3507 1225 valet
3538 1166 3713 1226 1000.
3750 1162 4013 1223 Paulum

2473 1273 2624 1315 vero
2656 1255 2941 1315 conferre
2973 1273 3231 1333 operam
3273 1260 3335 1316 et
3365 1275 3546 1317 usum
3575 1257 4013 1316 instrumento-

2475 1366 2637 1424 rum,
2673 1366 2814 1426 quae
2846 1348 3237 1408 aestimantur
3264 1349 3525 1410 totidem
3560 1351 3737 1410 1000.
3772 1348 4015 1408 lucrum

2476 1444 2687 1501 autem
2707 1459 2841 1501 esse
2855 1441 2972 1500 alia
2996 1443 3170 1502 1000.
3196 1440 3282 1501 ita
3295 1445 3367 1502 ut
3386 1441 3677 1502 extractis
3702 1443 3880 1502 1000.
3907 1459 4013 1519 pro

2476 1533 2750 1612 capitali,
2773 1552 2912 1613 quae
2936 1533 3282 1594 reddantur
3296 1537 3502 1610 Petr0‚
3520 1537 3824 1595 maneant
3840 1536 4008 1595 1000.

2477 1625 2815 1686 dividenda
2838 1672 2853 1702 ‚
2917 1644 2991 1685 ex
3046 1625 3273 1704 quibus
3317 1627 3547 1687 dantur
3576 1626 3845 1704 singulis
3874 1629 4012 1688 500.

2479 1722 2628 1778 tunc
2657 1720 2878 1778 Petrus
2909 1717 3102 1778 habet
3148 1736 3261 1778 sua
3302 1720 3479 1779 1000.
3532 1736 3671 1797 quae
3729 1718 4009 1793 contulit,

2482 1813 2544 1870 et
2571 1810 2832 1870 ulterius
2859 1809 3049 1871 habet
3080 1813 3218 1872 500.
3266 1811 3497 1870 Paulus
3528 1829 3677 1871 vero
3735 1829 3851 1889 pro
3910 1829 4016 1870 sua

2482 1920 2674 1980 opera
2702 1907 2764 1962 et
2792 1921 2906 1962 usu
2938 1902 3193 1981 navigii,
3215 1921 3355 1981 quae
3374 1902 3669 1963 valebant
3699 1906 3877 1964 1000.
3914 1903 4014 1962 ba-

2482 1995 2589 2055 bet
2617 1995 2820 2055 solum
2848 1998 2986 2057 500.
3042 2000 3230 2074 atque
3278 1994 3419 2055 ideo
3476 2013 3601 2056 non
3631 1996 3837 2056 solum
3867 1996 4015 2056 nihil

2481 2088 2790 2164 lucratur,
2839 2087 2949 2147 sed
2980 2088 3185 2165 perdit
3215 2088 3404 2148 etiam
3432 2091 3570 2150 500.
3615 2106 3759 2148 cum
3802 2094 4017 2150 contu-

2482 2180 2624 2240 lerit
2671 2180 2735 2239 id
2779 2181 2948 2260 quod
2978 2179 3230 2241 valebat
3263 2182 3437 2242 1000.
3491 2185 3552 2240 6ι
3591 2181 3863 2259 recipiat
3891 2183 4017 2243 sola

2483 2276 2621 2334 500.
2656 2291 2783 2332 non
2813 2291 2963 2351 ergo
2998 2272 3325 2351 participat
3355 2272 3433 2333 de
3465 2273 3636 2334 lucro
3662 2319 3676 2349 ,
3738 2279 3801 2335 et
3831 2277 4016 2354 parti-

2486 2366 2654 2445 cipat
2681 2366 2758 2426 de
2790 2366 3020 2426 damno
3047 2412 3062 2443 ,
3106 2366 3355 2444 quando
3388 2367 3594 2426 socius
3622 2367 3779 2427 nihil
3810 2368 4014 2429 damni

2487 2459 2710 2534 sentit,
2762 2459 2871 2519 sed
2904 2458 3148 2519 lucrum
3173 2504 3188 2534 ‚
3250 2477 3392 2518 cum
3423 2464 3632 2520 tamen
3662 2480 3787 2522 non
3817 2463 4017 2521 minus

2488 2551 2820 2612 contulerit
2850 2552 2932 2612 ad
2972 2552 3336 2612 societatem
3375 2571 3534 2612 unus
3590 2572 3781 2633 quam
3840 2555 4011 2615 alius,

2488 2647 2748 2720 Buram,
2784 2644 2832 2703 si
2866 2662 3058 2722 opera
3073 2645 3244 2704 Pauli
3263 2646 3696 2706 {estimabatur
3715 2648 3863 2708 solis
3878 2652 4010 2709 500.

2488 2741 2550 2798 et
2578 2738 2822 2797 lucrum
2854 2738 2934 2798 sit
2964 2739 3102 2798 800.
3167 2740 3387 2798 Petrus
3419 2743 3677 2816 accepto
3710 2740 3882 2817 prius
3909 2760 4014 2802 suo

2487 2829 2740 2908 capitali
2769 2828 3011 2907 integro
3037 2875 3051 2906 ‚
3113 2830 3341 2908 accipit
3369 2833 3587 2908 postea
3628 2831 3785 2891 duas
3813 2838 4017 2910 partes

2488 2922 2642 2983 lucri
2669 2969 2684 2998 ‚
2748 2922 2811 2982 id
2841 2926 2935 2983 est
2963 2925 3099 2984 600.
3137 2941 3277 3001 quae
3307 2922 3623 2996 lucratur;
3688 2924 3835 3003 quia
3865 2926 4017 2985 sicut

2489 3015 2756 3093 capitale
2812 3015 3002 3094 duplo
3060 3033 3317 3075 excessu
3376 3016 3717 3093 superabat
3746 3018 4015 3079 valorem

2489 3125 2843 3185 operarum,
2878 3107 2966 3167 ita
2994 3108 3260 3187 accipiet
3313 3108 3506 3186 duplo
3527 3109 3669 3186 plus
3698 3128 3773 3168 ex
3799 3110 4011 3181 lucro;

2488 3200 2719 3261 Paulus
2748 3219 2897 3261 vero
2929 3201 3196 3280 accipiet
3225 3201 3429 3262 solum
3457 3205 3593 3263 200.
3659 3202 3865 3275 Quare
3898 3223 4014 3265 uon

2490 3294 2692 3354 solum
2748 3292 2901 3352 nihil
2956 3293 3331 3371 lucrabitur,
3392 3293 3504 3354 sed
3560 3294 3750 3355 etiam
3805 3297 4017 3374 perdet

2488 3389 2627 3448 300.
2664 3405 2740 3445 ex
2768 3385 3179 3447 aestimatione
3244 3404 3451 3465 operae
3481 3386 3563 3446 ab
3592 3386 3727 3465 ipso
3757 3390 4012 3450 collatae.

2490 3480 2621 3540 Imo
2652 3479 2795 3538 licet
2844 3478 3110 3556 accipiat
3167 3478 3498 3539 dimidium
3554 3479 3741 3556 lucri,
3803 3500 4017 3561 nempe

2488 3575 2626 3634 400.
2662 3570 2871 3631 adhuc
2899 3570 3053 3630 nihil
3081 3571 3379 3646 lucratur,
3403 3570 3513 3631 sed
3547 3572 3752 3650 perdit
3780 3577 3912 3636 100.
3946 3593 4017 3633 ex

2490 3665 2700 3726 valore
2733 3682 2863 3724 suae
2893 3682 3124 3742 operae,
3165 3682 3355 3743 quam
3387 3665 3673 3726 contulit.
3709 3668 3883 3728 Unde
3915 3686 4015 3746 ap-

2491 3761 2672 3836 paret
2701 3774 2925 3834 parum
2954 3755 3034 3816 ad
3058 3756 3176 3816 hoc
3209 3756 3442 3816 referre
3477 3757 3646 3835 quod
3678 3760 3849 3820 valor
3876 3779 4019 3839 ope-

2491 3870 2579 3911 rae
2607 3850 2668 3909 in
2694 3868 2759 3910 se
2791 3849 2997 3910 minor
3025 3848 3105 3909 sit
3133 3868 3323 3927 quam
3350 3850 3525 3911 valor
3554 3853 3860 3929 capitaliS,
3880 3871 4018 3913 cum

2493 3944 2681 4005 etiam
2738 3949 2888 4003 tunc
2938 3960 3188 4020 semper
3215 3943 3423 4004 minus
3452 3962 3596 4004 cum
3625 3947 4017 4024 proportione

2489 4037 2787 4112 lucretur,
2806 4035 2911 4114 qui
2932 4052 3156 4113 operas
3169 4036 3427 4097 contulit
3458 4040 3522 4096 et
3536 4036 3674 4114 plus
3691 4038 3895 4098 damni
3913 4058 4020 4119 pa-

2490 4130 2703 4191 tiatur.

2570 4221 2709 4283 Dixi
2735 4224 2969 4296 tamen,
3030 4219 3330 4300 injustum
3389 4240 3524 4282 esse
3569 4221 3738 4283 hunc
3784 4227 4015 4285 contra-

2489 4320 2681 4392 ctum,
2718 4315 2836 4374 nisi
2867 4314 3118 4374 aliunde
3136 4320 3576 4393 compensetur
3604 4316 4011 4395 inaequalitas:

2491 4411 2701 4487 posset
2759 4408 2927 4467 enim
2972 4427 3044 4467 ex
3104 4406 3241 4466 aliis
3272 4407 3580 4485 capitibus
3611 4410 4011 4489 compensari,

2491 4506 2560 4563 ut
2588 4502 2638 4560 si
2669 4504 2891 4563 Petrus
2939 4500 3222 4562 conferat
3252 4503 3432 4561 2000.
3488 4501 3565 4560 de
3615 4502 3901 4581 capitali,
3960 4507 4018 4562 et

2490 4595 2721 4656 Paulus
2751 4613 3008 4672 operam
3033 4640 3048 4670 ‚
3084 4612 3226 4672 quae
3257 4594 3606 4654 aestimatur
3632 4598 3772 4657 500.
3813 4614 4017 4656 conce-

2494 4688 2802 4767 daturque
2838 4687 3050 4764 Paulo,
3085 4690 3153 4746 ut
3181 4685 3425 4747 reddito
3454 4687 3631 4765 prius
3662 4688 3907 4766 capitali
3935 4688 4017 4767 ip-

2493 4781 2542 4840 si
2573 4784 2779 4856 Petr0‚
2814 4781 3061 4841 lucrum
3089 4779 3404 4840 dividatur
3431 4797 3546 4858 per
3574 4784 3785 4858 partes
3816 4800 4018 4860 aequa-

2489 4874 2581 4935 les
2610 4875 2697 4935 ita
2728 4878 2796 4935 ut
2843 4874 2894 4934 si
2941 4875 3184 4934 lucrum
3233 4872 3313 4932 sit
3341 4875 3518 4933 2000.
3556 4874 3749 4934 Paulo
3781 4892 4019 4953 compe-

2491 4972 2627 5029 tant
2657 4969 2831 5028 1000.
2880 4970 3028 5028 tunc
3076 4965 3245 5025 enim
3291 4964 3447 5025 adeo
3497 4972 3709 5044 posset
3752 4984 4017 5027 crescere

2493 5079 2633 5140 spes
2661 5060 2918 5138 maioris
2945 5059 3102 5119 lucri
3132 5077 3207 5117 ex
3239 5057 3544 5118 divisione
3565 5077 3680 5137 per
3708 5064 3907 5138 partes
3938 5078 4018 5119 ae-

2491 5153 2708 5232 quales
2737 5151 3046 5228 facienda,
3081 5155 3148 5211 ut
3175 5150 3280 5211 illa
3308 5169 3455 5229 spes
3488 5157 3913 5231 compensaret
3942 5153 4015 5215 ti-

2490 5263 2732 5306 morem
2762 5263 2886 5305 non
2914 5243 3198 5304 lucrandi
3247 5243 3348 5303 vel
3396 5243 3704 5323 perdendi
3750 5246 4011 5305 valorem

2492 5356 2720 5416 operae.
2784 5339 2947 5397 Raro
2977 5341 3187 5397 tamen
3222 5337 3454 5413 cred0,
3515 5337 3579 5396 id
3620 5338 3898 5398 sufficere
3937 5336 4011 5396 ad

2490 5429 3059 5509 compensandum:
3096 5430 3245 5509 quia
3272 5447 3414 5490 raro
3446 5429 3692 5490 lucrum
3725 5431 3839 5492 erit
3861 5431 4011 5490 adeo

2489 5524 2866 5601 exorbitans,
2901 5526 2969 5583 ut
2997 5523 3277 5584 detracto
3311 5522 3591 5601 capitali,
3613 5523 3867 5584 dimidia
3881 5523 4010 5602 ejus

4102 4370 4191 4421 aaa

4057 4424 4183 4467 aliunde

4073 4534 4191 4585 ima-⁸
