<?xml version="1.0" encoding="UTF-8"?>
<!DOCTYPE html PUBLIC "-//W3C//DTD XHTML 1.0 Transitional//EN"
    "http://www.w3.org/TR/xhtml1/DTD/xhtml1-transitional.dtd">
<html xmlns="http://www.w3.org/1999/xhtml" xml:lang="en" lang="en">
 <head>
  <title>
</title>
<meta http-equiv="Content-Type" content="text/html;charset=utf-8" />
  <meta name='ocr-system' content='tesseract 3.04.00' />
  <meta name='ocr-capabilities' content='ocr_page ocr_carea ocr_par ocr_line ocrx_word'/>
</head>
<body>
  <div class='ocr_page' id='page_1' title='image "./joannisdelugodi00lugogoog_0605.png"; bbox 0 0 4263 6376; ppageno 0'>
   <div class='ocr_carea' id='block_1_1' title="bbox 1068 318 2293 393">
    <p class='ocr_par' dir='ltr' id='par_1_1' title="bbox 1068 318 2293 393">
     <span class='ocr_line' id='line_1_1' title="bbox 1068 318 2293 393; baseline 0 -13"><span class='ocrx_word' id='word_1_1' title='bbox 1068 319 1539 380; x_wconf 82' lang='lat' dir='ltr'>DlSPUTATIO</span> <span class='ocrx_word' id='word_1_2' title='bbox 1582 319 1829 393; x_wconf 80' lang='lat' dir='ltr'>XXXV,</span> <span class='ocrx_word' id='word_1_3' title='bbox 1877 318 2151 380; x_wconf 76' lang='lat' dir='ltr'><strong>SECTIO</strong></span> <span class='ocrx_word' id='word_1_4' title='bbox 2192 319 2293 380; x_wconf 90' lang='lat' dir='ltr'>lll.</span> 
     </span>
    </p>
   </div>
   <div class='ocr_carea' id='block_1_2' title="bbox 124 496 1640 2711">
    <p class='ocr_par' dir='ltr' id='par_1_2' title="bbox 124 496 1640 2711">
     <span class='ocr_line' id='line_1_2' title="bbox 138 496 1634 573; baseline -0.002 -15"><span class='ocrx_word' id='word_1_5' title='bbox 138 499 443 560; x_wconf 68' lang='lat' dir='ltr'><strong>sceleribus</strong></span> <span class='ocrx_word' id='word_1_6' title='bbox 471 498 751 559; x_wconf 88' lang='lat' dir='ltr'>turbabit</span> <span class='ocrx_word' id='word_1_7' title='bbox 771 497 1117 559; x_wconf 57' lang='lat' dir='ltr'>Ecciesiam</span> <span class='ocrx_word' id='word_1_8' title='bbox 1151 497 1282 573; x_wconf 89' lang='lat' dir='ltr'>Dei,</span> <span class='ocrx_word' id='word_1_9' title='bbox 1316 501 1381 556; x_wconf 89' lang='lat' dir='ltr'>et</span> <span class='ocrx_word' id='word_1_10' title='bbox 1405 496 1634 557; x_wconf 83' lang='lat' dir='ltr'>sortas-</span> 
     </span>
     <span class='ocr_line' id='line_1_3' title="bbox 136 589 1629 668; baseline -0.003 -16"><span class='ocrx_word' id='word_1_11' title='bbox 136 614 189 652; x_wconf 80' lang='lat' dir='ltr'>se</span> <span class='ocrx_word' id='word_1_12' title='bbox 216 592 485 652; x_wconf 82' lang='lat' dir='ltr'>haeresim</span> <span class='ocrx_word' id='word_1_13' title='bbox 514 590 868 651; x_wconf 77' lang='lat' dir='ltr'><strong>introducet</strong></span> <span class='ocrx_word' id='word_1_14' title='bbox 921 591 984 649; x_wconf 91' lang='lat' dir='ltr'>in</span> <span class='ocrx_word' id='word_1_15' title='bbox 1016 589 1427 668; x_wconf 63' lang='lat' dir='ltr'>provinciam,</span> <span class='ocrx_word' id='word_1_16' title='bbox 1462 589 1524 648; x_wconf 90' lang='lat' dir='ltr'>in</span> <span class='ocrx_word' id='word_1_17' title='bbox 1557 607 1629 648; x_wconf 91' lang='lat' dir='ltr'>eo</span> 
     </span>
     <span class='ocr_line' id='line_1_4' title="bbox 136 681 1633 762; baseline -0.005 -16"><span class='ocrx_word' id='word_1_18' title='bbox 136 706 261 746; x_wconf 82' lang='lat' dir='ltr'>casu</span> <span class='ocrx_word' id='word_1_19' title='bbox 289 684 514 745; x_wconf 76' lang='lat' dir='ltr'>utiliter</span> <span class='ocrx_word' id='word_1_20' title='bbox 537 702 689 762; x_wconf 88' lang='lat' dir='ltr'>gero</span> <span class='ocrx_word' id='word_1_21' title='bbox 721 684 1041 761; x_wconf 74' lang='lat' dir='ltr'>negotium</span> <span class='ocrx_word' id='word_1_22' title='bbox 1071 681 1385 754; x_wconf 68' lang='lat' dir='ltr'>Ecclesiae,</span> <span class='ocrx_word' id='word_1_23' title='bbox 1431 682 1486 741; x_wconf 91' lang='lat' dir='ltr'>si</span> <span class='ocrx_word' id='word_1_24' title='bbox 1523 681 1633 741; x_wconf 89' lang='lat' dir='ltr'>eli-</span> 
     </span>
     <span class='ocr_line' id='line_1_5' title="bbox 132 772 1634 858; baseline -0.004 -19"><span class='ocrx_word' id='word_1_25' title='bbox 132 798 258 858; x_wconf 86' lang='lat' dir='ltr'>gam</span> <span class='ocrx_word' id='word_1_26' title='bbox 285 778 482 837; x_wconf 88' lang='lat' dir='ltr'>minus</span> <span class='ocrx_word' id='word_1_27' title='bbox 501 777 787 855; x_wconf 87' lang='lat' dir='ltr'>dignum,</span> <span class='ocrx_word' id='word_1_28' title='bbox 821 782 884 837; x_wconf 91' lang='lat' dir='ltr'>et</span> <span class='ocrx_word' id='word_1_29' title='bbox 921 793 1046 834; x_wconf 91' lang='lat' dir='ltr'>non</span> <span class='ocrx_word' id='word_1_30' title='bbox 1103 774 1386 851; x_wconf 88' lang='lat' dir='ltr'>dignum,</span> <span class='ocrx_word' id='word_1_31' title='bbox 1421 777 1490 834; x_wconf 88' lang='lat' dir='ltr'>ut</span> <span class='ocrx_word' id='word_1_32' title='bbox 1516 772 1634 833; x_wconf 85' lang='lat' dir='ltr'>im-</span> 
     </span>
     <span class='ocr_line' id='line_1_6' title="bbox 133 865 1633 950; baseline -0.004 -20"><span class='ocrx_word' id='word_1_33' title='bbox 133 871 353 950; x_wconf 81' lang='lat' dir='ltr'>pediam</span> <span class='ocrx_word' id='word_1_34' title='bbox 381 868 750 929; x_wconf 82' lang='lat' dir='ltr'>electionem</span> <span class='ocrx_word' id='word_1_35' title='bbox 777 866 1197 945; x_wconf 84' lang='lat' dir='ltr'>indignissimi</span> <span class='ocrx_word' id='word_1_36' title='bbox 1231 871 1293 926; x_wconf 88' lang='lat' dir='ltr'>e&#39;t</span> <span class='ocrx_word' id='word_1_37' title='bbox 1324 865 1633 943; x_wconf 90' lang='lat' dir='ltr'>pernicio-</span> 
     </span>
     <span class='ocr_line' id='line_1_7' title="bbox 132 957 1632 1039; baseline -0.004 -17"><span class='ocrx_word' id='word_1_38' title='bbox 132 962 329 1023; x_wconf 87' lang='lat' dir='ltr'>sissimi</span> <span class='ocrx_word' id='word_1_39' title='bbox 355 960 627 1039; x_wconf 90' lang='lat' dir='ltr'>alioquin</span> <span class='ocrx_word' id='word_1_40' title='bbox 647 963 816 1020; x_wconf 89' lang='lat' dir='ltr'>certo</span> <span class='ocrx_word' id='word_1_41' title='bbox 840 958 1194 1019; x_wconf 79' lang='lat' dir='ltr'>taciendam</span> <span class='ocrx_word' id='word_1_42' title='bbox 1223 976 1368 1018; x_wconf 91' lang='lat' dir='ltr'>cum</span> <span class='ocrx_word' id='word_1_43' title='bbox 1396 957 1632 1036; x_wconf 82' lang='lat' dir='ltr'>gravis·</span> 
     </span>
     <span class='ocr_line' id='line_1_8' title="bbox 132 1049 1633 1128; baseline -0.004 -13"><span class='ocrx_word' id='word_1_44' title='bbox 132 1056 267 1115; x_wconf 90' lang='lat' dir='ltr'>simo</span> <span class='ocrx_word' id='word_1_45' title='bbox 295 1053 581 1114; x_wconf 72' lang='lat' dir='ltr'>Ecclesiae</span> <span class='ocrx_word' id='word_1_46' title='bbox 612 1053 870 1114; x_wconf 82' lang='lat' dir='ltr'>damno,</span> <span class='ocrx_word' id='word_1_47' title='bbox 901 1054 1081 1126; x_wconf 88' lang='lat' dir='ltr'>Nam,</span> <span class='ocrx_word' id='word_1_48' title='bbox 1141 1050 1290 1111; x_wconf 92' lang='lat' dir='ltr'>licet</span> <span class='ocrx_word' id='word_1_49' title='bbox 1338 1049 1633 1128; x_wconf 86' lang='lat' dir='ltr'>indiguus</span> 
     </span>
     <span class='ocr_line' id='line_1_9' title="bbox 134 1142 1632 1226; baseline -0.004 -19"><span class='ocrx_word' id='word_1_50' title='bbox 134 1167 238 1208; x_wconf 89' lang='lat' dir='ltr'>non</span> <span class='ocrx_word' id='word_1_51' title='bbox 259 1147 442 1226; x_wconf 88' lang='lat' dir='ltr'>possit</span> <span class='ocrx_word' id='word_1_52' title='bbox 451 1144 598 1224; x_wconf 84' lang='lat' dir='ltr'>jure</span> <span class='ocrx_word' id='word_1_53' title='bbox 632 1145 777 1223; x_wconf 82' lang='lat' dir='ltr'>eligi</span> <span class='ocrx_word' id='word_1_54' title='bbox 799 1143 1050 1225; x_wconf 90' lang='lat' dir='ltr'>quando</span> <span class='ocrx_word' id='word_1_55' title='bbox 1101 1142 1271 1220; x_wconf 86' lang='lat' dir='ltr'>digni</span> <span class='ocrx_word' id='word_1_56' title='bbox 1303 1142 1632 1203; x_wconf 76' lang='lat' dir='ltr'>inveniun-</span> 
     </span>
     <span class='ocr_line' id='line_1_10' title="bbox 132 1235 1626 1315; baseline -0.004 -15"><span class='ocrx_word' id='word_1_57' title='bbox 132 1247 243 1312; x_wconf 66' lang='grc' dir='ltr'>(ιιι-ς</span> <span class='ocrx_word' id='word_1_58' title='bbox 297 1257 507 1299; x_wconf 90' lang='lat' dir='ltr'>omnes</span> <span class='ocrx_word' id='word_1_59' title='bbox 580 1243 793 1299; x_wconf 88' lang='lat' dir='ltr'>tamen</span> <span class='ocrx_word' id='word_1_60' title='bbox 849 1238 1125 1298; x_wconf 86' lang='lat' dir='ltr'>fatentur</span> <span class='ocrx_word' id='word_1_61' title='bbox 1204 1254 1386 1315; x_wconf 89' lang='lat' dir='ltr'>posse</span> <span class='ocrx_word' id='word_1_62' title='bbox 1461 1235 1626 1313; x_wconf 82' lang='lat' dir='ltr'>eligi,</span> 
     </span>
     <span class='ocr_line' id='line_1_11' title="bbox 130 1329 1630 1412; baseline -0.003 -20"><span class='ocrx_word' id='word_1_63' title='bbox 130 1333 355 1412; x_wconf 86' lang='lat' dir='ltr'>quando</span> <span class='ocrx_word' id='word_1_64' title='bbox 385 1332 614 1410; x_wconf 89' lang='lat' dir='ltr'>dignus</span> <span class='ocrx_word' id='word_1_65' title='bbox 642 1348 766 1391; x_wconf 91' lang='lat' dir='ltr'>non</span> <span class='ocrx_word' id='word_1_66' title='bbox 799 1333 1005 1410; x_wconf 86' lang='lat' dir='ltr'>potest</span> <span class='ocrx_word' id='word_1_67' title='bbox 1034 1329 1274 1405; x_wconf 87' lang='lat' dir='ltr'>haberi,</span> <span class='ocrx_word' id='word_1_68' title='bbox 1311 1332 1381 1390; x_wconf 91' lang='lat' dir='ltr'>ut</span> <span class='ocrx_word' id='word_1_69' title='bbox 1435 1346 1630 1408; x_wconf 87' lang='lat' dir='ltr'>supra</span> 
     </span>
     <span class='ocr_line' id='line_1_12' title="bbox 130 1421 1633 1501; baseline -0.002 -16"><span class='ocrx_word' id='word_1_70' title='bbox 130 1426 369 1485; x_wconf 80' lang='lat' dir='ltr'>vidimus</span> <span class='ocrx_word' id='word_1_71' title='bbox 398 1424 698 1501; x_wconf 87' lang='lat' dir='ltr'>disputat,</span> <span class='ocrx_word' id='word_1_72' title='bbox 750 1422 1023 1501; x_wconf 68' lang='lat' dir='ltr'>praeced,</span> <span class='ocrx_word' id='word_1_73' title='bbox 1056 1425 1207 1482; x_wconf 87' lang='lat' dir='ltr'>sect.</span> <span class='ocrx_word' id='word_1_74' title='bbox 1260 1438 1302 1481; x_wconf 84' lang='lat'>1.</span> <span class='ocrx_word' id='word_1_75' title='bbox 1357 1426 1420 1481; x_wconf 93' lang='lat' dir='ltr'>et</span> <span class='ocrx_word' id='word_1_76' title='bbox 1449 1421 1633 1482; x_wconf 88' lang='lat' dir='ltr'>docet</span> 
     </span>
     <span class='ocr_line' id='line_1_13' title="bbox 130 1516 1631 1578; baseline -0.003 0"><span class='ocrx_word' id='word_1_77' title='bbox 130 1521 275 1578; x_wconf 87' lang='lat' dir='ltr'>Less.</span> <span class='ocrx_word' id='word_1_78' title='bbox 308 1516 452 1578; x_wconf 90' lang='lat' dir='ltr'>dub.</span> <span class='ocrx_word' id='word_1_79' title='bbox 484 1533 600 1577; x_wconf 77' lang='lat' dir='ltr'>xli.</span> <span class='ocrx_word' id='word_1_80' title='bbox 624 1535 732 1576; x_wconf 79' lang='lat' dir='ltr'>nu,</span> <span class='ocrx_word' id='word_1_81' title='bbox 765 1518 866 1576; x_wconf 79' lang='lat'>55.</span> <span class='ocrx_word' id='word_1_82' title='bbox 900 1517 967 1575; x_wconf 91' lang='lat' dir='ltr'>In</span> <span class='ocrx_word' id='word_1_83' title='bbox 999 1518 1210 1576; x_wconf 88' lang='lat' dir='ltr'>nostro</span> <span class='ocrx_word' id='word_1_84' title='bbox 1242 1517 1452 1574; x_wconf 87' lang='lat' dir='ltr'>autem</span> <span class='ocrx_word' id='word_1_85' title='bbox 1483 1531 1631 1574; x_wconf 88' lang='lat' dir='ltr'>casu</span> 
     </span>
     <span class='ocr_line' id='line_1_14' title="bbox 132 1606 1632 1686; baseline -0.005 -15"><span class='ocrx_word' id='word_1_86' title='bbox 132 1631 237 1671; x_wconf 89' lang='lat' dir='ltr'>non</span> <span class='ocrx_word' id='word_1_87' title='bbox 262 1609 576 1670; x_wconf 76' lang='lat' dir='ltr'>invenitur</span> <span class='ocrx_word' id='word_1_88' title='bbox 602 1608 831 1686; x_wconf 84' lang='lat' dir='ltr'>dignus</span> <span class='ocrx_word' id='word_1_89' title='bbox 861 1607 967 1686; x_wconf 89' lang='lat' dir='ltr'>qui</span> <span class='ocrx_word' id='word_1_90' title='bbox 1014 1606 1161 1684; x_wconf 87' lang='lat' dir='ltr'>eligi</span> <span class='ocrx_word' id='word_1_91' title='bbox 1216 1606 1448 1684; x_wconf 83' lang='lat' dir='ltr'>possit:</span> <span class='ocrx_word' id='word_1_92' title='bbox 1486 1623 1632 1665; x_wconf 86' lang='lat' dir='ltr'>nam</span> 
     </span>
     <span class='ocr_line' id='line_1_15' title="bbox 129 1699 1630 1779; baseline -0.003 -16"><span class='ocrx_word' id='word_1_93' title='bbox 129 1705 252 1765; x_wconf 86' lang='lat' dir='ltr'>licet</span> <span class='ocrx_word' id='word_1_94' title='bbox 277 1703 432 1764; x_wconf 88' lang='lat' dir='ltr'>adsit</span> <span class='ocrx_word' id='word_1_95' title='bbox 485 1720 649 1762; x_wconf 90' lang='lat' dir='ltr'>unus</span> <span class='ocrx_word' id='word_1_96' title='bbox 706 1700 932 1779; x_wconf 89' lang='lat' dir='ltr'>dignus</span> <span class='ocrx_word' id='word_1_97' title='bbox 959 1719 973 1771; x_wconf 77' lang='grc' dir='ltr'><strong>ς</strong></span> <span class='ocrx_word' id='word_1_98' title='bbox 1035 1699 1358 1777; x_wconf 88' lang='lat' dir='ltr'>supposito</span> <span class='ocrx_word' id='word_1_99' title='bbox 1414 1702 1630 1759; x_wconf 91' lang='lat' dir='ltr'>tamen</span> 
     </span>
     <span class='ocr_line' id='line_1_16' title="bbox 129 1791 1629 1876; baseline -0.004 -20"><span class='ocrx_word' id='word_1_100' title='bbox 129 1796 273 1876; x_wconf 88' lang='lat' dir='ltr'>quod</span> <span class='ocrx_word' id='word_1_101' title='bbox 301 1795 401 1855; x_wconf 90' lang='lat' dir='ltr'>alii</span> <span class='ocrx_word' id='word_1_102' title='bbox 428 1813 578 1855; x_wconf 91' lang='lat' dir='ltr'>eum</span> <span class='ocrx_word' id='word_1_103' title='bbox 606 1793 848 1865; x_wconf 88' lang='lat' dir='ltr'>nolunt,</span> <span class='ocrx_word' id='word_1_104' title='bbox 883 1791 1145 1871; x_wconf 89' lang='lat' dir='ltr'>perinde</span> <span class='ocrx_word' id='word_1_105' title='bbox 1175 1797 1269 1851; x_wconf 90' lang='lat' dir='ltr'>est</span> <span class='ocrx_word' id='word_1_106' title='bbox 1298 1809 1371 1852; x_wconf 87' lang='lat' dir='ltr'>ac</span> <span class='ocrx_word' id='word_1_107' title='bbox 1404 1791 1456 1850; x_wconf 92' lang='lat' dir='ltr'>si</span> <span class='ocrx_word' id='word_1_108' title='bbox 1507 1809 1629 1852; x_wconf 91' lang='lat' dir='ltr'>non</span> 
     </span>
     <span class='ocr_line' id='line_1_17' title="bbox 129 1884 1632 1964; baseline -0.005 -15"><span class='ocrx_word' id='word_1_109' title='bbox 129 1893 299 1964; x_wconf 87' lang='lat' dir='ltr'>esset,</span> <span class='ocrx_word' id='word_1_110' title='bbox 339 1906 481 1948; x_wconf 92' lang='lat' dir='ltr'>cum</span> <span class='ocrx_word' id='word_1_111' title='bbox 531 1887 755 1948; x_wconf 87' lang='lat' dir='ltr'>saltem</span> <span class='ocrx_word' id='word_1_112' title='bbox 784 1905 859 1945; x_wconf 83' lang='lat' dir='ltr'>ex</span> <span class='ocrx_word' id='word_1_113' title='bbox 902 1885 1166 1946; x_wconf 89' lang='lat' dir='ltr'>aliorum</span> <span class='ocrx_word' id='word_1_114' title='bbox 1215 1884 1452 1945; x_wconf 86' lang='lat' dir='ltr'>malitia</span> <span class='ocrx_word' id='word_1_115' title='bbox 1508 1902 1632 1944; x_wconf 91' lang='lat' dir='ltr'>non</span> 
     </span>
     <span class='ocr_line' id='line_1_18' title="bbox 126 1976 1636 2059; baseline -0.004 -19"><span class='ocrx_word' id='word_1_116' title='bbox 126 1982 451 2059; x_wconf 83' lang='lat' dir='ltr'>recipiatur.</span> <span class='ocrx_word' id='word_1_117' title='bbox 506 1982 667 2040; x_wconf 87' lang='lat' dir='ltr'>Nam</span> <span class='ocrx_word' id='word_1_118' title='bbox 695 1979 759 2038; x_wconf 91' lang='lat' dir='ltr'>in</span> <span class='ocrx_word' id='word_1_119' title='bbox 788 1997 937 2039; x_wconf 88' lang='lat' dir='ltr'>casu</span> <span class='ocrx_word' id='word_1_120' title='bbox 980 1976 1164 2037; x_wconf 87' lang='lat' dir='ltr'>simili</span> <span class='ocrx_word' id='word_1_121' title='bbox 1195 1976 1373 2055; x_wconf 91' lang='lat' dir='ltr'>ponit</span> <span class='ocrx_word' id='word_1_122' title='bbox 1431 1994 1636 2036; x_wconf 84' lang='lat' dir='ltr'>exem-</span> 
     </span>
     <span class='ocr_line' id='line_1_19' title="bbox 128 2069 1630 2152; baseline -0.003 -18"><span class='ocrx_word' id='word_1_123' title='bbox 128 2074 275 2152; x_wconf 90' lang='lat' dir='ltr'>plum</span> <span class='ocrx_word' id='word_1_124' title='bbox 292 2074 640 2148; x_wconf 84' lang='lat' dir='ltr'>LessiuS,ut</span> <span class='ocrx_word' id='word_1_125' title='bbox 661 2070 857 2150; x_wconf 78' lang='lat' dir='ltr'>possit</span> <span class='ocrx_word' id='word_1_126' title='bbox 880 2070 1028 2148; x_wconf 83' lang='lat' dir='ltr'>eligi</span> <span class='ocrx_word' id='word_1_127' title='bbox 1055 2069 1630 2149; x_wconf 85' lang='lat' dir='ltr'>indignus,nempe,</span> 
     </span>
     <span class='ocr_line' id='line_1_20' title="bbox 127 2162 1636 2245; baseline -0.004 -18"><span class='ocrx_word' id='word_1_128' title='bbox 127 2167 350 2245; x_wconf 87' lang='lat' dir='ltr'>quando</span> <span class='ocrx_word' id='word_1_129' title='bbox 380 2166 533 2226; x_wconf 90' lang='lat' dir='ltr'>licet</span> <span class='ocrx_word' id='word_1_130' title='bbox 560 2164 737 2243; x_wconf 88' lang='lat' dir='ltr'>digni</span> <span class='ocrx_word' id='word_1_131' title='bbox 788 2162 1209 2238; x_wconf 81' lang='lat' dir='ltr'>inveniantur,</span> <span class='ocrx_word' id='word_1_132' title='bbox 1244 2181 1370 2223; x_wconf 91' lang='lat' dir='ltr'>non</span> <span class='ocrx_word' id='word_1_133' title='bbox 1417 2167 1636 2224; x_wconf 89' lang='lat' dir='ltr'>tamen</span> 
     </span>
     <span class='ocr_line' id='line_1_21' title="bbox 128 2255 1636 2335; baseline -0.003 -17"><span class='ocrx_word' id='word_1_134' title='bbox 128 2261 555 2321; x_wconf 87' lang='lat' dir='ltr'>admittuntur.</span> <span class='ocrx_word' id='word_1_135' title='bbox 605 2258 779 2319; x_wconf 88' lang='lat' dir='ltr'>Sicut</span> <span class='ocrx_word' id='word_1_136' title='bbox 824 2256 1137 2318; x_wconf 84' lang='lat' dir='ltr'>interdum</span> <span class='ocrx_word' id='word_1_137' title='bbox 1168 2256 1414 2335; x_wconf 89' lang='lat' dir='ltr'>(inquit)</span> <span class='ocrx_word' id='word_1_138' title='bbox 1461 2257 1532 2317; x_wconf 81' lang='lat' dir='ltr'>fit</span> <span class='ocrx_word' id='word_1_139' title='bbox 1575 2255 1636 2314; x_wconf 89' lang='lat' dir='ltr'>in</span> 
     </span>
     <span class='ocr_line' id='line_1_22' title="bbox 132 2349 1640 2433; baseline -0.002 -21"><span class='ocrx_word' id='word_1_140' title='bbox 132 2353 266 2414; x_wconf 88' lang='lat' dir='ltr'>locis</span> <span class='ocrx_word' id='word_1_141' title='bbox 287 2350 905 2433; x_wconf 83' lang='lat' dir='ltr'>septentrionalibus.</span> <span class='ocrx_word' id='word_1_142' title='bbox 940 2371 968 2406; x_wconf 92' lang='lat'>»</span> <span class='ocrx_word' id='word_1_143' title='bbox 1009 2351 1163 2411; x_wconf 90' lang='lat' dir='ltr'>Cum</span> <span class='ocrx_word' id='word_1_144' title='bbox 1201 2366 1351 2427; x_wconf 87' lang='lat' dir='ltr'>ergo</span> <span class='ocrx_word' id='word_1_145' title='bbox 1379 2349 1444 2409; x_wconf 91' lang='lat' dir='ltr'>in</span> <span class='ocrx_word' id='word_1_146' title='bbox 1489 2367 1640 2409; x_wconf 91' lang='lat' dir='ltr'>casu</span> 
     </span>
     <span class='ocr_line' id='line_1_23' title="bbox 124 2442 1639 2525; baseline -0.003 -19"><span class='ocrx_word' id='word_1_147' title='bbox 124 2451 312 2508; x_wconf 86' lang='lat' dir='ltr'>nostro</span> <span class='ocrx_word' id='word_1_148' title='bbox 339 2446 575 2525; x_wconf 88' lang='lat' dir='ltr'>dignus</span> <span class='ocrx_word' id='word_1_149' title='bbox 603 2463 727 2505; x_wconf 91' lang='lat' dir='ltr'>non</span> <span class='ocrx_word' id='word_1_150' title='bbox 758 2442 1102 2521; x_wconf 82' lang='lat' dir='ltr'>recipiatur</span> <span class='ocrx_word' id='word_1_151' title='bbox 1131 2443 1210 2503; x_wconf 91' lang='lat' dir='ltr'>ab</span> <span class='ocrx_word' id='word_1_152' title='bbox 1241 2442 1379 2503; x_wconf 88' lang='lat' dir='ltr'>aliis</span> <span class='ocrx_word' id='word_1_153' title='bbox 1409 2442 1639 2503; x_wconf 90' lang='lat' dir='ltr'>electo-</span> 
     </span>
     <span class='ocr_line' id='line_1_24' title="bbox 124 2535 1640 2619; baseline -0.003 -20"><span class='ocrx_word' id='word_1_154' title='bbox 124 2541 292 2616; x_wconf 78' lang='lat' dir='ltr'>ribuS,</span> <span class='ocrx_word' id='word_1_155' title='bbox 322 2537 590 2619; x_wconf 88' lang='lat' dir='ltr'>perinde</span> <span class='ocrx_word' id='word_1_156' title='bbox 607 2541 702 2598; x_wconf 89' lang='lat' dir='ltr'>est</span> <span class='ocrx_word' id='word_1_157' title='bbox 752 2535 910 2596; x_wconf 90' lang='lat' dir='ltr'>mihi</span> <span class='ocrx_word' id='word_1_158' title='bbox 965 2553 1038 2595; x_wconf 89' lang='lat' dir='ltr'>ac</span> <span class='ocrx_word' id='word_1_159' title='bbox 1066 2535 1119 2595; x_wconf 90' lang='lat' dir='ltr'>si</span> <span class='ocrx_word' id='word_1_160' title='bbox 1169 2553 1294 2596; x_wconf 92' lang='lat' dir='ltr'>non</span> <span class='ocrx_word' id='word_1_161' title='bbox 1328 2539 1516 2611; x_wconf 88' lang='lat' dir='ltr'>esset,</span> <span class='ocrx_word' id='word_1_162' title='bbox 1576 2540 1640 2595; x_wconf 92' lang='lat' dir='ltr'>et</span> 
     </span>
     <span class='ocr_line' id='line_1_25' title="bbox 124 2627 1640 2711; baseline -0.003 -20"><span class='ocrx_word' id='word_1_163' title='bbox 124 2651 223 2711; x_wconf 90' lang='lat' dir='ltr'>per</span> <span class='ocrx_word' id='word_1_164' title='bbox 246 2649 643 2711; x_wconf 89' lang='lat' dir='ltr'>consequens</span> <span class='ocrx_word' id='word_1_165' title='bbox 673 2629 750 2688; x_wconf 91' lang='lat' dir='ltr'>ad</span> <span class='ocrx_word' id='word_1_166' title='bbox 806 2627 1068 2690; x_wconf 81' lang='lat' dir='ltr'>vitanda</span> <span class='ocrx_word' id='word_1_167' title='bbox 1097 2627 1341 2708; x_wconf 87' lang='lat' dir='ltr'>majora</span> <span class='ocrx_word' id='word_1_168' title='bbox 1369 2628 1536 2688; x_wconf 89' lang='lat' dir='ltr'>mala</span> <span class='ocrx_word' id='word_1_169' title='bbox 1564 2647 1640 2687; x_wconf 87' lang='lat' dir='ltr'>ex</span> 
     </span>
    </p>
   </div>
   <div class='ocr_carea' id='block_1_3' title="bbox 125 2720 1661 2803">
    <p class='ocr_par' dir='ltr' id='par_1_3' title="bbox 125 2720 1661 2803">
     <span class='ocr_line' id='line_1_26' title="bbox 125 2720 1661 2803; baseline -0.004 -18"><span class='ocrx_word' id='word_1_170' title='bbox 125 2726 399 2786; x_wconf 85' lang='lat' dir='ltr'>electione</span> <span class='ocrx_word' id='word_1_171' title='bbox 436 2720 862 2803; x_wconf 84' lang='lat' dir='ltr'>indignissimi</span> <span class='ocrx_word' id='word_1_172' title='bbox 894 2725 1110 2799; x_wconf 90' lang='lat' dir='ltr'>potero</span> <span class='ocrx_word' id='word_1_173' title='bbox 1159 2739 1532 2782; x_wconf 90' lang='lat' dir='ltr'>concurrere</span> <span class='ocrx_word' id='word_1_174' title='bbox 1561 2720 1661 2803; x_wconf 35' lang='lat' dir='ltr'>ad·</span> 
     </span>
    </p>
   </div>
   <div class='ocr_carea' id='block_1_4' title="bbox 121 2813 1657 5593">
    <p class='ocr_par' dir='ltr' id='par_1_4' title="bbox 121 2813 1651 3715">
     <span class='ocr_line' id='line_1_27' title="bbox 123 2813 1639 2894; baseline -0.002 -19"><span class='ocrx_word' id='word_1_175' title='bbox 123 2817 470 2878; x_wconf 82' lang='lat' dir='ltr'>electionem</span> <span class='ocrx_word' id='word_1_176' title='bbox 516 2815 800 2894; x_wconf 85' lang='lat' dir='ltr'>indigni;</span> <span class='ocrx_word' id='word_1_177' title='bbox 835 2832 1039 2893; x_wconf 90' lang='lat' dir='ltr'>neque</span> <span class='ocrx_word' id='word_1_178' title='bbox 1089 2813 1209 2875; x_wconf 91' lang='lat' dir='ltr'>hoc</span> <span class='ocrx_word' id='word_1_179' title='bbox 1265 2813 1382 2875; x_wconf 88' lang='lat' dir='ltr'>erit</span> <span class='ocrx_word' id='word_1_180' title='bbox 1429 2813 1639 2873; x_wconf 86' lang='lat' dir='ltr'>facere</span> 
     </span>
     <span class='ocr_line' id='line_1_28' title="bbox 123 2907 1646 2988; baseline -0.001 -20"><span class='ocrx_word' id='word_1_181' title='bbox 123 2911 270 2970; x_wconf 87' lang='lat' dir='ltr'>mala</span> <span class='ocrx_word' id='word_1_182' title='bbox 295 2915 364 2972; x_wconf 90' lang='lat' dir='ltr'>ut</span> <span class='ocrx_word' id='word_1_183' title='bbox 391 2909 546 2969; x_wconf 91' lang='lat' dir='ltr'>inde</span> <span class='ocrx_word' id='word_1_184' title='bbox 604 2912 947 2988; x_wconf 89' lang='lat' dir='ltr'>sequantur</span> <span class='ocrx_word' id='word_1_185' title='bbox 973 2907 1163 2982; x_wconf 91' lang='lat' dir='ltr'>bona,</span> <span class='ocrx_word' id='word_1_186' title='bbox 1198 2907 1346 2985; x_wconf 87' lang='lat' dir='ltr'>quia</span> <span class='ocrx_word' id='word_1_187' title='bbox 1375 2925 1500 2967; x_wconf 89' lang='lat' dir='ltr'>non</span> <span class='ocrx_word' id='word_1_188' title='bbox 1550 2908 1646 2966; x_wconf 89' lang='lat' dir='ltr'>est</span> 
     </span>
     <span class='ocr_line' id='line_1_29' title="bbox 123 2997 1643 3078; baseline -0.003 -17"><span class='ocrx_word' id='word_1_189' title='bbox 123 3003 358 3078; x_wconf 86' lang='lat' dir='ltr'>malum,</span> <span class='ocrx_word' id='word_1_190' title='bbox 391 3002 509 3063; x_wconf 91' lang='lat' dir='ltr'>sed</span> <span class='ocrx_word' id='word_1_191' title='bbox 542 3001 777 3062; x_wconf 92' lang='lat' dir='ltr'>bonum</span> <span class='ocrx_word' id='word_1_192' title='bbox 808 3005 871 3061; x_wconf 88' lang='lat' dir='ltr'>ct</span> <span class='ocrx_word' id='word_1_193' title='bbox 888 3000 1035 3060; x_wconf 90' lang='lat' dir='ltr'>utile</span> <span class='ocrx_word' id='word_1_194' title='bbox 1063 2999 1362 3059; x_wconf 67' lang='lat' dir='ltr'>Ecclesiae</span> <span class='ocrx_word' id='word_1_195' title='bbox 1409 2997 1643 3058; x_wconf 89' lang='lat' dir='ltr'>habere</span> 
     </span>
     <span class='ocr_line' id='line_1_30' title="bbox 122 3091 1645 3172; baseline -0.004 -17"><span class='ocrx_word' id='word_1_196' title='bbox 122 3096 457 3157; x_wconf 85' lang='lat' dir='ltr'>ministrum</span> <span class='ocrx_word' id='word_1_197' title='bbox 489 3093 843 3172; x_wconf 86' lang='lat' dir='ltr'>indignum,</span> <span class='ocrx_word' id='word_1_198' title='bbox 871 3092 1124 3172; x_wconf 88' lang='lat' dir='ltr'>quando</span> <span class='ocrx_word' id='word_1_199' title='bbox 1153 3109 1276 3152; x_wconf 92' lang='lat' dir='ltr'>non</span> <span class='ocrx_word' id='word_1_200' title='bbox 1305 3095 1510 3171; x_wconf 88' lang='lat' dir='ltr'>potest</span> <span class='ocrx_word' id='word_1_201' title='bbox 1538 3091 1645 3150; x_wconf 84' lang='lat' dir='ltr'>ha-</span> 
     </span>
     <span class='ocr_line' id='line_1_31' title="bbox 122 3184 1647 3270; baseline -0.003 -22"><span class='ocrx_word' id='word_1_202' title='bbox 122 3187 255 3250; x_wconf 89' lang='lat' dir='ltr'>bere</span> <span class='ocrx_word' id='word_1_203' title='bbox 281 3190 574 3270; x_wconf 84' lang='lat' dir='ltr'>dignum,</span> <span class='ocrx_word' id='word_1_204' title='bbox 592 3186 704 3248; x_wconf 89' lang='lat' dir='ltr'>sed</span> <span class='ocrx_word' id='word_1_205' title='bbox 733 3186 938 3265; x_wconf 88' lang='lat' dir='ltr'>potius</span> <span class='ocrx_word' id='word_1_206' title='bbox 968 3185 1229 3248; x_wconf 89' lang='lat' dir='ltr'>haberet</span> <span class='ocrx_word' id='word_1_207' title='bbox 1257 3191 1426 3247; x_wconf 90' lang='lat' dir='ltr'>certo</span> <span class='ocrx_word' id='word_1_208' title='bbox 1456 3184 1647 3245; x_wconf 88' lang='lat' dir='ltr'>alium</span> 
     </span>
     <span class='ocr_line' id='line_1_32' title="bbox 122 3277 1647 3361; baseline -0.003 -21"><span class='ocrx_word' id='word_1_209' title='bbox 122 3283 298 3343; x_wconf 84' lang='lat' dir='ltr'>multo</span> <span class='ocrx_word' id='word_1_210' title='bbox 326 3281 540 3361; x_wconf 85' lang='lat' dir='ltr'>magis</span> <span class='ocrx_word' id='word_1_211' title='bbox 581 3279 1023 3358; x_wconf 86' lang='lat' dir='ltr'>perniciosum.</span> <span class='ocrx_word' id='word_1_212' title='bbox 1085 3280 1221 3342; x_wconf 92' lang='lat' dir='ltr'>Non</span> <span class='ocrx_word' id='word_1_213' title='bbox 1267 3277 1450 3340; x_wconf 78' lang='lat' dir='ltr'>video</span> <span class='ocrx_word' id='word_1_214' title='bbox 1498 3295 1647 3355; x_wconf 85' lang='lat' dir='ltr'>ergo</span> 
     </span>
     <span class='ocr_line' id='line_1_33' title="bbox 122 3369 1647 3454; baseline -0.005 -19"><span class='ocrx_word' id='word_1_215' title='bbox 122 3393 220 3435; x_wconf 86' lang='lat' dir='ltr'>cur</span> <span class='ocrx_word' id='word_1_216' title='bbox 258 3373 550 3454; x_wconf 66' lang='lat' dir='ltr'>praedicti</span> <span class='ocrx_word' id='word_1_217' title='bbox 595 3372 882 3433; x_wconf 90' lang='lat' dir='ltr'>doctores</span> <span class='ocrx_word' id='word_1_218' title='bbox 927 3371 1015 3431; x_wconf 88' lang='lat' dir='ltr'>ita</span> <span class='ocrx_word' id='word_1_219' title='bbox 1061 3369 1494 3430; x_wconf 83' lang='lat' dir='ltr'>universaliter</span> <span class='ocrx_word' id='word_1_220' title='bbox 1543 3387 1647 3428; x_wconf 91' lang='lat' dir='ltr'>ne-</span> 
     </span>
     <span class='ocr_line' id='line_1_34' title="bbox 121 3461 1648 3545; baseline -0.005 -18"><span class='ocrx_word' id='word_1_221' title='bbox 121 3468 427 3545; x_wconf 77' lang='lat' dir='ltr'>gaverint,</span> <span class='ocrx_word' id='word_1_222' title='bbox 491 3483 677 3545; x_wconf 87' lang='lat' dir='ltr'>posse</span> <span class='ocrx_word' id='word_1_223' title='bbox 724 3462 850 3523; x_wconf 93' lang='lat' dir='ltr'>ullo</span> <span class='ocrx_word' id='word_1_224' title='bbox 897 3480 1047 3523; x_wconf 89' lang='lat' dir='ltr'>casu</span> <span class='ocrx_word' id='word_1_225' title='bbox 1093 3462 1232 3523; x_wconf 87' lang='lat' dir='ltr'>dari</span> <span class='ocrx_word' id='word_1_226' title='bbox 1281 3461 1648 3539; x_wconf 80' lang='lat' dir='ltr'>suffragium</span> 
     </span>
     <span class='ocr_line' id='line_1_35' title="bbox 122 3553 1651 3639; baseline -0.004 -20"><span class='ocrx_word' id='word_1_227' title='bbox 122 3560 359 3639; x_wconf 84' lang='lat' dir='ltr'>indigno</span> <span class='ocrx_word' id='word_1_228' title='bbox 389 3559 474 3620; x_wconf 90' lang='lat' dir='ltr'>ad</span> <span class='ocrx_word' id='word_1_229' title='bbox 504 3556 831 3618; x_wconf 86' lang='lat' dir='ltr'>vitandam</span> <span class='ocrx_word' id='word_1_230' title='bbox 879 3555 1248 3617; x_wconf 88' lang='lat' dir='ltr'>electionem</span> <span class='ocrx_word' id='word_1_231' title='bbox 1293 3553 1651 3632; x_wconf 83' lang='lat' dir='ltr'>indignissi-</span> 
     </span>
     <span class='ocr_line' id='line_1_36' title="bbox 122 3672 215 3715; baseline 0.043 -5"><span class='ocrx_word' id='word_1_232' title='bbox 122 3672 215 3715; x_wconf 83' lang='lat' dir='ltr'>mi.</span> 
     </span>
    </p>

    <p class='ocr_par' dir='ltr' id='par_1_5' title="bbox 121 3739 1657 5593">
     <span class='ocr_line' id='line_1_37' title="bbox 188 3739 1652 3819; baseline -0.005 -12"><span class='ocrx_word' id='word_1_233' title='bbox 188 3745 582 3807; x_wconf 80' lang='lat' dir='ltr'>Conveniunt</span> <span class='ocrx_word' id='word_1_234' title='bbox 607 3742 756 3803; x_wconf 86' lang='lat' dir='ltr'>item</span> <span class='ocrx_word' id='word_1_235' title='bbox 782 3740 1220 3816; x_wconf 89' lang='lat' dir='ltr'>communiter,</span> <span class='ocrx_word' id='word_1_236' title='bbox 1255 3740 1423 3819; x_wconf 90' lang='lat' dir='ltr'>quod</span> <span class='ocrx_word' id='word_1_237' title='bbox 1451 3739 1531 3800; x_wconf 88' lang='lat' dir='ltr'>ad</span> <span class='ocrx_word' id='word_1_238' title='bbox 1561 3740 1652 3801; x_wconf 84' lang='lat' dir='ltr'>vi-</span> 
     </span>
     <span class='ocr_line' id='line_1_38' title="bbox 121 3832 1647 3913; baseline -0.005 -13"><span class='ocrx_word' id='word_1_239' title='bbox 121 3839 359 3900; x_wconf 88' lang='lat' dir='ltr'>tandam</span> <span class='ocrx_word' id='word_1_240' title='bbox 389 3837 769 3899; x_wconf 88' lang='lat' dir='ltr'>electionem</span> <span class='ocrx_word' id='word_1_241' title='bbox 795 3834 1040 3913; x_wconf 87' lang='lat' dir='ltr'>indigni</span> <span class='ocrx_word' id='word_1_242' title='bbox 1055 3833 1329 3912; x_wconf 88' lang='lat' dir='ltr'>alioquin</span> <span class='ocrx_word' id='word_1_243' title='bbox 1354 3832 1647 3911; x_wconf 88' lang='lat' dir='ltr'>eligendi,</span> 
     </span>
     <span class='ocr_line' id='line_1_39' title="bbox 122 3925 1654 4010; baseline -0.005 -17"><span class='ocrx_word' id='word_1_244' title='bbox 122 3948 358 4010; x_wconf 86' lang='lat' dir='ltr'>possum</span> <span class='ocrx_word' id='word_1_245' title='bbox 388 3948 632 4010; x_wconf 85' lang='lat' dir='ltr'>negare</span> <span class='ocrx_word' id='word_1_246' title='bbox 658 3927 1027 4005; x_wconf 80' lang='lat' dir='ltr'>suffragium</span> <span class='ocrx_word' id='word_1_247' title='bbox 1058 3926 1346 4004; x_wconf 88' lang='lat' dir='ltr'>digniori,</span> <span class='ocrx_word' id='word_1_248' title='bbox 1370 3926 1472 3985; x_wconf 90' lang='lat' dir='ltr'>cui</span> <span class='ocrx_word' id='word_1_249' title='bbox 1500 3925 1654 3986; x_wconf 88' lang='lat' dir='ltr'>nihil</span> 
     </span>
     <span class='ocr_line' id='line_1_40' title="bbox 121 4017 1648 4104; baseline -0.005 -19"><span class='ocrx_word' id='word_1_250' title='bbox 121 4026 387 4104; x_wconf 86' lang='lat' dir='ltr'>proderit</span> <span class='ocrx_word' id='word_1_251' title='bbox 434 4030 502 4085; x_wconf 90' lang='lat' dir='ltr'>et</span> <span class='ocrx_word' id='word_1_252' title='bbox 558 4022 791 4101; x_wconf 87' lang='lat' dir='ltr'>eligere</span> <span class='ocrx_word' id='word_1_253' title='bbox 822 4020 1081 4098; x_wconf 90' lang='lat' dir='ltr'>dignum</span> <span class='ocrx_word' id='word_1_254' title='bbox 1104 4065 1121 4094; x_wconf 96' lang='lat'>,</span> <span class='ocrx_word' id='word_1_255' title='bbox 1177 4019 1265 4080; x_wconf 89' lang='lat' dir='ltr'>ita</span> <span class='ocrx_word' id='word_1_256' title='bbox 1294 4017 1648 4097; x_wconf 79' lang='lat' dir='ltr'>CajetanuS,</span> 
     </span>
     <span class='ocr_line' id='line_1_41' title="bbox 121 4111 1655 4195; baseline -0.003 -18"><span class='ocrx_word' id='word_1_257' title='bbox 121 4120 312 4195; x_wconf 90' lang='lat' dir='ltr'>Sotus,</span> <span class='ocrx_word' id='word_1_258' title='bbox 346 4115 650 4191; x_wconf 78' lang='lat' dir='ltr'>palatios,</span> <span class='ocrx_word' id='word_1_259' title='bbox 685 4116 985 4190; x_wconf 78' lang='lat' dir='ltr'>Navarra,</span> <span class='ocrx_word' id='word_1_260' title='bbox 1020 4111 1373 4190; x_wconf 89' lang='lat' dir='ltr'>Aragonius</span> <span class='ocrx_word' id='word_1_261' title='bbox 1400 4157 1415 4187; x_wconf 93' lang='lat'>,</span> <span class='ocrx_word' id='word_1_262' title='bbox 1476 4111 1655 4172; x_wconf 90' lang='lat' dir='ltr'>Salo-</span> 
     </span>
     <span class='ocr_line' id='line_1_42' title="bbox 122 4204 1652 4291; baseline -0.003 -22"><span class='ocrx_word' id='word_1_263' title='bbox 122 4210 266 4288; x_wconf 87' lang='lat' dir='ltr'>nius,</span> <span class='ocrx_word' id='word_1_264' title='bbox 300 4227 463 4291; x_wconf 88' lang='lat' dir='ltr'>quos</span> <span class='ocrx_word' id='word_1_265' title='bbox 504 4209 688 4269; x_wconf 83' lang='lat' dir='ltr'>affert</span> <span class='ocrx_word' id='word_1_266' title='bbox 735 4210 799 4268; x_wconf 90' lang='lat' dir='ltr'>et</span> <span class='ocrx_word' id='word_1_267' title='bbox 842 4205 1125 4285; x_wconf 86' lang='lat' dir='ltr'>sequitur</span> <span class='ocrx_word' id='word_1_268' title='bbox 1157 4204 1437 4265; x_wconf 86' lang='lat' dir='ltr'>Senchez</span> <span class='ocrx_word' id='word_1_269' title='bbox 1486 4204 1652 4265; x_wconf 88' lang='lat' dir='ltr'>dicto</span> 
     </span>
     <span class='ocr_line' id='line_1_43' title="bbox 121 4298 1647 4367; baseline -0.002 -5"><span class='ocrx_word' id='word_1_270' title='bbox 121 4304 254 4366; x_wconf 90' lang='lat' dir='ltr'>dub.</span> <span class='ocrx_word' id='word_1_271' title='bbox 289 4322 376 4367; x_wconf 74' lang='grc' dir='ltr'>ιν.</span> <span class='ocrx_word' id='word_1_272' title='bbox 414 4320 597 4364; x_wconf 89' lang='lat' dir='ltr'>num.</span> <span class='ocrx_word' id='word_1_273' title='bbox 618 4304 677 4361; x_wconf 83' lang='lat'>2.</span> <span class='ocrx_word' id='word_1_274' title='bbox 709 4299 959 4361; x_wconf 90' lang='lat' dir='ltr'>Lessius</span> <span class='ocrx_word' id='word_1_275' title='bbox 989 4298 1139 4359; x_wconf 90' lang='lat' dir='ltr'>dub.</span> <span class='ocrx_word' id='word_1_276' title='bbox 1172 4314 1311 4358; x_wconf 85' lang='lat' dir='ltr'>x111.</span> <span class='ocrx_word' id='word_1_277' title='bbox 1349 4315 1521 4359; x_wconf 89' lang='lat' dir='ltr'>num.</span> <span class='ocrx_word' id='word_1_278' title='bbox 1547 4301 1647 4359; x_wconf 89' lang='lat'>60.</span> 
     </span>
     <span class='ocr_line' id='line_1_44' title="bbox 122 4389 1653 4476; baseline -0.005 -19"><span class='ocrx_word' id='word_1_279' title='bbox 122 4399 390 4476; x_wconf 69' lang='lat' dir='ltr'>vasquez</span> <span class='ocrx_word' id='word_1_280' title='bbox 422 4396 597 4457; x_wconf 87' lang='lat' dir='ltr'>dicto</span> <span class='ocrx_word' id='word_1_281' title='bbox 627 4394 683 4472; x_wconf 63' lang='grc' dir='ltr'>ἓ.</span> <span class='ocrx_word' id='word_1_282' title='bbox 721 4394 823 4454; x_wconf 90' lang='lat'>111.</span> <span class='ocrx_word' id='word_1_283' title='bbox 859 4391 1010 4453; x_wconf 93' lang='lat' dir='ltr'>dub.</span> <span class='ocrx_word' id='word_1_284' title='bbox 1047 4408 1141 4452; x_wconf 85' lang='lat'>111.</span> <span class='ocrx_word' id='word_1_285' title='bbox 1175 4390 1517 4452; x_wconf 82' lang='lat' dir='ltr'>Turrianus</span> <span class='ocrx_word' id='word_1_286' title='bbox 1546 4389 1653 4451; x_wconf 92' lang='lat' dir='ltr'>ubi</span> 
     </span>
     <span class='ocr_line' id='line_1_45' title="bbox 121 4482 1648 4567; baseline -0.003 -19"><span class='ocrx_word' id='word_1_287' title='bbox 121 4508 315 4567; x_wconf 85' lang='lat' dir='ltr'>supra.</span> <span class='ocrx_word' id='word_1_288' title='bbox 347 4486 760 4566; x_wconf 86' lang='lat' dir='ltr'>Castropalao</span> <span class='ocrx_word' id='word_1_289' title='bbox 790 4484 958 4546; x_wconf 90' lang='lat' dir='ltr'>dicto</span> <span class='ocrx_word' id='word_1_290' title='bbox 1004 4487 1184 4545; x_wconf 87' lang='lat' dir='ltr'>tract.</span> <span class='ocrx_word' id='word_1_291' title='bbox 1219 4485 1380 4544; x_wconf 87' lang='lat' dir='ltr'><strong>XIII.</strong></span> <span class='ocrx_word' id='word_1_292' title='bbox 1418 4482 1648 4561; x_wconf 89' lang='lat' dir='ltr'>disput.</span> 
     </span>
     <span class='ocr_line' id='line_1_46' title="bbox 121 4577 1655 4662; baseline -0.003 -21"><span class='ocrx_word' id='word_1_293' title='bbox 121 4598 175 4643; x_wconf 81' lang='grc' dir='ltr'>ιι.</span> <span class='ocrx_word' id='word_1_294' title='bbox 208 4590 424 4662; x_wconf 87' lang='lat' dir='ltr'>punct.</span> <span class='ocrx_word' id='word_1_295' title='bbox 458 4599 550 4643; x_wconf 77' lang='lat' dir='ltr'>xl.</span> <span class='ocrx_word' id='word_1_296' title='bbox 585 4582 642 4660; x_wconf 67' lang='grc' dir='ltr'>ἓ.</span> <span class='ocrx_word' id='word_1_297' title='bbox 678 4584 736 4640; x_wconf 77' lang='grc'>2.</span> <span class='ocrx_word' id='word_1_298' title='bbox 772 4596 943 4640; x_wconf 89' lang='lat' dir='ltr'>num.</span> <span class='ocrx_word' id='word_1_299' title='bbox 979 4581 1076 4638; x_wconf 79' lang='lat'>19..</span> <span class='ocrx_word' id='word_1_300' title='bbox 1131 4581 1194 4638; x_wconf 92' lang='lat' dir='ltr'>et</span> <span class='ocrx_word' id='word_1_301' title='bbox 1234 4577 1338 4637; x_wconf 89' lang='lat' dir='ltr'>alii</span> <span class='ocrx_word' id='word_1_302' title='bbox 1376 4595 1655 4638; x_wconf 88' lang='lat' dir='ltr'>commu·</span> 
     </span>
     <span class='ocr_line' id='line_1_47' title="bbox 121 4668 1656 4750; baseline -0.004 -15"><span class='ocrx_word' id='word_1_303' title='bbox 121 4676 284 4737; x_wconf 86' lang='lat' dir='ltr'>niter.</span> <span class='ocrx_word' id='word_1_304' title='bbox 345 4674 537 4737; x_wconf 86' lang='lat' dir='ltr'>Ratio</span> <span class='ocrx_word' id='word_1_305' title='bbox 570 4677 702 4749; x_wconf 88' lang='lat' dir='ltr'>est,</span> <span class='ocrx_word' id='word_1_306' title='bbox 760 4677 897 4733; x_wconf 88' lang='lat' dir='ltr'>tum</span> <span class='ocrx_word' id='word_1_307' title='bbox 946 4670 1096 4750; x_wconf 91' lang='lat' dir='ltr'>quia</span> <span class='ocrx_word' id='word_1_308' title='bbox 1132 4689 1257 4731; x_wconf 91' lang='lat' dir='ltr'>non</span> <span class='ocrx_word' id='word_1_309' title='bbox 1287 4675 1508 4731; x_wconf 90' lang='lat' dir='ltr'>teneor</span> <span class='ocrx_word' id='word_1_310' title='bbox 1537 4668 1656 4731; x_wconf 73' lang='lat' dir='ltr'>nisi</span> 
     </span>
     <span class='ocr_line' id='line_1_48' title="bbox 121 4762 1654 4847; baseline -0.004 -20"><span class='ocrx_word' id='word_1_311' title='bbox 121 4768 335 4847; x_wconf 86' lang='lat' dir='ltr'>eligere</span> <span class='ocrx_word' id='word_1_312' title='bbox 364 4767 728 4846; x_wconf 86' lang='lat' dir='ltr'>digniorem</span> <span class='ocrx_word' id='word_1_313' title='bbox 757 4784 833 4826; x_wconf 84' lang='lat' dir='ltr'>ex</span> <span class='ocrx_word' id='word_1_314' title='bbox 861 4763 1281 4843; x_wconf 80' lang='lat' dir='ltr'>possibilibuS,</span> <span class='ocrx_word' id='word_1_315' title='bbox 1314 4762 1416 4823; x_wconf 91' lang='lat' dir='ltr'>ille</span> <span class='ocrx_word' id='word_1_316' title='bbox 1445 4767 1654 4824; x_wconf 90' lang='lat' dir='ltr'>autem</span> 
     </span>
     <span class='ocr_line' id='line_1_49' title="bbox 121 4856 1655 4940; baseline -0.007 -16"><span class='ocrx_word' id='word_1_317' title='bbox 121 4865 379 4940; x_wconf 83' lang='lat' dir='ltr'>optimus</span> <span class='ocrx_word' id='word_1_318' title='bbox 411 4880 545 4923; x_wconf 90' lang='lat' dir='ltr'>non</span> <span class='ocrx_word' id='word_1_319' title='bbox 575 4862 782 4939; x_wconf 89' lang='lat' dir='ltr'>potest</span> <span class='ocrx_word' id='word_1_320' title='bbox 825 4858 927 4918; x_wconf 90' lang='lat' dir='ltr'>hic</span> <span class='ocrx_word' id='word_1_321' title='bbox 958 4860 1021 4917; x_wconf 88' lang='lat' dir='ltr'>et</span> <span class='ocrx_word' id='word_1_322' title='bbox 1059 4875 1225 4916; x_wconf 91' lang='lat' dir='ltr'>nunc</span> <span class='ocrx_word' id='word_1_323' title='bbox 1253 4875 1290 4916; x_wconf 88' lang='lat' dir='ltr'>a</span> <span class='ocrx_word' id='word_1_324' title='bbox 1319 4874 1420 4917; x_wconf 91' lang='lat' dir='ltr'>me</span> <span class='ocrx_word' id='word_1_325' title='bbox 1450 4856 1655 4915; x_wconf 88' lang='lat' dir='ltr'>effica-</span> 
     </span>
     <span class='ocr_line' id='line_1_50' title="bbox 121 4948 1653 5036; baseline -0.003 -23"><span class='ocrx_word' id='word_1_326' title='bbox 121 4957 258 5018; x_wconf 73' lang='lat' dir='ltr'>citer</span> <span class='ocrx_word' id='word_1_327' title='bbox 287 4956 462 5036; x_wconf 86' lang='lat' dir='ltr'>eligi,</span> <span class='ocrx_word' id='word_1_328' title='bbox 498 4972 645 5014; x_wconf 90' lang='lat' dir='ltr'>cum</span> <span class='ocrx_word' id='word_1_329' title='bbox 667 4953 746 5014; x_wconf 91' lang='lat' dir='ltr'>ab</span> <span class='ocrx_word' id='word_1_330' title='bbox 768 4951 905 5012; x_wconf 85' lang='lat' dir='ltr'>aliis</span> <span class='ocrx_word' id='word_1_331' title='bbox 928 4950 1249 5030; x_wconf 85' lang='lat' dir='ltr'>rejiciatur</span> <span class='ocrx_word' id='word_1_332' title='bbox 1284 4970 1297 5011; x_wconf 90' lang='lat'>:</span> <span class='ocrx_word' id='word_1_333' title='bbox 1340 4948 1653 5010; x_wconf 84' lang='lat' dir='ltr'>satisfacio</span> 
     </span>
     <span class='ocr_line' id='line_1_51' title="bbox 121 5041 1656 5128; baseline -0.004 -21"><span class='ocrx_word' id='word_1_334' title='bbox 121 5068 255 5127; x_wconf 83' lang='lat' dir='ltr'>ergo</span> <span class='ocrx_word' id='word_1_335' title='bbox 286 5048 589 5128; x_wconf 86' lang='lat' dir='ltr'>eligendo</span> <span class='ocrx_word' id='word_1_336' title='bbox 622 5046 975 5126; x_wconf 90' lang='lat' dir='ltr'>digniorem</span> <span class='ocrx_word' id='word_1_337' title='bbox 1024 5063 1098 5104; x_wconf 86' lang='lat' dir='ltr'>ex</span> <span class='ocrx_word' id='word_1_338' title='bbox 1141 5043 1278 5103; x_wconf 84' lang='lat' dir='ltr'>aliis</span> <span class='ocrx_word' id='word_1_339' title='bbox 1326 5042 1430 5122; x_wconf 90' lang='lat' dir='ltr'>qui</span> <span class='ocrx_word' id='word_1_340' title='bbox 1463 5041 1656 5122; x_wconf 88' lang='lat' dir='ltr'>possi-</span> 
     </span>
     <span class='ocr_line' id='line_1_52' title="bbox 121 5134 1657 5215; baseline -0.005 -15"><span class='ocrx_word' id='word_1_341' title='bbox 121 5140 264 5202; x_wconf 85' lang='lat' dir='ltr'>biles</span> <span class='ocrx_word' id='word_1_342' title='bbox 290 5146 446 5202; x_wconf 91' lang='lat' dir='ltr'>sunt</span> <span class='ocrx_word' id='word_1_343' title='bbox 495 5161 511 5201; x_wconf 90' lang='lat'>:</span> <span class='ocrx_word' id='word_1_344' title='bbox 562 5145 698 5202; x_wconf 90' lang='lat' dir='ltr'>tum</span> <span class='ocrx_word' id='word_1_345' title='bbox 727 5138 912 5199; x_wconf 86' lang='lat' dir='ltr'>etiam</span> <span class='ocrx_word' id='word_1_346' title='bbox 945 5135 1093 5215; x_wconf 91' lang='lat' dir='ltr'>quia</span> <span class='ocrx_word' id='word_1_347' title='bbox 1122 5135 1241 5196; x_wconf 90' lang='lat' dir='ltr'>hoc</span> <span class='ocrx_word' id='word_1_348' title='bbox 1270 5135 1458 5195; x_wconf 90' lang='lat' dir='ltr'>modo</span> <span class='ocrx_word' id='word_1_349' title='bbox 1486 5134 1657 5195; x_wconf 90' lang='lat' dir='ltr'>dam-</span> 
     </span>
     <span class='ocr_line' id='line_1_53' title="bbox 121 5228 1657 5311; baseline -0.004 -17"><span class='ocrx_word' id='word_1_350' title='bbox 121 5255 261 5296; x_wconf 88' lang='lat' dir='ltr'>num</span> <span class='ocrx_word' id='word_1_351' title='bbox 290 5233 596 5297; x_wconf 83' lang='lat' dir='ltr'>Ecclesiae</span> <span class='ocrx_word' id='word_1_352' title='bbox 625 5232 922 5311; x_wconf 88' lang='lat' dir='ltr'>impedio,</span> <span class='ocrx_word' id='word_1_353' title='bbox 956 5228 1125 5308; x_wconf 90' lang='lat' dir='ltr'>quod</span> <span class='ocrx_word' id='word_1_354' title='bbox 1156 5248 1231 5288; x_wconf 83' lang='lat' dir='ltr'>ex</span> <span class='ocrx_word' id='word_1_355' title='bbox 1260 5228 1500 5307; x_wconf 88' lang='lat' dir='ltr'>indigni</span> <span class='ocrx_word' id='word_1_356' title='bbox 1532 5228 1657 5288; x_wconf 91' lang='lat' dir='ltr'>ele-</span> 
     </span>
     <span class='ocr_line' id='line_1_54' title="bbox 121 5323 1648 5409; baseline -0.005 -21"><span class='ocrx_word' id='word_1_357' title='bbox 121 5329 312 5389; x_wconf 79' lang='lat' dir='ltr'>ctione</span> <span class='ocrx_word' id='word_1_358' title='bbox 339 5327 628 5407; x_wconf 89' lang='lat' dir='ltr'>alioquin</span> <span class='ocrx_word' id='word_1_359' title='bbox 674 5323 961 5386; x_wconf 75' lang='lat' dir='ltr'>facienda</span> <span class='ocrx_word' id='word_1_360' title='bbox 1003 5326 1406 5409; x_wconf 85' lang='lat' dir='ltr'>sequeretur,</span> <span class='ocrx_word' id='word_1_361' title='bbox 1461 5325 1648 5400; x_wconf 88' lang='lat' dir='ltr'>atque</span> 
     </span>
     <span class='ocr_line' id='line_1_55' title="bbox 121 5414 1655 5489; baseline -0.003 -10"><span class='ocrx_word' id='word_1_362' title='bbox 121 5421 246 5482; x_wconf 84' lang='lat' dir='ltr'>ideo</span> <span class='ocrx_word' id='word_1_363' title='bbox 274 5421 511 5482; x_wconf 86' lang='lat' dir='ltr'>melius</span> <span class='ocrx_word' id='word_1_364' title='bbox 531 5418 787 5481; x_wconf 89' lang='lat' dir='ltr'>attendo</span> <span class='ocrx_word' id='word_1_365' title='bbox 809 5416 1127 5478; x_wconf 90' lang='lat' dir='ltr'>communi</span> <span class='ocrx_word' id='word_1_366' title='bbox 1146 5414 1439 5475; x_wconf 63' lang='lat' dir='ltr'>Ecclesiae</span> <span class='ocrx_word' id='word_1_367' title='bbox 1467 5414 1655 5489; x_wconf 84' lang='lat' dir='ltr'>bone,</span> 
     </span>
     <span class='ocr_line' id='line_1_56' title="bbox 121 5509 1103 5593; baseline -0.004 -20"><span class='ocrx_word' id='word_1_368' title='bbox 121 5514 216 5593; x_wconf 84' lang='lat' dir='ltr'>qui</span> <span class='ocrx_word' id='word_1_369' title='bbox 243 5519 341 5575; x_wconf 80' lang='lat' dir='ltr'>est</span> <span class='ocrx_word' id='word_1_370' title='bbox 368 5514 517 5574; x_wconf 85' lang='lat' dir='ltr'>finis</span> <span class='ocrx_word' id='word_1_371' title='bbox 546 5513 731 5574; x_wconf 83' lang='lat' dir='ltr'>bonae</span> <span class='ocrx_word' id='word_1_372' title='bbox 761 5509 1103 5573; x_wconf 83' lang='lat' dir='ltr'>electionis.</span> 
     </span>
    </p>
   </div>
   <div class='ocr_carea' id='block_1_5' title="bbox 3149 323 3266 380">
    <p class='ocr_par' dir='ltr' id='par_1_6' title="bbox 3149 323 3266 380">
     <span class='ocr_line' id='line_1_57' title="bbox 3149 323 3266 380; baseline 0.034 -4"><span class='ocrx_word' id='word_1_373' title='bbox 3149 323 3266 380; x_wconf 73' lang='lat'>579</span> 
     </span>
    </p>
   </div>
   <div class='ocr_carea' id='block_1_6' title="bbox 1729 494 3614 2151">
    <p class='ocr_par' dir='ltr' id='par_1_7' title="bbox 1811 494 3485 574">
     <span class='ocr_line' id='line_1_58' title="bbox 1811 494 3485 574; baseline 0 -16"><span class='ocrx_word' id='word_1_374' title='bbox 1811 494 2203 558; x_wconf 84' lang='lat' dir='ltr'>Conveniunt</span> <span class='ocrx_word' id='word_1_375' title='bbox 2233 495 2435 571; x_wconf 83' lang='lat' dir='ltr'>lertiO,</span> <span class='ocrx_word' id='word_1_376' title='bbox 2470 513 2652 574; x_wconf 86' lang='lat' dir='ltr'>posse</span> <span class='ocrx_word' id='word_1_377' title='bbox 2666 513 2766 555; x_wconf 87' lang='lat' dir='ltr'>me</span> <span class='ocrx_word' id='word_1_378' title='bbox 2783 513 2906 555; x_wconf 90' lang='lat' dir='ltr'>non</span> <span class='ocrx_word' id='word_1_379' title='bbox 2936 496 3267 574; x_wconf 75' lang='lat' dir='ltr'>suffragari</span> <span class='ocrx_word' id='word_1_380' title='bbox 3411 497 3485 558; x_wconf 87' lang='grc'>31</span> 
     </span>
    </p>

    <p class='ocr_par' dir='ltr' id='par_1_8' title="bbox 1729 587 3612 1760">
     <span class='ocr_line' id='line_1_59' title="bbox 1731 587 3594 677; baseline 0.001 -29"><span class='ocrx_word' id='word_1_381' title='bbox 1731 588 2118 666; x_wconf 88' lang='lat' dir='ltr'>dignissimo,</span> <span class='ocrx_word' id='word_1_382' title='bbox 2141 587 2390 666; x_wconf 87' lang='lat' dir='ltr'>quando</span> <span class='ocrx_word' id='word_1_383' title='bbox 2437 588 2620 648; x_wconf 74' lang='lat' dir='ltr'>video</span> <span class='ocrx_word' id='word_1_384' title='bbox 2651 587 2805 648; x_wconf 90' lang='lat' dir='ltr'>nihil</span> <span class='ocrx_word' id='word_1_385' title='bbox 2844 606 2945 647; x_wconf 92' lang='lat' dir='ltr'>me</span> <span class='ocrx_word' id='word_1_386' title='bbox 2989 588 3265 667; x_wconf 86' lang='lat' dir='ltr'>profutu-</span> <span class='ocrx_word' id='word_1_387' title='bbox 3334 623 3476 666; x_wconf 58' lang='lat' dir='ltr'>pm„</span> <span class='ocrx_word' id='word_1_388' title='bbox 3492 623 3594 677; x_wconf 76' lang='lat' dir='ltr'>eligi</span> 
     </span>
     <span class='ocr_line' id='line_1_60' title="bbox 1734 671 3612 783; baseline 0.001 -43"><span class='ocrx_word' id='word_1_389' title='bbox 1734 699 1897 756; x_wconf 92' lang='lat' dir='ltr'>rum,</span> <span class='ocrx_word' id='word_1_390' title='bbox 1927 671 2187 759; x_wconf 86' lang='lat' dir='ltr'>etposse</span> <span class='ocrx_word' id='word_1_391' title='bbox 2203 699 2306 741; x_wconf 91' lang='lat' dir='ltr'>me</span> <span class='ocrx_word' id='word_1_392' title='bbox 2335 686 2484 742; x_wconf 87' lang='lat' dir='ltr'>tunc</span> <span class='ocrx_word' id='word_1_393' title='bbox 2500 680 2731 760; x_wconf 86' lang='lat' dir='ltr'>eligere</span> <span class='ocrx_word' id='word_1_394' title='bbox 2745 680 2948 740; x_wconf 91' lang='lat' dir='ltr'>minus</span> <span class='ocrx_word' id='word_1_395' title='bbox 2979 681 3262 759; x_wconf 88' lang='lat' dir='ltr'>dignum,</span> <span class='ocrx_word' id='word_1_396' title='bbox 3315 678 3612 783; x_wconf 51' lang='lat' dir='ltr'>elffifflfflfm</span> 
     </span>
     <span class='ocr_line' id='line_1_61' title="bbox 1734 772 3610 852; baseline -0.003 -18"><span class='ocrx_word' id='word_1_397' title='bbox 1734 777 1804 834; x_wconf 88' lang='lat' dir='ltr'>ut</span> <span class='ocrx_word' id='word_1_398' title='bbox 1847 773 2188 850; x_wconf 86' lang='lat' dir='ltr'>impediam</span> <span class='ocrx_word' id='word_1_399' title='bbox 2218 772 2586 834; x_wconf 89' lang='lat' dir='ltr'>electionem</span> <span class='ocrx_word' id='word_1_400' title='bbox 2615 774 2784 836; x_wconf 88' lang='lat' dir='ltr'>tertii</span> <span class='ocrx_word' id='word_1_401' title='bbox 2813 773 3034 850; x_wconf 85' lang='lat' dir='ltr'>infimi,</span> <span class='ocrx_word' id='word_1_402' title='bbox 3091 774 3262 852; x_wconf 90' lang='lat' dir='ltr'>digni</span> <span class='ocrx_word' id='word_1_403' title='bbox 3314 784 3610 837; x_wconf 69' lang='lat' dir='ltr'>minusdignus</span> 
     </span>
     <span class='ocr_line' id='line_1_62' title="bbox 1737 864 3259 945; baseline 0.001 -21"><span class='ocrx_word' id='word_1_404' title='bbox 1737 865 1993 945; x_wconf 89' lang='lat' dir='ltr'>quidem</span> <span class='ocrx_word' id='word_1_405' title='bbox 2010 864 2116 925; x_wconf 90' lang='lat' dir='ltr'>sed</span> <span class='ocrx_word' id='word_1_406' title='bbox 2136 865 2342 924; x_wconf 89' lang='lat' dir='ltr'>minus</span> <span class='ocrx_word' id='word_1_407' title='bbox 2359 865 2552 944; x_wconf 90' lang='lat' dir='ltr'>digni,</span> <span class='ocrx_word' id='word_1_408' title='bbox 2577 866 2663 926; x_wconf 90' lang='lat' dir='ltr'>ita</span> <span class='ocrx_word' id='word_1_409' title='bbox 2689 866 2936 927; x_wconf 91' lang='lat' dir='ltr'>Lessius</span> <span class='ocrx_word' id='word_1_410' title='bbox 2958 865 3123 927; x_wconf 86' lang='lat' dir='ltr'>dicto</span> <span class='ocrx_word' id='word_1_411' title='bbox 3154 885 3259 926; x_wconf 89' lang='lat' dir='ltr'>nu.</span> 
     </span>
     <span class='ocr_line' id='line_1_63' title="bbox 1730 958 3264 1038; baseline 0.001 -19"><span class='ocrx_word' id='word_1_412' title='bbox 1730 961 1828 1019; x_wconf 88' lang='lat'>60.</span> <span class='ocrx_word' id='word_1_413' title='bbox 1865 959 2170 1038; x_wconf 77' lang='lat' dir='ltr'>vasquez,</span> <span class='ocrx_word' id='word_1_414' title='bbox 2203 958 2565 1034; x_wconf 85' lang='lat' dir='ltr'>Turrianus,</span> <span class='ocrx_word' id='word_1_415' title='bbox 2600 962 2663 1019; x_wconf 89' lang='lat' dir='ltr'>et</span> <span class='ocrx_word' id='word_1_416' title='bbox 2689 960 2902 1020; x_wconf 87' lang='lat' dir='ltr'>Castro</span> <span class='ocrx_word' id='word_1_417' title='bbox 2932 958 3082 1019; x_wconf 90' lang='lat' dir='ltr'>locis</span> <span class='ocrx_word' id='word_1_418' title='bbox 3112 958 3264 1020; x_wconf 87' lang='lat' dir='ltr'>cita-</span> 
     </span>
     <span class='ocr_line' id='line_1_64' title="bbox 1729 1050 3265 1130; baseline 0 -19"><span class='ocrx_word' id='word_1_419' title='bbox 1729 1052 1807 1112; x_wconf 89' lang='lat' dir='ltr'>tis</span> <span class='ocrx_word' id='word_1_420' title='bbox 1834 1100 1849 1127; x_wconf 93' lang='lat'>,</span> <span class='ocrx_word' id='word_1_421' title='bbox 1908 1052 2015 1130; x_wconf 91' lang='lat' dir='ltr'>qui</span> <span class='ocrx_word' id='word_1_422' title='bbox 2044 1050 2198 1111; x_wconf 87' lang='lat' dir='ltr'>alios</span> <span class='ocrx_word' id='word_1_423' title='bbox 2225 1053 2512 1112; x_wconf 81' lang='lat' dir='ltr'>afferunt.</span> <span class='ocrx_word' id='word_1_424' title='bbox 2575 1052 2752 1113; x_wconf 89' lang='lat' dir='ltr'>Ratio</span> <span class='ocrx_word' id='word_1_425' title='bbox 2797 1056 3007 1113; x_wconf 87' lang='lat' dir='ltr'>autem</span> <span class='ocrx_word' id='word_1_426' title='bbox 3038 1055 3132 1114; x_wconf 90' lang='lat' dir='ltr'>est</span> <span class='ocrx_word' id='word_1_427' title='bbox 3160 1070 3265 1111; x_wconf 88' lang='lat' dir='ltr'>ea-</span> 
     </span>
     <span class='ocr_line' id='line_1_65' title="bbox 1731 1144 3265 1224; baseline 0 -20"><span class='ocrx_word' id='word_1_428' title='bbox 1731 1145 1911 1217; x_wconf 91' lang='lat' dir='ltr'>dem;</span> <span class='ocrx_word' id='word_1_429' title='bbox 1968 1144 2117 1223; x_wconf 90' lang='lat' dir='ltr'>quia</span> <span class='ocrx_word' id='word_1_430' title='bbox 2145 1147 2293 1203; x_wconf 91' lang='lat' dir='ltr'>tunc</span> <span class='ocrx_word' id='word_1_431' title='bbox 2323 1144 2485 1222; x_wconf 90' lang='lat' dir='ltr'>eligo</span> <span class='ocrx_word' id='word_1_432' title='bbox 2516 1144 2867 1224; x_wconf 89' lang='lat' dir='ltr'>digniorem</span> <span class='ocrx_word' id='word_1_433' title='bbox 2899 1164 2973 1205; x_wconf 89' lang='lat' dir='ltr'>ex</span> <span class='ocrx_word' id='word_1_434' title='bbox 3002 1144 3265 1223; x_wconf 90' lang='lat' dir='ltr'>possibi-</span> 
     </span>
     <span class='ocr_line' id='line_1_66' title="bbox 1730 1236 3264 1316; baseline 0.001 -20"><span class='ocrx_word' id='word_1_435' title='bbox 1730 1237 1913 1314; x_wconf 88' lang='lat' dir='ltr'>libus,</span> <span class='ocrx_word' id='word_1_436' title='bbox 1951 1255 2098 1296; x_wconf 87' lang='lat' dir='ltr'>nam</span> <span class='ocrx_word' id='word_1_437' title='bbox 2127 1236 2531 1314; x_wconf 87' lang='lat' dir='ltr'>dignissimus</span> <span class='ocrx_word' id='word_1_438' title='bbox 2553 1255 2677 1297; x_wconf 88' lang='lat' dir='ltr'>non</span> <span class='ocrx_word' id='word_1_439' title='bbox 2698 1240 2905 1316; x_wconf 86' lang='lat' dir='ltr'>potest</span> <span class='ocrx_word' id='word_1_440' title='bbox 2931 1238 3132 1299; x_wconf 88' lang='lat' dir='ltr'>inillis</span> <span class='ocrx_word' id='word_1_441' title='bbox 3150 1238 3264 1298; x_wconf 85' lang='lat' dir='ltr'>eir-</span> 
     </span>
     <span class='ocr_line' id='line_1_67' title="bbox 1732 1328 3265 1408; baseline 0.001 -19"><span class='ocrx_word' id='word_1_442' title='bbox 1732 1328 2122 1390; x_wconf 87' lang='lat' dir='ltr'>cumstantiis</span> <span class='ocrx_word' id='word_1_443' title='bbox 2163 1329 2416 1402; x_wconf 90' lang='lat' dir='ltr'>haberi;</span> <span class='ocrx_word' id='word_1_444' title='bbox 2478 1335 2541 1391; x_wconf 93' lang='lat' dir='ltr'>et</span> <span class='ocrx_word' id='word_1_445' title='bbox 2585 1329 2702 1390; x_wconf 91' lang='lat' dir='ltr'>hoc</span> <span class='ocrx_word' id='word_1_446' title='bbox 2745 1336 2926 1408; x_wconf 84' lang='lat' dir='ltr'>pacto</span> <span class='ocrx_word' id='word_1_447' title='bbox 2973 1331 3265 1391; x_wconf 70' lang='lat' dir='ltr'>Ecclesiae</span> 
     </span>
     <span class='ocr_line' id='line_1_68' title="bbox 1731 1422 3266 1501; baseline 0.001 -20"><span class='ocrx_word' id='word_1_448' title='bbox 1731 1422 2053 1499; x_wconf 88' lang='lat' dir='ltr'>negotium</span> <span class='ocrx_word' id='word_1_449' title='bbox 2100 1422 2324 1483; x_wconf 86' lang='lat' dir='ltr'>melius</span> <span class='ocrx_word' id='word_1_450' title='bbox 2370 1441 2519 1501; x_wconf 86' lang='lat' dir='ltr'>gero</span> <span class='ocrx_word' id='word_1_451' title='bbox 2578 1422 2785 1483; x_wconf 90' lang='lat' dir='ltr'>dando</span> <span class='ocrx_word' id='word_1_452' title='bbox 2846 1422 2900 1482; x_wconf 90' lang='lat' dir='ltr'>ei</span> <span class='ocrx_word' id='word_1_453' title='bbox 2943 1423 3266 1485; x_wconf 85' lang='lat' dir='ltr'>meliorem</span> 
     </span>
     <span class='ocr_line' id='line_1_69' title="bbox 1731 1514 3263 1594; baseline 0.003 -20"><span class='ocrx_word' id='word_1_454' title='bbox 1731 1514 2084 1577; x_wconf 88' lang='lat' dir='ltr'>ministrum</span> <span class='ocrx_word' id='word_1_455' title='bbox 2141 1533 2331 1593; x_wconf 87' lang='lat' dir='ltr'>quam</span> <span class='ocrx_word' id='word_1_456' title='bbox 2376 1514 2649 1594; x_wconf 89' lang='lat' dir='ltr'>alioquin</span> <span class='ocrx_word' id='word_1_457' title='bbox 2698 1515 2996 1593; x_wconf 85' lang='lat' dir='ltr'>haberet,</span> <span class='ocrx_word' id='word_1_458' title='bbox 3057 1521 3119 1578; x_wconf 89' lang='lat' dir='ltr'>et</span> <span class='ocrx_word' id='word_1_459' title='bbox 3144 1516 3263 1577; x_wconf 87' lang='lat' dir='ltr'>im-</span> 
     </span>
     <span class='ocr_line' id='line_1_70' title="bbox 1732 1606 3269 1688; baseline 0.003 -23"><span class='ocrx_word' id='word_1_460' title='bbox 1732 1606 2041 1686; x_wconf 90' lang='lat' dir='ltr'>pediendo</span> <span class='ocrx_word' id='word_1_461' title='bbox 2071 1607 2441 1668; x_wconf 88' lang='lat' dir='ltr'>electionem</span> <span class='ocrx_word' id='word_1_462' title='bbox 2471 1607 2671 1668; x_wconf 87' lang='lat' dir='ltr'>infimi</span> <span class='ocrx_word' id='word_1_463' title='bbox 2711 1608 2989 1688; x_wconf 89' lang='lat' dir='ltr'>alioquin</span> <span class='ocrx_word' id='word_1_464' title='bbox 3030 1609 3269 1670; x_wconf 87' lang='lat' dir='ltr'>facien-</span> 
     </span>
     <span class='ocr_line' id='line_1_71' title="bbox 1731 1700 1898 1760; baseline 0.024 -4"><span class='ocrx_word' id='word_1_465' title='bbox 1731 1700 1898 1760; x_wconf 80' lang='lat' dir='ltr'>(lam.</span> 
     </span>
    </p>

    <p class='ocr_par' dir='ltr' id='par_1_9' title="bbox 1733 1792 3268 1945">
     <span class='ocr_line' id='line_1_72' title="bbox 1812 1792 3268 1873; baseline 0.003 -21"><span class='ocrx_word' id='word_1_466' title='bbox 1812 1792 1920 1854; x_wconf 82' lang='lat' dir='ltr'>llis</span> <span class='ocrx_word' id='word_1_467' title='bbox 1950 1793 2314 1872; x_wconf 76' lang='lat' dir='ltr'>suppositiS,</span> <span class='ocrx_word' id='word_1_468' title='bbox 2372 1794 2434 1853; x_wconf 90' lang='lat' dir='ltr'>in</span> <span class='ocrx_word' id='word_1_469' title='bbox 2466 1793 2693 1873; x_wconf 89' lang='lat' dir='ltr'>quibus</span> <span class='ocrx_word' id='word_1_470' title='bbox 2721 1794 3007 1855; x_wconf 89' lang='lat' dir='ltr'>doctores</span> <span class='ocrx_word' id='word_1_471' title='bbox 3036 1812 3268 1856; x_wconf 89' lang='lat' dir='ltr'>conve-</span> 
     </span>
     <span class='ocr_line' id='line_1_73' title="bbox 1733 1885 1931 1945; baseline 0.005 -1"><span class='ocrx_word' id='word_1_472' title='bbox 1733 1885 1931 1945; x_wconf 87' lang='lat' dir='ltr'>niunt.</span> 
     </span>
    </p>

    <p class='ocr_par' dir='ltr' id='par_1_10' title="bbox 1737 1978 3614 2151">
     <span class='ocr_line' id='line_1_74' title="bbox 1814 1978 3492 2058; baseline 0.004 -21"><span class='ocrx_word' id='word_1_473' title='bbox 1814 1978 2157 2039; x_wconf 83' lang='lat' dir='ltr'>Difficultas</span> <span class='ocrx_word' id='word_1_474' title='bbox 2188 1978 2389 2056; x_wconf 90' lang='lat' dir='ltr'>primo</span> <span class='ocrx_word' id='word_1_475' title='bbox 2421 1997 2555 2039; x_wconf 90' lang='lat' dir='ltr'>esse</span> <span class='ocrx_word' id='word_1_476' title='bbox 2585 1981 2812 2058; x_wconf 87' lang='lat' dir='ltr'>potest,</span> <span class='ocrx_word' id='word_1_477' title='bbox 2845 1998 2927 2040; x_wconf 90' lang='lat' dir='ltr'>an</span> <span class='ocrx_word' id='word_1_478' title='bbox 2957 1979 3059 2041; x_wconf 89' lang='lat' dir='ltr'>hic</span> <span class='ocrx_word' id='word_1_479' title='bbox 3086 1998 3269 2041; x_wconf 87' lang='lat' dir='ltr'>casus</span> <span class='ocrx_word' id='word_1_480' title='bbox 3415 1985 3492 2044; x_wconf 76' lang='lat'>32</span> 
     </span>
     <span class='ocr_line' id='line_1_75' title="bbox 1737 2071 3614 2151; baseline 0.002 -19"><span class='ocrx_word' id='word_1_481' title='bbox 1737 2071 1817 2132; x_wconf 88' lang='lat' dir='ltr'>sit</span> <span class='ocrx_word' id='word_1_482' title='bbox 1844 2071 2266 2148; x_wconf 88' lang='lat' dir='ltr'>practicabilis</span> <span class='ocrx_word' id='word_1_483' title='bbox 2301 2089 2316 2136; x_wconf 90' lang='lat'><strong>:</strong></span> <span class='ocrx_word' id='word_1_484' title='bbox 2364 2091 2510 2132; x_wconf 91' lang='lat' dir='ltr'>nam</span> <span class='ocrx_word' id='word_1_485' title='bbox 2538 2072 2881 2134; x_wconf 82' lang='lat' dir='ltr'>Turrianus</span> <span class='ocrx_word' id='word_1_486' title='bbox 2910 2073 3048 2135; x_wconf 93' lang='lat' dir='ltr'>loco</span> <span class='ocrx_word' id='word_1_487' title='bbox 3078 2075 3268 2135; x_wconf 89' lang='lat' dir='ltr'>citato</span> <span class='ocrx_word' id='word_1_488' title='bbox 3319 2107 3384 2150; x_wconf 60' lang='lat' dir='ltr'>A„</span> <span class='ocrx_word' id='word_1_489' title='bbox 3422 2107 3462 2150; x_wconf 53' lang='grc' dir='ltr'>,ἢ</span> <span class='ocrx_word' id='word_1_490' title='bbox 3494 2120 3614 2151; x_wconf 69' lang='lat' dir='ltr'>mus</span> 
     </span>
    </p>
   </div>
   <div class='ocr_carea' id='block_1_7' title="bbox 1737 2162 3588 2340">
    <p class='ocr_par' dir='ltr' id='par_1_11' title="bbox 1737 2162 3588 2340">
     <span class='ocr_line' id='line_1_76' title="bbox 1737 2162 3588 2269; baseline -0.002 -43"><span class='ocrx_word' id='word_1_491' title='bbox 1737 2165 2055 2226; x_wconf 87' lang='lat' dir='ltr'>concludit</span> <span class='ocrx_word' id='word_1_492' title='bbox 2082 2183 2256 2226; x_wconf 90' lang='lat' dir='ltr'>num.</span> <span class='ocrx_word' id='word_1_493' title='bbox 2288 2170 2351 2226; x_wconf 87' lang='lat'>7.</span> <span class='ocrx_word' id='word_1_494' title='bbox 2403 2165 2639 2245; x_wconf 90' lang='lat' dir='ltr'>requiri</span> <span class='ocrx_word' id='word_1_495' title='bbox 2675 2165 2985 2244; x_wconf 87' lang='lat' dir='ltr'>insignem</span> <span class='ocrx_word' id='word_1_496' title='bbox 3015 2167 3270 2228; x_wconf 89' lang='lat' dir='ltr'>certitu-</span> <span class='ocrx_word' id='word_1_497' title='bbox 3345 2162 3588 2269; x_wconf 52' lang='lat' dir='ltr'>{ggtffijm</span> 
     </span>
     <span class='ocr_line' id='line_1_77' title="bbox 1737 2257 3565 2340; baseline 0.002 -21"><span class='ocrx_word' id='word_1_498' title='bbox 1737 2259 1950 2319; x_wconf 89' lang='lat' dir='ltr'>dinem</span> <span class='ocrx_word' id='word_1_499' title='bbox 1981 2257 2058 2317; x_wconf 92' lang='lat' dir='ltr'>de</span> <span class='ocrx_word' id='word_1_500' title='bbox 2090 2258 2394 2320; x_wconf 90' lang='lat' dir='ltr'>electione</span> <span class='ocrx_word' id='word_1_501' title='bbox 2441 2257 2639 2318; x_wconf 84' lang='lat' dir='ltr'>infimi</span> <span class='ocrx_word' id='word_1_502' title='bbox 2670 2258 2847 2336; x_wconf 87' lang='lat' dir='ltr'>digni</span> <span class='ocrx_word' id='word_1_503' title='bbox 2872 2260 3149 2340; x_wconf 87' lang='lat' dir='ltr'>alioquin</span> <span class='ocrx_word' id='word_1_504' title='bbox 3180 2260 3273 2319; x_wconf 86' lang='lat' dir='ltr'>fa-</span> <span class='ocrx_word' id='word_1_505' title='bbox 3389 2269 3565 2323; x_wconf 70' lang='lat' dir='ltr'>possin·-</span> 
     </span>
    </p>
   </div>
   <div class='ocr_carea' id='block_1_8' title="bbox 1738 2347 3388 5582">
    <p class='ocr_par' dir='ltr' id='par_1_12' title="bbox 1738 2347 3388 5582">
     <span class='ocr_line' id='line_1_78' title="bbox 1738 2347 3274 2432; baseline 0 -20"><span class='ocrx_word' id='word_1_506' title='bbox 1738 2351 1981 2426; x_wconf 91' lang='lat' dir='ltr'>cienda,</span> <span class='ocrx_word' id='word_1_507' title='bbox 2017 2353 2086 2412; x_wconf 90' lang='lat' dir='ltr'>ut</span> <span class='ocrx_word' id='word_1_508' title='bbox 2113 2368 2238 2411; x_wconf 90' lang='lat' dir='ltr'>non</span> <span class='ocrx_word' id='word_1_509' title='bbox 2258 2353 2547 2412; x_wconf 88' lang='lat' dir='ltr'>teneatur</span> <span class='ocrx_word' id='word_1_510' title='bbox 2566 2350 2704 2430; x_wconf 90' lang='lat' dir='ltr'>quis</span> <span class='ocrx_word' id='word_1_511' title='bbox 2734 2351 2884 2412; x_wconf 89' lang='lat' dir='ltr'>dare</span> <span class='ocrx_word' id='word_1_512' title='bbox 2905 2347 3274 2432; x_wconf 81' lang='lat' dir='ltr'>suffragium</span> 
     </span>
     <span class='ocr_line' id='line_1_79' title="bbox 1739 2442 3271 2522; baseline 0.001 -19"><span class='ocrx_word' id='word_1_513' title='bbox 1739 2443 2108 2522; x_wconf 89' lang='lat' dir='ltr'>dignissimo</span> <span class='ocrx_word' id='word_1_514' title='bbox 2157 2442 2236 2502; x_wconf 90' lang='lat' dir='ltr'>ad</span> <span class='ocrx_word' id='word_1_515' title='bbox 2269 2443 2592 2504; x_wconf 90' lang='lat' dir='ltr'>vitandam</span> <span class='ocrx_word' id='word_1_516' title='bbox 2634 2444 2833 2504; x_wconf 87' lang='lat' dir='ltr'>infimi</span> <span class='ocrx_word' id='word_1_517' title='bbox 2878 2444 3271 2521; x_wconf 87' lang='lat' dir='ltr'>electionem,</span> 
     </span>
     <span class='ocr_line' id='line_1_80' title="bbox 1742 2534 3279 2616; baseline 0.001 -20"><span class='ocrx_word' id='word_1_518' title='bbox 1742 2554 1882 2615; x_wconf 84' lang='lat' dir='ltr'>quae</span> <span class='ocrx_word' id='word_1_519' title='bbox 1913 2534 2219 2596; x_wconf 89' lang='lat' dir='ltr'>certitudo</span> <span class='ocrx_word' id='word_1_520' title='bbox 2251 2535 2503 2596; x_wconf 84' lang='lat' dir='ltr'>difficile</span> <span class='ocrx_word' id='word_1_521' title='bbox 2550 2539 2757 2615; x_wconf 89' lang='lat' dir='ltr'>potest</span> <span class='ocrx_word' id='word_1_522' title='bbox 2801 2536 3164 2616; x_wconf 89' lang='lat' dir='ltr'>contingere</span> <span class='ocrx_word' id='word_1_523' title='bbox 3213 2537 3279 2597; x_wconf 90' lang='lat' dir='ltr'>in</span> 
     </span>
     <span class='ocr_line' id='line_1_81' title="bbox 1741 2628 3388 2708; baseline 0.001 -19"><span class='ocrx_word' id='word_1_524' title='bbox 1741 2628 2046 2689; x_wconf 89' lang='lat' dir='ltr'>electione</span> <span class='ocrx_word' id='word_1_525' title='bbox 2076 2628 2360 2706; x_wconf 89' lang='lat' dir='ltr'>magistri</span> <span class='ocrx_word' id='word_1_526' title='bbox 2390 2628 2470 2689; x_wconf 91' lang='lat' dir='ltr'>ad</span> <span class='ocrx_word' id='word_1_527' title='bbox 2499 2628 2899 2705; x_wconf 86' lang='lat' dir='ltr'>cathedram,</span> <span class='ocrx_word' id='word_1_528' title='bbox 2950 2647 3090 2708; x_wconf 85' lang='lat' dir='ltr'>quae</span> <span class='ocrx_word' id='word_1_529' title='bbox 3121 2630 3282 2692; x_wconf 89' lang='lat' dir='ltr'>solet</span> <span class='ocrx_word' id='word_1_530' title='bbox 3385 2661 3388 2662; x_wconf 36' lang='lat'><em>⁷</em></span> 
     </span>
     <span class='ocr_line' id='line_1_82' title="bbox 1740 2719 3279 2801; baseline 0.001 -20"><span class='ocrx_word' id='word_1_531' title='bbox 1740 2721 1874 2781; x_wconf 81' lang='lat' dir='ltr'>fieri</span> <span class='ocrx_word' id='word_1_532' title='bbox 1905 2720 1969 2779; x_wconf 90' lang='lat' dir='ltr'>in</span> <span class='ocrx_word' id='word_1_533' title='bbox 1997 2719 2338 2780; x_wconf 88' lang='lat' dir='ltr'>academiis</span> <span class='ocrx_word' id='word_1_534' title='bbox 2366 2720 2658 2800; x_wconf 87' lang='lat' dir='ltr'>Hispanis</span> <span class='ocrx_word' id='word_1_535' title='bbox 2686 2740 2800 2800; x_wconf 91' lang='lat' dir='ltr'>per</span> <span class='ocrx_word' id='word_1_536' title='bbox 2828 2721 3128 2801; x_wconf 84' lang='lat' dir='ltr'>suffragia</span> <span class='ocrx_word' id='word_1_537' title='bbox 3156 2722 3279 2784; x_wconf 85' lang='lat' dir='ltr'>dis-</span> 
     </span>
     <span class='ocr_line' id='line_1_83' title="bbox 1742 2814 3279 2894; baseline 0.001 -20"><span class='ocrx_word' id='word_1_538' title='bbox 1742 2814 2115 2893; x_wconf 87' lang='lat' dir='ltr'>cipulorum.</span> <span class='ocrx_word' id='word_1_539' title='bbox 2148 2814 2279 2891; x_wconf 86' lang='lat' dir='ltr'>Ego</span> <span class='ocrx_word' id='word_1_540' title='bbox 2304 2816 2477 2891; x_wconf 85' lang='lat' dir='ltr'>pute,</span> <span class='ocrx_word' id='word_1_541' title='bbox 2511 2831 2726 2875; x_wconf 87' lang='lat' dir='ltr'>casum</span> <span class='ocrx_word' id='word_1_542' title='bbox 2748 2831 2928 2892; x_wconf 89' lang='lat' dir='ltr'>posse</span> <span class='ocrx_word' id='word_1_543' title='bbox 2950 2832 3118 2894; x_wconf 85' lang='lat' dir='ltr'>saepe</span> <span class='ocrx_word' id='word_1_544' title='bbox 3140 2833 3279 2875; x_wconf 87' lang='lat' dir='ltr'>eve-</span> 
     </span>
     <span class='ocr_line' id='line_1_84' title="bbox 1742 2904 3282 2986; baseline 0.001 -20"><span class='ocrx_word' id='word_1_545' title='bbox 1742 2907 1876 2966; x_wconf 90' lang='lat' dir='ltr'>nire</span> <span class='ocrx_word' id='word_1_546' title='bbox 1898 2906 1961 2964; x_wconf 91' lang='lat' dir='ltr'>in</span> <span class='ocrx_word' id='word_1_547' title='bbox 1987 2904 2395 2966; x_wconf 88' lang='lat' dir='ltr'>electionibus</span> <span class='ocrx_word' id='word_1_548' title='bbox 2417 2924 2556 2984; x_wconf 83' lang='lat' dir='ltr'>quae</span> <span class='ocrx_word' id='word_1_549' title='bbox 2579 2905 2716 2966; x_wconf 87' lang='lat' dir='ltr'>fieri</span> <span class='ocrx_word' id='word_1_550' title='bbox 2736 2906 2940 2968; x_wconf 87' lang='lat' dir='ltr'>solent</span> <span class='ocrx_word' id='word_1_551' title='bbox 2966 2925 3080 2985; x_wconf 90' lang='lat' dir='ltr'>per</span> <span class='ocrx_word' id='word_1_552' title='bbox 3099 2907 3282 2986; x_wconf 88' lang='lat' dir='ltr'>plura</span> 
     </span>
     <span class='ocr_line' id='line_1_85' title="bbox 1744 2997 3282 3079; baseline 0.001 -19"><span class='ocrx_word' id='word_1_553' title='bbox 1744 2997 2043 3060; x_wconf 91' lang='lat' dir='ltr'>scrutinia</span> <span class='ocrx_word' id='word_1_554' title='bbox 2064 3043 2080 3074; x_wconf 92' lang='lat'>,</span> <span class='ocrx_word' id='word_1_555' title='bbox 2131 3002 2201 3058; x_wconf 91' lang='lat' dir='ltr'>ut</span> <span class='ocrx_word' id='word_1_556' title='bbox 2247 2999 2499 3077; x_wconf 89' lang='lat' dir='ltr'>quando</span> <span class='ocrx_word' id='word_1_557' title='bbox 2529 2998 2870 3079; x_wconf 76' lang='lat' dir='ltr'>requiritur</span> <span class='ocrx_word' id='word_1_558' title='bbox 2898 2999 3103 3079; x_wconf 86' lang='lat' dir='ltr'>maj0r</span> <span class='ocrx_word' id='word_1_559' title='bbox 3136 3019 3282 3078; x_wconf 89' lang='lat' dir='ltr'>pars</span> 
     </span>
     <span class='ocr_line' id='line_1_86' title="bbox 1744 3091 3281 3170; baseline 0 -17"><span class='ocrx_word' id='word_1_560' title='bbox 1744 3092 2191 3170; x_wconf 86' lang='lat' dir='ltr'>suffragiorum</span> <span class='ocrx_word' id='word_1_561' title='bbox 2236 3091 2318 3152; x_wconf 88' lang='lat' dir='ltr'>ad</span> <span class='ocrx_word' id='word_1_562' title='bbox 2375 3091 2745 3152; x_wconf 88' lang='lat' dir='ltr'>electionem</span> <span class='ocrx_word' id='word_1_563' title='bbox 2800 3093 3122 3170; x_wconf 89' lang='lat' dir='ltr'>canonici,</span> <span class='ocrx_word' id='word_1_564' title='bbox 3183 3094 3281 3153; x_wconf 85' lang='lat' dir='ltr'>vel</span> 
     </span>
     <span class='ocr_line' id='line_1_87' title="bbox 1746 3184 3285 3265; baseline 0.001 -20"><span class='ocrx_word' id='word_1_565' title='bbox 1746 3184 2007 3265; x_wconf 86' lang='lat' dir='ltr'>praelati,</span> <span class='ocrx_word' id='word_1_566' title='bbox 2044 3185 2142 3245; x_wconf 88' lang='lat' dir='ltr'>vel</span> <span class='ocrx_word' id='word_1_567' title='bbox 2172 3184 2312 3245; x_wconf 83' lang='lat' dir='ltr'>duae</span> <span class='ocrx_word' id='word_1_568' title='bbox 2342 3185 2541 3248; x_wconf 80' lang='lat' dir='ltr'>tertiae</span> <span class='ocrx_word' id='word_1_569' title='bbox 2572 3188 2813 3263; x_wconf 76' lang='lat' dir='ltr'>parteS,</span> <span class='ocrx_word' id='word_1_570' title='bbox 2859 3190 2928 3248; x_wconf 89' lang='lat' dir='ltr'>ut</span> <span class='ocrx_word' id='word_1_571' title='bbox 2967 3188 3039 3248; x_wconf 86' lang='lat' dir='ltr'>fit</span> <span class='ocrx_word' id='word_1_572' title='bbox 3065 3185 3126 3246; x_wconf 90' lang='lat' dir='ltr'>in</span> <span class='ocrx_word' id='word_1_573' title='bbox 3157 3186 3285 3247; x_wconf 88' lang='lat' dir='ltr'>ele-</span> 
     </span>
     <span class='ocr_line' id='line_1_88' title="bbox 1746 3278 3283 3354; baseline 0 -15"><span class='ocrx_word' id='word_1_574' title='bbox 1746 3278 1950 3339; x_wconf 87' lang='lat' dir='ltr'>ctione</span> <span class='ocrx_word' id='word_1_575' title='bbox 1980 3278 2210 3337; x_wconf 90' lang='lat' dir='ltr'>summi</span> <span class='ocrx_word' id='word_1_576' title='bbox 2238 3278 2554 3339; x_wconf 84' lang='lat' dir='ltr'>Pontificis</span> <span class='ocrx_word' id='word_1_577' title='bbox 2573 3323 2590 3354; x_wconf 93' lang='lat'>,</span> <span class='ocrx_word' id='word_1_578' title='bbox 2636 3281 2786 3338; x_wconf 91' lang='lat' dir='ltr'>tunc</span> <span class='ocrx_word' id='word_1_579' title='bbox 2815 3278 2982 3339; x_wconf 91' lang='lat' dir='ltr'>enim</span> <span class='ocrx_word' id='word_1_580' title='bbox 3012 3298 3086 3339; x_wconf 85' lang='lat' dir='ltr'>cx</span> <span class='ocrx_word' id='word_1_581' title='bbox 3116 3298 3283 3341; x_wconf 90' lang='lat' dir='ltr'>scru-</span> 
     </span>
     <span class='ocr_line' id='line_1_89' title="bbox 1744 3370 3282 3449; baseline 0.001 -16"><span class='ocrx_word' id='word_1_582' title='bbox 1744 3371 1913 3433; x_wconf 88' lang='lat' dir='ltr'>tiniis</span> <span class='ocrx_word' id='word_1_583' title='bbox 1964 3370 2464 3449; x_wconf 65' lang='lat' dir='ltr'>praecedentibus</span> <span class='ocrx_word' id='word_1_584' title='bbox 2509 3374 2714 3449; x_wconf 90' lang='lat' dir='ltr'>potest</span> <span class='ocrx_word' id='word_1_585' title='bbox 2759 3389 2926 3449; x_wconf 86' lang='lat' dir='ltr'>saepe</span> <span class='ocrx_word' id='word_1_586' title='bbox 2973 3372 3282 3434; x_wconf 76' lang='lat' dir='ltr'>certitudo</span> 
     </span>
     <span class='ocr_line' id='line_1_90' title="bbox 1746 3444 3282 3542; baseline 0 -17"><span class='ocrx_word' id='word_1_587' title='bbox 1746 3463 2001 3525; x_wconf 90' lang='lat' dir='ltr'>moralis</span> <span class='ocrx_word' id='word_1_588' title='bbox 2029 3463 2271 3537; x_wconf 87' lang='lat' dir='ltr'>haberi,</span> <span class='ocrx_word' id='word_1_589' title='bbox 2306 3463 2472 3542; x_wconf 92' lang='lat' dir='ltr'>quod</span> <span class='ocrx_word' id='word_1_590' title='bbox 2491 3463 2958 3542; x_wconf 88' lang='lat' dir='ltr'>perseverantia</span> <span class='ocrx_word' id='word_1_591' title='bbox 2988 3463 3050 3524; x_wconf 90' lang='lat' dir='ltr'>in</span> <span class='ocrx_word' id='word_1_592' title='bbox 3073 3444 3282 3525; x_wconf 73' lang='lat' dir='ltr'>dando</span> 
     </span>
     <span class='ocr_line' id='line_1_91' title="bbox 1749 3554 3286 3634; baseline 0.001 -18"><span class='ocrx_word' id='word_1_593' title='bbox 1749 3554 2045 3634; x_wconf 81' lang='lat' dir='ltr'>suffragio</span> <span class='ocrx_word' id='word_1_594' title='bbox 2094 3554 2461 3634; x_wconf 88' lang='lat' dir='ltr'>dignissimo</span> <span class='ocrx_word' id='word_1_595' title='bbox 2508 3554 2661 3615; x_wconf 93' lang='lat' dir='ltr'>nihil</span> <span class='ocrx_word' id='word_1_596' title='bbox 2708 3554 2796 3615; x_wconf 92' lang='lat' dir='ltr'>illi</span> <span class='ocrx_word' id='word_1_597' title='bbox 2831 3556 3147 3634; x_wconf 89' lang='lat' dir='ltr'>proderit,</span> <span class='ocrx_word' id='word_1_598' title='bbox 3208 3575 3286 3617; x_wconf 92' lang='lat' dir='ltr'>eo</span> 
     </span>
     <span class='ocr_line' id='line_1_92' title="bbox 1750 3647 3277 3728; baseline 0.001 -19"><span class='ocrx_word' id='word_1_599' title='bbox 1750 3649 1918 3728; x_wconf 90' lang='lat' dir='ltr'>quod</span> <span class='ocrx_word' id='word_1_600' title='bbox 1948 3648 2137 3727; x_wconf 87' lang='lat' dir='ltr'>pauci</span> <span class='ocrx_word' id='word_1_601' title='bbox 2177 3652 2288 3709; x_wconf 87' lang='lat' dir='ltr'>aut</span> <span class='ocrx_word' id='word_1_602' title='bbox 2329 3648 2456 3708; x_wconf 87' lang='lat' dir='ltr'>fere</span> <span class='ocrx_word' id='word_1_603' title='bbox 2487 3647 2639 3709; x_wconf 91' lang='lat' dir='ltr'>nulli</span> <span class='ocrx_word' id='word_1_604' title='bbox 2671 3647 2752 3707; x_wconf 89' lang='lat' dir='ltr'>ad</span> <span class='ocrx_word' id='word_1_605' title='bbox 2782 3666 2927 3708; x_wconf 89' lang='lat' dir='ltr'>eum</span> <span class='ocrx_word' id='word_1_606' title='bbox 2955 3649 3277 3710; x_wconf 86' lang='lat' dir='ltr'>inclinent.</span> 
     </span>
     <span class='ocr_line' id='line_1_93' title="bbox 1751 3739 3287 3814; baseline -0.001 -12"><span class='ocrx_word' id='word_1_607' title='bbox 1751 3743 1955 3814; x_wconf 88' lang='lat' dir='ltr'>Quare</span> <span class='ocrx_word' id='word_1_608' title='bbox 1986 3741 2048 3800; x_wconf 91' lang='lat' dir='ltr'>in</span> <span class='ocrx_word' id='word_1_609' title='bbox 2078 3740 2155 3800; x_wconf 86' lang='lat' dir='ltr'>iis</span> <span class='ocrx_word' id='word_1_610' title='bbox 2184 3740 2431 3801; x_wconf 90' lang='lat' dir='ltr'>casibus</span> <span class='ocrx_word' id='word_1_611' title='bbox 2461 3740 2695 3802; x_wconf 89' lang='lat' dir='ltr'>elector</span> <span class='ocrx_word' id='word_1_612' title='bbox 2722 3739 2911 3802; x_wconf 88' lang='lat' dir='ltr'>debet</span> <span class='ocrx_word' id='word_1_613' title='bbox 2937 3740 3113 3802; x_wconf 90' lang='lat' dir='ltr'>initio</span> <span class='ocrx_word' id='word_1_614' title='bbox 3145 3746 3287 3802; x_wconf 86' lang='lat' dir='ltr'>ten-</span> 
     </span>
     <span class='ocr_line' id='line_1_94' title="bbox 1749 3832 3279 3912; baseline -0.001 -17"><span class='ocrx_word' id='word_1_615' title='bbox 1749 3840 1884 3896; x_wconf 91' lang='lat' dir='ltr'>tare</span> <span class='ocrx_word' id='word_1_616' title='bbox 1916 3837 1978 3894; x_wconf 88' lang='lat' dir='ltr'>et</span> <span class='ocrx_word' id='word_1_617' title='bbox 2009 3832 2257 3909; x_wconf 83' lang='lat' dir='ltr'>conari,</span> <span class='ocrx_word' id='word_1_618' title='bbox 2311 3832 2477 3911; x_wconf 89' lang='lat' dir='ltr'>quod</span> <span class='ocrx_word' id='word_1_619' title='bbox 2525 3832 2794 3911; x_wconf 87' lang='lat' dir='ltr'>eligatur</span> <span class='ocrx_word' id='word_1_620' title='bbox 2828 3832 3232 3912; x_wconf 88' lang='lat' dir='ltr'>dignissimus</span> <span class='ocrx_word' id='word_1_621' title='bbox 3265 3853 3279 3894; x_wconf 90' lang='lat'>:</span> 
     </span>
     <span class='ocr_line' id='line_1_95' title="bbox 1751 3925 3287 4007; baseline -0.001 -19"><span class='ocrx_word' id='word_1_622' title='bbox 1751 3931 2086 4007; x_wconf 89' lang='lat' dir='ltr'>postquam</span> <span class='ocrx_word' id='word_1_623' title='bbox 2115 3943 2265 3985; x_wconf 87' lang='lat' dir='ltr'>vero</span> <span class='ocrx_word' id='word_1_624' title='bbox 2296 3926 2466 3986; x_wconf 90' lang='lat' dir='ltr'>videt</span> <span class='ocrx_word' id='word_1_625' title='bbox 2521 3925 2584 3985; x_wconf 90' lang='lat' dir='ltr'>id</span> <span class='ocrx_word' id='word_1_626' title='bbox 2633 3944 2769 3985; x_wconf 84' lang='lat' dir='ltr'>esse</span> <span class='ocrx_word' id='word_1_627' title='bbox 2818 3925 3140 3986; x_wconf 88' lang='lat' dir='ltr'>moraliter</span> <span class='ocrx_word' id='word_1_628' title='bbox 3165 3925 3287 3986; x_wconf 90' lang='lat' dir='ltr'>im-</span> 
     </span>
     <span class='ocr_line' id='line_1_96' title="bbox 1752 4017 3288 4099; baseline 0 -19"><span class='ocrx_word' id='word_1_629' title='bbox 1752 4019 2078 4099; x_wconf 91' lang='lat' dir='ltr'>possibile,</span> <span class='ocrx_word' id='word_1_630' title='bbox 2126 4023 2332 4097; x_wconf 89' lang='lat' dir='ltr'>potest</span> <span class='ocrx_word' id='word_1_631' title='bbox 2358 4017 2682 4078; x_wconf 69' lang='lat' dir='ltr'>adhaerere</span> <span class='ocrx_word' id='word_1_632' title='bbox 2712 4018 2919 4078; x_wconf 89' lang='lat' dir='ltr'>minus</span> <span class='ocrx_word' id='word_1_633' title='bbox 2948 4018 3137 4098; x_wconf 84' lang='lat' dir='ltr'>(ligno</span> <span class='ocrx_word' id='word_1_634' title='bbox 3157 4064 3173 4094; x_wconf 93' lang='lat'>,</span> <span class='ocrx_word' id='word_1_635' title='bbox 3216 4023 3288 4080; x_wconf 87' lang='lat' dir='ltr'>ut</span> 
     </span>
     <span class='ocr_line' id='line_1_97' title="bbox 1752 4110 3287 4191; baseline -0.001 -19"><span class='ocrx_word' id='word_1_636' title='bbox 1752 4110 2056 4191; x_wconf 86' lang='lat' dir='ltr'>impediat</span> <span class='ocrx_word' id='word_1_637' title='bbox 2083 4110 2452 4170; x_wconf 90' lang='lat' dir='ltr'>electionem</span> <span class='ocrx_word' id='word_1_638' title='bbox 2480 4110 2699 4172; x_wconf 86' lang='lat' dir='ltr'>infimi.</span> <span class='ocrx_word' id='word_1_639' title='bbox 2745 4112 2876 4171; x_wconf 92' lang='lat' dir='ltr'>Imo</span> <span class='ocrx_word' id='word_1_640' title='bbox 2906 4111 2959 4170; x_wconf 94' lang='lat' dir='ltr'>si</span> <span class='ocrx_word' id='word_1_641' title='bbox 2991 4118 3134 4172; x_wconf 89' lang='lat' dir='ltr'>ante</span> <span class='ocrx_word' id='word_1_642' title='bbox 3164 4111 3287 4190; x_wconf 89' lang='lat' dir='ltr'>pri-</span> 
     </span>
     <span class='ocr_line' id='line_1_98' title="bbox 1752 4202 3290 4265; baseline 0 0"><span class='ocrx_word' id='word_1_643' title='bbox 1752 4222 1924 4265; x_wconf 93' lang='lat' dir='ltr'>mum</span> <span class='ocrx_word' id='word_1_644' title='bbox 1954 4202 2321 4264; x_wconf 89' lang='lat' dir='ltr'>scrutinium</span> <span class='ocrx_word' id='word_1_645' title='bbox 2350 4202 2731 4264; x_wconf 84' lang='lat' dir='ltr'>sufficienter</span> <span class='ocrx_word' id='word_1_646' title='bbox 2758 4202 3131 4264; x_wconf 88' lang='lat' dir='ltr'>certitudine</span> <span class='ocrx_word' id='word_1_647' title='bbox 3159 4222 3290 4265; x_wconf 90' lang='lat' dir='ltr'>mo-</span> 
     </span>
     <span class='ocr_line' id='line_1_99' title="bbox 1753 4295 3291 4377; baseline -0.001 -18"><span class='ocrx_word' id='word_1_648' title='bbox 1753 4299 1869 4359; x_wconf 91' lang='lat' dir='ltr'>rali</span> <span class='ocrx_word' id='word_1_649' title='bbox 1936 4301 2254 4358; x_wconf 87' lang='lat' dir='ltr'>constaret</span> <span class='ocrx_word' id='word_1_650' title='bbox 2303 4296 2446 4357; x_wconf 88' lang='lat' dir='ltr'>talis</span> <span class='ocrx_word' id='word_1_651' title='bbox 2503 4295 2970 4374; x_wconf 82' lang='lat' dir='ltr'>impossibilitas</span> <span class='ocrx_word' id='word_1_652' title='bbox 3002 4344 3019 4373; x_wconf 97' lang='lat'>,</span> <span class='ocrx_word' id='word_1_653' title='bbox 3077 4302 3291 4377; x_wconf 87' lang='lat' dir='ltr'>posset</span> 
     </span>
     <span class='ocr_line' id='line_1_100' title="bbox 1753 4388 3289 4467; baseline 0.001 -18"><span class='ocrx_word' id='word_1_654' title='bbox 1753 4389 1941 4451; x_wconf 87' lang='lat' dir='ltr'>ctiam</span> <span class='ocrx_word' id='word_1_655' title='bbox 2003 4388 2066 4448; x_wconf 94' lang='lat' dir='ltr'>in</span> <span class='ocrx_word' id='word_1_656' title='bbox 2121 4389 2324 4467; x_wconf 91' lang='lat' dir='ltr'>primo</span> <span class='ocrx_word' id='word_1_657' title='bbox 2373 4388 2668 4449; x_wconf 86' lang='lat' dir='ltr'>scrutinio</span> <span class='ocrx_word' id='word_1_658' title='bbox 2715 4389 3038 4450; x_wconf 75' lang='lat' dir='ltr'>adhaerere</span> <span class='ocrx_word' id='word_1_659' title='bbox 3082 4391 3289 4450; x_wconf 90' lang='lat' dir='ltr'>minus</span> 
     </span>
     <span class='ocr_line' id='line_1_101' title="bbox 1754 4481 3288 4563; baseline 0.001 -21"><span class='ocrx_word' id='word_1_660' title='bbox 1754 4483 1944 4562; x_wconf 88' lang='lat' dir='ltr'>digno</span> <span class='ocrx_word' id='word_1_661' title='bbox 1975 4483 2054 4545; x_wconf 94' lang='lat' dir='ltr'>ob</span> <span class='ocrx_word' id='word_1_662' title='bbox 2084 4482 2380 4542; x_wconf 87' lang='lat' dir='ltr'>eumdem</span> <span class='ocrx_word' id='word_1_663' title='bbox 2406 4482 2597 4542; x_wconf 88' lang='lat' dir='ltr'>finem</span> <span class='ocrx_word' id='word_1_664' title='bbox 2629 4481 3040 4544; x_wconf 89' lang='lat' dir='ltr'>obtinendum</span> <span class='ocrx_word' id='word_1_665' title='bbox 3068 4504 3081 4544; x_wconf 91' lang='lat'>:</span> <span class='ocrx_word' id='word_1_666' title='bbox 3117 4482 3288 4563; x_wconf 88' lang='lat' dir='ltr'>quod</span> 
     </span>
     <span class='ocr_line' id='line_1_102' title="bbox 1754 4576 3287 4655; baseline -0.001 -18"><span class='ocrx_word' id='word_1_667' title='bbox 1754 4576 2094 4655; x_wconf 88' lang='lat' dir='ltr'>prudenter</span> <span class='ocrx_word' id='word_1_668' title='bbox 2137 4579 2423 4636; x_wconf 87' lang='lat' dir='ltr'>constare</span> <span class='ocrx_word' id='word_1_669' title='bbox 2465 4578 2709 4653; x_wconf 88' lang='lat' dir='ltr'>potest,</span> <span class='ocrx_word' id='word_1_670' title='bbox 2769 4576 2821 4636; x_wconf 92' lang='lat' dir='ltr'>si</span> <span class='ocrx_word' id='word_1_671' title='bbox 2868 4577 3144 4637; x_wconf 88' lang='lat' dir='ltr'>rationes</span> <span class='ocrx_word' id='word_1_672' title='bbox 3206 4576 3287 4636; x_wconf 95' lang='lat' dir='ltr'>ob</span> 
     </span>
     <span class='ocr_line' id='line_1_103' title="bbox 1753 4668 3289 4749; baseline -0.002 -19"><span class='ocrx_word' id='word_1_673' title='bbox 1753 4689 1908 4749; x_wconf 92' lang='lat' dir='ltr'>quas</span> <span class='ocrx_word' id='word_1_674' title='bbox 1963 4670 2042 4729; x_wconf 88' lang='lat' dir='ltr'>ab</span> <span class='ocrx_word' id='word_1_675' title='bbox 2071 4669 2210 4730; x_wconf 90' lang='lat' dir='ltr'>aliis</span> <span class='ocrx_word' id='word_1_676' title='bbox 2239 4668 2598 4729; x_wconf 85' lang='lat' dir='ltr'>excluditur</span> <span class='ocrx_word' id='word_1_677' title='bbox 2627 4669 2731 4728; x_wconf 91' lang='lat' dir='ltr'>ille</span> <span class='ocrx_word' id='word_1_678' title='bbox 2759 4713 2774 4744; x_wconf 97' lang='lat'>,</span> <span class='ocrx_word' id='word_1_679' title='bbox 2828 4688 3015 4747; x_wconf 89' lang='lat' dir='ltr'>quem</span> <span class='ocrx_word' id='word_1_680' title='bbox 3051 4688 3168 4748; x_wconf 87' lang='lat' dir='ltr'>ego</span> <span class='ocrx_word' id='word_1_681' title='bbox 3200 4668 3289 4727; x_wconf 91' lang='lat' dir='ltr'>di-</span> 
     </span>
     <span class='ocr_line' id='line_1_104' title="bbox 1753 4761 3289 4841; baseline -0.002 -18"><span class='ocrx_word' id='word_1_682' title='bbox 1753 4762 2124 4841; x_wconf 88' lang='lat' dir='ltr'>gnissimum</span> <span class='ocrx_word' id='word_1_683' title='bbox 2148 4761 2364 4841; x_wconf 87' lang='lat' dir='ltr'>judico</span> <span class='ocrx_word' id='word_1_684' title='bbox 2385 4807 2401 4837; x_wconf 96' lang='lat'>,</span> <span class='ocrx_word' id='word_1_685' title='bbox 2449 4762 2573 4822; x_wconf 87' lang='lat' dir='ltr'>sint</span> <span class='ocrx_word' id='word_1_686' title='bbox 2598 4761 2756 4822; x_wconf 89' lang='lat' dir='ltr'>tales</span> <span class='ocrx_word' id='word_1_687' title='bbox 2787 4767 2856 4822; x_wconf 94' lang='lat' dir='ltr'>ut</span> <span class='ocrx_word' id='word_1_688' title='bbox 2882 4762 3103 4823; x_wconf 89' lang='lat' dir='ltr'>merito</span> <span class='ocrx_word' id='word_1_689' title='bbox 3123 4761 3289 4840; x_wconf 86' lang='lat' dir='ltr'>judi-</span> 
     </span>
     <span class='ocr_line' id='line_1_105' title="bbox 1755 4853 3288 4917; baseline -0.003 0"><span class='ocrx_word' id='word_1_690' title='bbox 1755 4874 1892 4917; x_wconf 91' lang='lat' dir='ltr'>cem</span> <span class='ocrx_word' id='word_1_691' title='bbox 1924 4871 2048 4916; x_wconf 91' lang='lat' dir='ltr'>non</span> <span class='ocrx_word' id='word_1_692' title='bbox 2080 4872 2216 4914; x_wconf 89' lang='lat' dir='ltr'>esse</span> <span class='ocrx_word' id='word_1_693' title='bbox 2247 4853 2401 4914; x_wconf 88' lang='lat' dir='ltr'>alios</span> <span class='ocrx_word' id='word_1_694' title='bbox 2432 4872 2468 4913; x_wconf 88' lang='lat' dir='ltr'>a</span> <span class='ocrx_word' id='word_1_695' title='bbox 2495 4872 2609 4913; x_wconf 90' lang='lat' dir='ltr'>sua</span> <span class='ocrx_word' id='word_1_696' title='bbox 2638 4854 2946 4914; x_wconf 88' lang='lat' dir='ltr'>sententia</span> <span class='ocrx_word' id='word_1_697' title='bbox 2967 4854 3288 4915; x_wconf 79' lang='lat' dir='ltr'>dimoven-</span> 
     </span>
     <span class='ocr_line' id='line_1_106' title="bbox 1756 4946 3290 5024; baseline -0.003 -15"><span class='ocrx_word' id='word_1_698' title='bbox 1756 4948 1892 5011; x_wconf 83' lang='lat' dir='ltr'>dOS.</span> <span class='ocrx_word' id='word_1_699' title='bbox 1928 4948 2107 5011; x_wconf 81' lang='lat' dir='ltr'>Unde</span> <span class='ocrx_word' id='word_1_700' title='bbox 2130 4951 2507 5007; x_wconf 86' lang='lat' dir='ltr'>excusantur</span> <span class='ocrx_word' id='word_1_701' title='bbox 2528 4946 2878 5006; x_wconf 78' lang='lat' dir='ltr'>cardinales</span> <span class='ocrx_word' id='word_1_702' title='bbox 2909 4965 3031 5006; x_wconf 90' lang='lat' dir='ltr'>non</span> <span class='ocrx_word' id='word_1_703' title='bbox 3060 4946 3290 5024; x_wconf 87' lang='lat' dir='ltr'>eligen-</span> 
     </span>
     <span class='ocr_line' id='line_1_107' title="bbox 1757 5038 3293 5120; baseline -0.001 -19"><span class='ocrx_word' id='word_1_704' title='bbox 1757 5040 1837 5102; x_wconf 92' lang='lat' dir='ltr'>do</span> <span class='ocrx_word' id='word_1_705' title='bbox 1868 5059 2056 5120; x_wconf 90' lang='lat' dir='ltr'>quem</span> <span class='ocrx_word' id='word_1_706' title='bbox 2086 5039 2524 5118; x_wconf 85' lang='lat' dir='ltr'>dignissimum</span> <span class='ocrx_word' id='word_1_707' title='bbox 2548 5038 2864 5117; x_wconf 87' lang='lat' dir='ltr'>judicant,</span> <span class='ocrx_word' id='word_1_708' title='bbox 2900 5038 3045 5116; x_wconf 88' lang='lat' dir='ltr'>quia</span> <span class='ocrx_word' id='word_1_709' title='bbox 3078 5038 3293 5100; x_wconf 84' lang='lat' dir='ltr'>vident</span> 
     </span>
     <span class='ocr_line' id='line_1_108' title="bbox 1757 5131 3287 5209; baseline -0.002 -16"><span class='ocrx_word' id='word_1_710' title='bbox 1757 5134 1843 5194; x_wconf 89' lang='lat' dir='ltr'>ita</span> <span class='ocrx_word' id='word_1_711' title='bbox 1873 5134 2118 5195; x_wconf 88' lang='lat' dir='ltr'>fortiter</span> <span class='ocrx_word' id='word_1_712' title='bbox 2141 5133 2221 5193; x_wconf 88' lang='lat' dir='ltr'>ab</span> <span class='ocrx_word' id='word_1_713' title='bbox 2253 5132 2388 5192; x_wconf 91' lang='lat' dir='ltr'>aliis</span> <span class='ocrx_word' id='word_1_714' title='bbox 2420 5131 2698 5203; x_wconf 80' lang='lat' dir='ltr'>excludi,</span> <span class='ocrx_word' id='word_1_715' title='bbox 2749 5135 2817 5191; x_wconf 92' lang='lat' dir='ltr'>ut</span> <span class='ocrx_word' id='word_1_716' title='bbox 2861 5148 2986 5190; x_wconf 91' lang='lat' dir='ltr'>non</span> <span class='ocrx_word' id='word_1_717' title='bbox 3016 5131 3094 5191; x_wconf 91' lang='lat' dir='ltr'>sit</span> <span class='ocrx_word' id='word_1_718' title='bbox 3120 5149 3287 5209; x_wconf 81' lang='lat' dir='ltr'>speS,</span> 
     </span>
     <span class='ocr_line' id='line_1_109' title="bbox 1757 5223 3285 5304; baseline -0.003 -17"><span class='ocrx_word' id='word_1_719' title='bbox 1757 5226 2077 5288; x_wconf 88' lang='lat' dir='ltr'>moraliter</span> <span class='ocrx_word' id='word_1_720' title='bbox 2102 5225 2445 5304; x_wconf 90' lang='lat' dir='ltr'>loquendo,</span> <span class='ocrx_word' id='word_1_721' title='bbox 2481 5223 2648 5303; x_wconf 90' lang='lat' dir='ltr'>quod</span> <span class='ocrx_word' id='word_1_722' title='bbox 2679 5242 2822 5283; x_wconf 90' lang='lat' dir='ltr'>eum</span> <span class='ocrx_word' id='word_1_723' title='bbox 2852 5223 3111 5284; x_wconf 81' lang='lat' dir='ltr'>electuri</span> <span class='ocrx_word' id='word_1_724' title='bbox 3142 5224 3285 5283; x_wconf 90' lang='lat' dir='ltr'>sint.</span> 
     </span>
     <span class='ocr_line' id='line_1_110' title="bbox 1761 5317 3292 5395; baseline -0.003 -16"><span class='ocrx_word' id='word_1_725' title='bbox 1761 5321 1887 5379; x_wconf 91' lang='lat' dir='ltr'>Nec</span> <span class='ocrx_word' id='word_1_726' title='bbox 1915 5319 1976 5378; x_wconf 90' lang='lat' dir='ltr'>in</span> <span class='ocrx_word' id='word_1_727' title='bbox 2022 5337 2094 5379; x_wconf 89' lang='lat' dir='ltr'>eo</span> <span class='ocrx_word' id='word_1_728' title='bbox 2125 5337 2276 5378; x_wconf 87' lang='lat' dir='ltr'>casu</span> <span class='ocrx_word' id='word_1_729' title='bbox 2305 5318 2377 5377; x_wconf 88' lang='lat' dir='ltr'>fit</span> <span class='ocrx_word' id='word_1_730' title='bbox 2422 5320 2640 5377; x_wconf 85' lang='lat' dir='ltr'>contra</span> <span class='ocrx_word' id='word_1_731' title='bbox 2662 5318 3124 5395; x_wconf 84' lang='lat' dir='ltr'>juramentum,</span> <span class='ocrx_word' id='word_1_732' title='bbox 3177 5317 3292 5375; x_wconf 83' lang='lat' dir='ltr'>etsi</span> 
     </span>
     <span class='ocr_line' id='line_1_111' title="bbox 1754 5408 3292 5490; baseline -0.003 -18"><span class='ocrx_word' id='word_1_733' title='bbox 1754 5413 2071 5490; x_wconf 88' lang='lat' dir='ltr'>jurassent</span> <span class='ocrx_word' id='word_1_734' title='bbox 2117 5411 2196 5471; x_wconf 91' lang='lat' dir='ltr'>de</span> <span class='ocrx_word' id='word_1_735' title='bbox 2245 5409 2533 5488; x_wconf 90' lang='lat' dir='ltr'>eligendo</span> <span class='ocrx_word' id='word_1_736' title='bbox 2575 5408 2939 5488; x_wconf 86' lang='lat' dir='ltr'>dignissimo</span> <span class='ocrx_word' id='word_1_737' title='bbox 2965 5429 2979 5481; x_wconf 88' lang='lat'><em>;</em></span> <span class='ocrx_word' id='word_1_738' title='bbox 3033 5408 3179 5487; x_wconf 88' lang='lat' dir='ltr'>quia</span> <span class='ocrx_word' id='word_1_739' title='bbox 3229 5409 3292 5468; x_wconf 89' lang='lat' dir='ltr'>id</span> 
     </span>
     <span class='ocr_line' id='line_1_112' title="bbox 1763 5501 3288 5582; baseline -0.001 -18"><span class='ocrx_word' id='word_1_740' title='bbox 1763 5504 2133 5582; x_wconf 84' lang='lat' dir='ltr'>intelligitur</span> <span class='ocrx_word' id='word_1_741' title='bbox 2188 5503 2264 5563; x_wconf 82' lang='lat' dir='ltr'>de</span> <span class='ocrx_word' id='word_1_742' title='bbox 2322 5502 2688 5580; x_wconf 85' lang='lat' dir='ltr'>dignissimo</span> <span class='ocrx_word' id='word_1_743' title='bbox 2743 5521 2817 5560; x_wconf 84' lang='lat' dir='ltr'>ex</span> <span class='ocrx_word' id='word_1_744' title='bbox 2867 5501 3288 5578; x_wconf 63' lang='lat' dir='ltr'>possibilibus»,</span> 
     </span>
    </p>
   </div>
  </div>
 </body>
</html>
