4263 6376
574 3787 651 3845 65

503 3910 636 3953 Pmlu
640 3911 679 3952 di
685 3915 748 3953 ιιιι·

503 4023 745 4078 ιιίο.ιιιιι·ιιιιι

806 290 927 350 490

807 463 1168 526 indemnem
1194 469 1525 545 loannem,
1558 470 1886 532 officialem
1917 473 1996 534 ab
2022 474 2194 535 omni
2224 475 2337 535 da-

809 574 957 617 mno
980 559 1360 637 etpericulo;
1393 562 1479 622 ita
1502 566 1730 636 tamen,
1756 568 1826 626 ut
1844 564 2084 626 lucrum
2102 567 2340 645 capita-

809 649 887 709 lis
927 668 1002 710 ex
1029 654 1227 711 morte
1260 653 1431 713 Pauli
1473 654 1637 715 intra
1679 662 1974 718 semestre
2016 659 2343 736 proveniat

813 741 1017 801 eidem
1048 744 1228 804 Petro
1253 790 1268 819 ,
1328 750 1397 805 ιιι
1441 747 1545 825 qui
1576 749 1763 810 sentit
1789 749 2089 810 damnum
2115 751 2343 813 sentiat

815 833 1004 894 etiam
1045 838 1106 895 et
1134 837 1536 897 commodum
1559 884 1574 915 ,
1637 841 1918 901 officialis
1947 861 2095 902 vero
2141 843 2342 902 solum

814 929 1147 987 concurrat
1182 932 1251 988 ιιι
1290 948 1556 1007 persona
1579 977 1595 1007 ,
1655 951 1794 1011 quae
1825 933 2015 996 habet
2043 935 2337 995 officium.

816 1018 1105 1079 Secundo
1135 1021 1323 1081 modo
1353 1021 1490 1082 fieri
1518 1025 1712 1100 solet,
1770 1030 1839 1086 ut
1865 1028 2085 1087 Petrus
2123 1028 2345 1087 imme-

816 1108 984 1170 diate
1033 1111 1301 1190 accipiat
1335 1117 1474 1175 200.
1536 1134 1575 1175 a
1619 1116 1809 1178 Paulo
1857 1118 1937 1178 ad
1982 1119 2345 1179 societatem

816 1201 1003 1261 officii
1037 1222 1051 1262 :
1099 1207 1164 1263 et
1207 1206 1503 1283 quoniam
1551 1210 1765 1269 Petrus
1795 1210 2033 1270 nullum
2070 1211 2347 1270 officium

815 1291 1027 1368 habet,
1063 1295 1208 1355 fecit
1236 1297 1353 1356 sibi
1398 1317 1434 1358 a
1461 1301 1703 1361 Joanne
1745 1302 2128 1363 commodari
2164 1321 2346 1363 suum

817 1385 1092 1446 officium
1123 1388 1202 1446 ad
1234 1388 1403 1450 hunc
1432 1391 1754 1468 effectum,
1801 1398 1872 1454 ut
1897 1413 2083 1472 super
2112 1395 2215 1454 illo
2247 1414 2350 1455 so-

816 1478 1107 1539 cietatem
1136 1480 1303 1542 ineat
1346 1501 1487 1543 cum
1517 1485 1748 1560 Paulo,
1810 1486 1978 1564 quod
2026 1487 2149 1546 dici
2193 1488 2351 1549 solet

816 1571 1065 1631 fundari
1094 1573 1457 1634 societatem
1485 1594 1674 1654 super
1698 1577 1901 1638 officio
1933 1579 2253 1657 veum-inc,
2288 1584 2351 1642 et

817 1665 1079 1741 uterque
1109 1664 1334 1725 modus
1365 1667 1545 1727 valde
1577 1668 1839 1730 usitatus
1870 1677 1981 1733 est.

896 1755 964 1814 In
996 1760 1216 1816 neutro
1260 1762 1473 1819 tamen
1521 1779 1669 1821 casu
1715 1767 1863 1839 puto
1908 1763 2183 1824 validam
2214 1784 2349 1825 esse

818 1846 1181 1907 societatem
1210 1868 1399 1928 supra
1428 1852 1704 1912 valorem
1738 1855 1948 1930 officii,
1972 1857 2022 1915 si
2045 1856 2179 1935 jam
2211 1858 2349 1918 alioe

818 1938 1147 2000 societates
1176 1959 1365 2019 super
1393 1943 1614 2004 eodem
1648 1947 1853 2008 officio
1872 1947 2148 2009 fundata}
2179 1955 2343 2026 sunt,

820 2049 961 2109 quae
989 2034 1191 2092 totum
1222 2033 1357 2113 ejus
1385 2037 1664 2097 valorem
1693 2039 2058 2118 explebant,
2091 2047 2161 2103 ut
2187 2042 2348 2102 bene

819 2123 1046 2201 probat
1071 2126 1371 2187 Zaccbias
1403 2129 1506 2188 ubi
1541 2149 1678 2209 sup.
1731 2150 1837 2192 nu.
1867 2135 1965 2193 83.
2010 2139 2072 2194 et
2101 2136 2258 2194 Rota
2286 2135 2348 2195 in

819 2215 1182 2276 universum
1213 2237 1322 2281 eas
1343 2220 1673 2283 societates
1701 2243 1891 2302 supra
1914 2226 2193 2286 valorem
2221 2228 2351 2287 offi-

820 2307 898 2368 cii
924 2325 1045 2367 non
1071 2310 1360 2388 admittit,
1395 2319 1457 2374 et
1484 2316 1704 2376 metito
1732 2336 1744 2376 :
1779 2318 1927 2395 quia
1956 2337 2349 2398 quocumque

819 2399 1007 2459 modo
1038 2401 1192 2463 fiant
1212 2448 1228 2477 ,
1279 2422 1529 2482 semper
1581 2407 1863 2467 officialis
1892 2410 2023 2486 ipse
2053 2416 2185 2485 est,
2246 2411 2354 2489 qui

818 2491 1181 2554 societatem
1203 2495 1438 2557 directe
1461 2499 1795 2576 contrahit,
1829 2507 1891 2562 et
1905 2501 2143 2580 obligat
2169 2520 2352 2562 suum

821 2584 1117 2661 officium,
1151 2592 1221 2648 ut
1247 2590 1618 2665 ponderavit
1645 2594 1803 2652 Rota
1831 2592 1895 2651 in
1926 2594 2200 2671 quadam
2232 2597 2354 2654 Ro-

820 2694 1008 2737 mana
1035 2678 1232 2739 societ
1260 2683 1355 2741 10.
1406 2681 1551 2742 Maii
1583 2685 1757 2744 1604.
1810 2684 1924 2744 sub
1972 2686 2198 2747 lllustr.
2231 2688 2355 2746 Lu-

820 2767 1506 2850 dovisio‚posteaGreg.
1528 2776 1659 2835 XV.
1687 2776 1790 2835 ubi
1812 2776 2120 2838 advertit:
2158 2780 2353 2838 «Con-

819 2864 1090 2923 tractum
1147 2863 1459 2925 societatis
1515 2867 1854 2929 consistere
1925 2870 2129 2930 solum
2191 2870 2355 2929 inter

820 2952 1075 3014 dantem
1106 2955 1401 3032 pecunias
1428 3003 1443 3033 ,
1477 2962 1540 3018 et
1563 2958 1898 3019 officialem
1922 3007 1937 3036 ,
1980 2965 2051 3021 ut
2079 2964 2251 3039 patet
2279 2979 2356 3020 ex

821 3050 1046 3106 natura
1074 3046 1418 3124 societati3‚
1477 3067 1617 3128 quae
1660 3070 1780 3111 non
1812 3057 2016 3132 potest
2043 3054 2179 3112 iniri
2212 3071 2355 3113 cum

821 3155 896 3198 eo
927 3183 942 3214 ,
996 3138 1103 3218 qui
1129 3157 1265 3200 rem
1293 3159 1417 3202 non
1448 3140 1638 3204 habet
1657 3190 1673 3216 ,
1709 3148 1771 3206 et
1797 3144 1886 3206 sic
1915 3163 2060 3206 cum
2089 3163 2211 3207 non
2244 3145 2356 3206 ha·-

819 3229 1008 3292 bente
1038 3232 1315 3293 officium
1346 3278 1361 3308 ,
1423 3238 1486 3295 et
1536 3235 1642 3295 alii
1699 3255 1915 3297 omnes
1958 3238 2350 3314 accedentes,

823 3324 1068 3385 etiamsi
1097 3343 1164 3384 se
1194 3325 1280 3385 uti
1310 3326 1686 3406 principales
1715 3330 2032 3407 obligent,
2067 3335 2129 3391 et
2170 3331 2232 3389 in
2260 3349 2357 3391 so-

820 3416 1019 3476 lidum
1047 3463 1063 3494 ,
1126 3436 1248 3479 non
1298 3425 1558 3496 possunt
1586 3421 1707 3481 dici
1747 3423 1920 3482 socii.
1954 3445 1982 3479 ι)
2034 3424 2185 3494 Quae
2213 3428 2360 3485 sunt

823 3509 1015 3569 verba
1046 3509 1193 3570 dicti
1225 3512 1505 3589 Gregorii
1538 3558 1553 3588 ,
1609 3516 1760 3574 tunc
1819 3516 1992 3574 Rotae
2056 3515 2351 3592 auditori,

825 3604 888 3662 et
915 3602 1236 3663 continent
1278 3604 1758 3665 fundamentum
1800 3609 1999 3666 totum
2029 3605 2217 3685 hujus
2246 3607 2359 3667 do-

823 3694 1062 3756 ctrinae.

902 3789 1030 3847 Nec
1059 3788 1395 3864 satisfacit,
1431 3790 1600 3867 quod
1630 3790 1821 3869 aliqui
1851 3791 2262 3868 respondent,
2296 3791 2356 3850 in

824 3879 1123 3958 praedicto
1168 3899 1316 3941 casu
1373 3881 1648 3942 officium
1693 3901 1819 3943 non
1868 3883 2134 3961 obligari
2169 3901 2360 3962 supra

644 3980 668 4009 ⁸
688 3978 730 4008 ¹⁰
824 3972 1137 4044 valorem;
1187 3972 1391 4051 posita
1420 3974 1586 4033 enim
1614 3974 1994 4035 relevatione
2018 4022 2034 4051 ,
2090 3994 2215 4054 qua
2244 3978 2360 4036 Pc-

823 4068 956 4124 trus
984 4065 1308 4144 accipiens
1327 4066 1623 4144 pecunias
1653 4066 1910 4142 relevat,
1946 4071 2007 4128 et
2035 4068 2243 4130 reddit
2269 4068 2359 4128 in·

825 4156 1117 4217 demnem
1167 4158 1497 4219 officialem
1528 4158 1606 4218 ab
1650 4159 1821 4219 omni
1858 4178 2047 4219 unere
2077 4160 2361 4220 solvendi

825 4248 1093 4327 capitale
1121 4294 1136 4325 ‚
1170 4250 1270 4310 vel
1300 4251 1539 4311 fructus
1563 4297 1578 4327 ,
1604 4252 1735 4329 ,iam
1769 4252 2044 4311 officium
2073 4257 2363 4313 censetur

825 4358 1083 4401 manere
1130 4341 1437 4417 liberum,
1497 4346 1560 4402 et
1614 4360 1757 4402 cum
1813 4346 1941 4404 toto
1988 4361 2101 4403 suo
2150 4344 2360 4404 valore

828 4433 1024 4494 libero
1053 4434 1215 4496 sicut
1243 4438 1449 4496 antea.
1483 4437 1613 4495 Hoc
1636 4480 1652 4511 ,
1700 4435 1958 4515 inquam
1978 4481 1993 4511 ,
2028 4454 2152 4495 non
2181 4435 2362 4496 satis·

828 4528 979 4587 facit
1012 4547 1025 4586 ε
1061 4528 1208 4606 quia
1237 4546 1359 4588 non
1396 4528 1677 4588 obstante
1708 4528 2089 4588 relevatione
2118 4531 2180 4587 et
2209 4528 2363 4588 obli-

825 4619 1081 4697 gatione
1131 4619 1328 4695 Petri,
1363 4620 1634 4680 officium
1666 4638 1812 4679 vere
1855 4624 2069 4680 manet
2114 4620 2360 4697 obliga-

827 4716 985 4786 tum,
1021 4714 1082 4771 et
1105 4711 1321 4772 datum
1342 4712 1533 4772 Paulo
1554 4712 1634 4772 ad
1655 4711 2039 4787 societatem,
2074 4730 2188 4771 nec
2209 4711 2362 4772 fide-

822 4805 1023 4882 jussio
1047 4852 1061 4878 ‚
1115 4804 1214 4864 vel
1261 4804 1560 4882 obligatio
1593 4804 1848 4865 alterius
1879 4804 2229 4864 extrinseca
2257 4822 2361 4864 au-

830 4898 952 4957 fert
1004 4896 1452 4975 obligationem
1501 4896 1935 4956 immediatam
1985 4900 2048 4957 et
2075 4896 2363 4957 intrinse-

807 5004 971 5049 ‘cam
1001 4989 1193 5067 ipsius
1221 4989 1409 5050 officii
1437 5035 1453 5065 ,
1506 4988 1673 5067 quod
1705 4988 1983 5050 societati
2014 4989 2362 5067 expositum

833 5088 947 5142 est.
992 5081 1166 5142 Sicut
1206 5080 1256 5140 si
1286 5080 1544 5140 domum
1578 5081 1885 5141 valentem
1913 5080 2082 5140 mille
2113 5099 2357 5158 aureOS,

830 5173 1170 5252 subjiceres
1201 5173 1416 5234 censui
1444 5172 1706 5234 totidem
1733 5191 2065 5234 aureorum
2085 5219 2100 5248 ,
2145 5192 2363 5251 quam-

829 5266 925 5325 vis
979 5266 1080 5326 alii
1125 5284 1238 5344 pro
1287 5266 1619 5325 securitate
1670 5284 1892 5325 census
1921 5265 2356 5344 fidejuberent,

831 5358 932 5418 vel
961 5378 1027 5419 se
1057 5358 1410 5437 obligarent
1453 5358 1535 5418 ad
1578 5358 1813 5418 reditus
1858 5358 1969 5418 tibi
2022 5358 2363 5419 refunden-

835 5451 983 5530 dos;
1016 5451 1240 5512 domus
1269 5454 1478 5512 tamen
1523 5468 1648 5511 non
1678 5454 1839 5512 esset
1872 5468 2069 5533 capax
2108 5450 2363 5512 alterius

1964 298 2068 359 DE
2110 299 2460 362 JUSTITIA
2508 300 2613 361 ΕΤ
2651 299 2850 362 JURE

2441 493 2704 550 censue,
2762 473 2908 553 quia
2955 473 3090 553 jam
3134 491 3257 533 non
3295 472 3490 534 habet
3526 473 3798 547 fructus,
3858 469 3963 548 qui

2442 567 2630 626 vendi
2657 567 2928 645 possint,
2976 584 3119 627 cum
3147 585 3364 626 omnes
3393 566 3528 645 ejus
3555 566 3794 625 fructus
3822 581 3965 622 ven·

2443 660 2555 720 diti
2609 659 2733 720 sint
2787 659 3054 737 emptori
3098 658 3322 736 prioris
3367 676 3610 718 census.
3671 656 3967 718 Similiter

2444 769 2591 829 ergo
2624 752 2685 810 in
2718 750 3101 829 obligatione
3129 750 3319 810 officii
3348 749 3684 810 dicendum
3712 752 3808 808 est
3841 769 3855 808 :
3907 751 3968 807 et

2442 844 2602 904 ratio
2634 847 2764 919 est,
2813 843 2958 922 quia
3001 841 3283 902 officialis
3313 860 3436 901 non
3474 846 3680 920 potest
3704 839 3967 900 fundare

2446 935 2807 996 societatem
2828 952 3016 1012 super
3036 933 3413 1013 obligatione
3435 933 3621 1010 Petri,
3647 937 3709 993 et
3728 932 3970 993 actione

2447 1044 2638 1106 quam
2667 1027 2966 1087 adversus
2992 1029 3245 1087 Petrum
3274 1026 3462 1086 habet
3498 1043 3609 1103 pro
3654 1041 3769 1085 sua
3796 1023 3970 1083 iude-

2444 1119 2738 1194 mnitate,
2774 1136 2916 1178 cum
2949 1118 3246 1197 obligatio
3277 1119 3380 1177 illa
3410 1135 3534 1177 non
3563 1118 3643 1178 sit
3669 1117 3966 1192 officium,

2446 1211 2557 1271 sed
2587 1211 2877 1290 quaedam
2930 1211 3227 1288 obligatio
3257 1210 3600 1289 personalis
3632 1230 3646 1270 :
3696 1228 3851 1287 ergo
3879 1228 3970 1269 so-

2446 1303 2575 1362 lum
2605 1301 2870 1362 fundare
2900 1307 3104 1379 potest
3130 1303 3491 1364 societatem
3508 1320 3698 1380 super
3724 1301 3967 1363 officio:

2448 1396 2626 1473 cujus
2656 1394 2909 1472 quidem
2939 1395 3114 1454 valor
3143 1412 3267 1454 non
3298 1395 3521 1454 crescit
3541 1398 3797 1471 propter
3825 1394 3975 1454 obli-

2447 1487 2765 1564 gationem
2786 1487 2954 1546 Petri
2973 1505 3083 1565 pro
3106 1486 3537 1562 indemnitate,
3560 1486 3665 1546 sed
3688 1489 3979 1546 crescunt

2447 1580 2613 1639 bona
2642 1579 2958 1654 officialiS,
3004 1597 3148 1640 cum
3192 1578 3423 1640 habeat
3461 1578 3539 1638 de
3570 1596 3732 1639 novo
3762 1577 3871 1656 jus
3897 1577 3975 1637 ad

2447 1670 2947 1750 recuperandum
2975 1690 3015 1731 a
3045 1674 3226 1732 Petro
3252 1716 3268 1747 ,
3314 1670 3623 1750 quidquid
3662 1670 3978 1730 societatis

2449 1781 2640 1824 causa
2668 1762 2943 1824 solverit.
2981 1765 3182 1841 Super
3208 1763 3329 1823 hoc
3355 1767 3565 1824 tamen
3590 1761 3977 1823 incremento

2449 1874 2572 1915 non
2604 1858 2809 1933 potest
2836 1856 3104 1917 societas
3133 1855 3321 1915 officii
3348 1855 3643 1931 fundari,
3677 1872 3824 1915 cum
3853 1871 3979 1915 non

2446 1949 2526 2008 sit
2554 1948 2849 2008 officium.
2886 1949 3016 2009 Hoc
3035 1953 3248 2009 autem
3275 1948 3480 2026 ipsum
3502 1946 3842 2008 dicendum
3861 1951 3975 2021 est,

2448 2040 2700 2119 quando
2731 2042 2952 2101 Petrus
3001 2039 3134 2119 ipse
3176 2040 3541 2101 societatem
3577 2037 3983 2100 contraheret

2447 2150 2591 2192 cum
2618 2133 2809 2192 Paulo
2855 2151 3042 2210 super
3087 2133 3290 2193 officio
3338 2132 3598 2194 Joannis
3648 2131 3764 2209 ipsi
3794 2133 3980 2190 Petro

2447 2225 2530 2285 ad
2585 2224 2751 2284 huuc
2802 2226 3091 2284 effectum
3143 2223 3615 2285 accommodato
3659 2244 3673 2284 :
3732 2241 3984 2300 semper

2449 2317 2615 2376 enim
2646 2316 2922 2377 officium
2965 2315 3329 2377 immediate
3358 2316 3674 2393 obligatur
3696 2361 3712 2391 ,
3759 2319 3824 2376 et
3852 2315 3983 2375 offi-

2448 2408 2620 2469 cialis
2649 2412 2745 2468 est
2771 2409 2878 2486 qui
2907 2407 3223 2469 contrabit
3250 2426 3363 2486 per
3388 2427 3487 2482 se,
3520 2408 3619 2468 vel
3647 2425 3761 2485 per
3788 2407 3984 2466 alium

2449 2501 2551 2561 cui
2580 2500 2687 2561 dat
2712 2500 3029 2561 licentiam
3060 2499 3496 2561 contrahendi.

2531 2593 2809 2670 Septimo
2839 2591 3114 2652 dubitari
3158 2596 3366 2671 potest
3407 2593 3575 2653 circa
3616 2592 3780 2652 hanc
3808 2609 3984 2652 eam·
4112 2605 4175 2663 65

2451 2685 2596 2745 dem
2649 2684 3120 2760 conditionem,
3178 2703 3259 2744 an
3308 2685 3559 2762 quando
3603 2684 3873 2745 societas
3916 2685 3987 2744 fit

2454 2795 2646 2855 supra
2670 2775 2950 2836 valorem
2981 2776 3191 2851 officii,
3226 2776 3577 2837 debeantur
3602 2776 3845 2836 fructus
3871 2776 3988 2836 sal-
4029 2728 4212 2825 *wsb-:¹

2451 2874 2578 2930 tem
2607 2885 2718 2946 pro
2748 2872 2885 2929 rata
2912 2887 3111 2947 usque
3144 2869 3224 2928 ad
3257 2869 3554 2943 xalorem,
3586 2886 3665 2927 an
3686 2886 3838 2928 vero
3857 2872 3988 2929 tota
4032 2831 4212 2942 ssffi

2452 2960 2740 3021 corruat?
2784 2960 2990 3039 Aliqui
3036 2965 3272 3039 negant
3308 2961 3517 3020 valere
3546 2965 3800 3038 propter
3830 2959 3988 3018 indi·
4059 2942 4212 2983 Μή

2450 3052 2815 3114 viduitatem
2847 3056 3207 3113 contractus
3227 3098 3242 3128 ,
3279 3070 3437 3131 quos
3465 3053 3659 3112 refert
3682 3051 3991 3113 Zacchias

2453 3163 2625 3206 num.
2664 3149 2799 3208 100.
2834 3145 2967 3226 ipse
2996 3149 3208 3207 tamen
3239 3162 3384 3205 cum
3412 3143 3551 3205 aliis
3577 3144 3789 3205 verius
3818 3143 3994 3203 affir-

2451 3243 2603 3315 mat,
2638 3256 2780 3299 cum
2802 3240 2962 3299 Rota
2980 3238 3041 3298 in
3066 3238 3348 3316 pluribus
3369 3236 3809 3312 decisionibuS,
3835 3254 3995 3315 quas

2454 3330 2538 3390 ibi
2569 3330 2792 3404 affert,
2845 3330 3049 3390 solum
3093 3329 3261 3390 enim
3307 3328 3679 3406 prohibetur
3723 3327 3995 3388 societas

2451 3423 2616 3483 ultra
2655 3423 2933 3482 valorem
2979 3422 3167 3482 officii
3190 3468 3206 3497 ,
3268 3426 3330 3483 et
3375 3421 3526 3481 utile
3584 3438 3695 3499 per
3767 3419 3991 3480 inutile

2454 3514 2663 3575 vitiari
2695 3531 2817 3573 non
2847 3514 3057 3575 debet.

2535 3609 2769 3667 Octavo
2801 3606 3076 3666 dubitari
3104 3608 3347 3684 potest,
3381 3604 3460 3665 de
3491 3623 3615 3682 quo
3647 3603 3861 3664 valore
3891 3603 3996 3662 de-
4127 3603 4187 3660 67

2455 3698 2603 3758 beat
2631 3697 2751 3756 hoc
2781 3697 3085 3775 intelligi?
3120 3696 3592 3774 Respondetur,
3626 3714 3748 3755 non
3780 3695 3862 3755 de
3892 3713 3997 3754 va·
4044 3732 4101 3772 Α,
4119 3729 4212 3769 w

2455 3791 2587 3850 lore
2612 3789 2821 3864 officii,
2856 3788 3108 3867 quando
3131 3793 3410 3892 emptum
3437 3788 3573 3863 fuit,
3604 3787 3715 3847 sed
3737 3786 3996 3866 quando
4042 3783 4212 3881 23⁴?AE

2457 3882 2723 3942 societas
2765 3880 3191 3955 contrabitur,
3251 3881 3377 3939 imo
3422 3880 3569 3941 licet
3601 3898 3677 3939 eo
3707 3884 3998 3957 tempore
4046 3896 4211 3943 artu·

2458 3973 2734 4033 officium
2761 3973 2968 4033 minus
2986 3973 3245 4047 valeret,
3281 3978 3343 4033 et
3369 3971 3512 4031 ideo
3541 3972 3807 4033 societas
3836 3977 3999 4034 tota·
4210 4034 4211 4049 ,

2457 4066 2599 4127 liter
2629 4084 2753 4126 non
2783 4069 2988 4143 potest
3015 4065 3398 4126 subsistere:
3442 4065 3495 4124 si
3534 4070 3742 4126 tamen
3773 4069 4002 4143 postea
4210 4066 4211 4143 l

2459 4162 2701 4219 crescat
2726 4157 2911 4218 officii
2933 4157 3127 4232 valor,
3162 4157 3427 4217 durante
3456 4157 3774 4231 societate,
3806 4158 3894 4216 ab
3924 4174 4000 4216 eo
4210 4164 4211 4175 ¹

2458 4255 2741 4329 tempore
2771 4249 3067 4310 subsistet
3092 4250 3358 4309 societas
3388 4249 3694 4324 totaliter,
3742 4254 3810 4309 ιιι
3839 4250 4005 4311 fate·

2459 4348 2560 4404 tur
2588 4342 2753 4403 idem
2785 4341 3084 4401 Zacchias
3113 4359 3286 4401 num.
3317 4344 3417 4402 99.
3452 4344 3516 4400 et
3541 4340 3701 4401 ratio
3731 4358 3871 4401 esse
3894 4358 4004 4418 po-

2460 4439 2582 4496 test
2606 4454 2618 4495 :
2654 4433 2800 4511 quia
2820 4436 3258 4510 perseverante
3278 4432 3544 4510 pecunia
3564 4432 3712 4493 data
3739 4431 3819 4491 ad
3853 4451 4006 4493 eum

2459 4529 2674 4602 finem,
2709 4530 2771 4586 et
2795 4527 3238 4604 perseverante
3268 4525 3588 4584 voluntate
3618 4524 4008 4584 contrahen-

2460 4619 2617 4681 tium
2639 4663 2654 4694 ,
2699 4621 2762 4678 et
2789 4621 3068 4677 cessante
3100 4616 3510 4695 incapacitate
3539 4634 3614 4675 ex
3642 4620 3820 4693 parte
3852 4618 4009 4678 sub-

2455 4710 2634 4791 jecti,
2668 4709 3004 4769 revalidari
3045 4713 3250 4786 potest
3285 4711 3644 4768 contractus
3687 4726 3760 4767 ea
3789 4715 4004 4787 parte,

2463 4822 2587 4882 qua
2618 4806 2875 4881 propter
2902 4800 3420 4879 impedimentum
3452 4805 3638 4860 antea
3669 4818 3791 4861 non
3826 4802 4011 4862 vale·

2465 4896 2593 4956 bat.

2543 4990 2718 5048 Nono
2749 4986 3022 5048 dubitari
3051 4989 3277 5065 potest,
3312 5004 3391 5045 an
3423 5004 3458 5045 v
3464 4985 3625 5047 aleat
3654 4985 3883 5046 saltem
3914 5004 4012 5046 so·
4144 4986 4211 5045 GB

2464 5081 2656 5142 cietas
2684 5098 2878 5158 supra
2902 5079 3183 5140 valorem
3211 5078 3422 5154 officii,
3457 5079 3708 5157 quando
3738 5083 4007 5139 contra·
4107 5109 4211 5161 0¹24,

2465 5172 2686 5234 bentes
2715 5172 3092 5251 ignorabant
3119 5171 3487 5231 excessum?
3526 5172 3604 5232 Et
3631 5170 3921 5249 quidem,
3955 5172 4006 5231 si
4066 5164 4212 5271 2253

2464 5270 2727 5344 uterque
2774 5264 3149 5326 contrahens
3210 5264 3448 5324 sciebat
3514 5264 4005 5342 incapacitatem
4082 5283 4163 5311 me
4184 5278 4212 5309 ⁵¹

2463 5358 2691 5433 officii,
2742 5357 3005 5419 societas
3053 5374 3179 5417 non
3209 5356 3412 5432 valet,
3471 5375 3589 5417 nec
3634 5356 3879 5435 obligat
3923 5356 4008 5417 ad
4104 5325 4212 5418 Ἥ

2463 5450 2701 5513 tructus
2728 5450 3104 5512 reddendos,
3156 5448 3418 5525 Quando
3466 5449 3654 5516 etiam
3696 5449 3859 5511 dans
3891 5468 4007 5529 pe-
