4263 6376
1223 337 1692 400 DISPUTATIO
1738 335 1951 414 XXIV,
2002 335 2275 399 SECTIO
2318 337 2422 398 IX.

252 518 320 580 de
336 517 509 580 rebus
532 515 743 595 dubiis,
764 517 973 580 neutri
993 516 1345 578 libertatem
1368 514 1607 592 deberi,
1641 513 1786 595 quia

254 631 366 676 nec
380 613 639 674 libertas
660 611 862 672 dividi
882 614 1106 689 potest,
1128 628 1243 670 nec
1265 609 1453 671 etiam
1476 627 1550 670 ex
1566 607 1789 671 utrius·

254 725 373 789 que
402 723 715 768 consensu
770 705 931 767 forte
979 703 1223 764 definiri
1265 706 1516 782 potest:
1561 701 1792 782 poterit

253 799 418 859 enim
443 817 580 860 sors
609 798 765 858 dare
792 798 1149 859 libertatem
1180 796 1267 856 illi
1288 796 1364 856 de
1388 814 1509 875 quo
1532 799 1791 857 testator

255 910 377 953 non
407 891 747 969 intellexit,
792 909 910 952 nec
949 890 1106 952 alter
1134 889 1336 969 potuit
1364 889 1470 969 jus
1498 907 1680 949 suum
1710 887 1789 947 ad

252 986 610 1048 libertatem
632 985 698 1046 in
729 984 997 1047 alterum
1026 999 1401 1044 conservum
1426 983 1785 1044 transferre.

254 1080 414 1144 Talis
444 1078 640 1142 etiam
683 1084 780 1141 est
819 1079 1016 1142 tutela
1043 1076 1548 1150 testamentaria;
1598 1093 1791 1156 quare

254 1191 472 1236 verum
503 1172 647 1250 erit,
684 1171 856 1254 quod
886 1171 965 1233 de
995 1172 1101 1233 illa
1131 1170 1358 1233 dicitur
1386 1170 1449 1230 in
1471 1170 1634 1231 dicta
1662 1169 1785 1247 leg.

253 1268 535 1330 Dnosum
571 1265 754 1340 Titii;
808 1265 955 1347 quia
1000 1284 1161 1326 unus
1206 1267 1378 1327 tutor
1420 1281 1546 1324 non
1588 1266 1793 1343 potest

247 1361 347 1443 jus
398 1360 618 1423 tutelae
686 1358 866 1422 alteri
920 1358 1144 1420 cedere
1177 1404 1193 1435 ,
1268 1356 1347 1417 dc
1410 1374 1534 1436 quo
1598 1360 1793 1419 testor

254 1473 373 1516 non
420 1453 763 1532 cogitavit,
824 1452 985 1514 sicut
1026 1455 1230 1531 potest
1266 1448 1606 1530 legatarius
1652 1468 1792 1529 par-

253 1553 376 1611 tem
427 1546 627 1626 legati
673 1547 856 1608 alteri
885 1544 1371 1607 communicare.
1422 1544 1572 1605 Tale
1602 1543 1791 1605 etiam

254 1642 511 1703 fortasse
560 1640 683 1702 erit
721 1638 1278 1701 fideicommissum
1320 1637 1604 1699 relictum
1648 1654 1792 1697 cum

251 1734 673 1813 prohibitione
741 1732 1056 1795 alienandi
1113 1751 1127 1793 ε
1202 1732 1255 1792 si
1343 1730 1509 1792 enim
1589 1730 1790 1791 haeres

247 1828 543 1909 jubeatur
595 1826 924 1889 restituere
972 1827 1232 1888 domum
1274 1827 1336 1887 et
1389 1824 1653 1885 fundum
1689 1823 1791 1884 Ti-

251 1922 333 1982 tio
352 1967 368 1997 ,
416 1924 479 1983 ct
508 1940 645 1982 non
675 1923 922 1982 constat
948 1920 1028 1980 de
1058 1936 1182 2000 quo
1213 1937 1288 1978 ex
1330 1917 1574 1978 duobus
1615 1914 1792 1978 Titiis

254 2033 449 2076 sermo
478 2014 603 2092 sit,
655 2032 780 2075 non
809 2013 1037 2094 poterit
1073 2012 1176 2073 ille
1216 2010 1295 2071 ad
1337 2028 1525 2090 quem
1571 2028 1791 2070 revera

254 2107 520 2187 pertinet
553 2107 910 2170 consentire
932 2105 1245 2182 divisioni,
1281 2122 1423 2166 cum
1452 2122 1576 2165 non
1598 2103 1793 2182 possit

255 2205 492 2281 partem
521 2200 829 2277 alienare,
863 2218 979 2260 nec
1009 2199 1198 2260 etiam
1226 2198 1454 2278 poterit
1475 2195 1579 2277 jus
1608 2215 1791 2256 suum

255 2295 565 2374 integrum
612 2294 679 2355 in
710 2294 977 2356 alterum
1005 2292 1385 2367 transferre3
1435 2290 1583 2371 quia
1622 2291 1673 2351 si
1712 2291 1789 2350 de

257 2389 371 2450 hoc
398 2407 521 2450 non
554 2387 866 2450 intellexit
892 2391 1156 2449 testator
1175 2433 1190 2463 ,
1219 2385 1353 2464 jam
1382 2389 1584 2446 totum
1611 2383 1792 2444 fidei-

257 2482 664 2543 commissum
707 2485 929 2542 contra
976 2478 1110 2559 ejus
1140 2479 1527 2540 voluntatem
1556 2477 1793 2539 aliena-

256 2581 371 2639 tur.
408 2574 656 2637 Poterit
680 2578 894 2636 tamen
926 2572 989 2634 id
1018 2572 1157 2633 fieri
1187 2590 1261 2632 ex
1289 2572 1583 2634 facultate
1611 2571 1788 2652 prin-

259 2669 432 2749 cipis,
479 2667 589 2749 qui
630 2667 805 2748 justa
851 2684 1042 2728 causa
1069 2663 1555 2741 interveniente,
1588 2667 1793 2743 potest

258 2761 615 2824 facultatem
673 2759 990 2821 alienandi
1038 2758 1421 2834 concedere,
1481 2760 1542 2819 et
1586 2759 1792 2837 potest

260 2855 511 2934 singulis
534 2854 905 2915 facultatem
934 2853 1085 2913 dare
1105 2850 1448 2927 dividendi,
1483 2854 1551 2912 ιιι
1579 2851 1679 2910 ille
1710 2850 1790 2912 ad

259 2966 437 3029 quem
464 2965 620 3008 vere
653 2946 943 3026 pertinet,
975 2945 1313 3007 transferat
1343 2945 1405 3005 in
1437 2943 1626 3003 alium
1648 2963 1791 3023 par-

259 3046 377 3103 tem
403 3039 920 3116 fideicommissi,
952 3038 1053 3098 vel
1084 3037 1275 3099 etiam
1301 3040 1504 3099 totum
1536 3041 1793 3116 accepta

260 3133 808 3214 compensatione;
897 3131 1157 3193 deberet
1221 3134 1434 3193 tamen
1503 3129 1792 3209 princeps

262 3227 413 3288 hanc
442 3228 644 3289 etiam
673 3226 1249 3306 compensationem
1277 3223 1586 3303 subjicere
1616 3223 1794 3284 fidei-

263 3322 623 3396 commiss0,
673 3324 736 3382 et
762 3319 1167 3400 prohibitioni
1206 3318 1550 3394 alienandi,
1586 3321 1655 3379 ut
1679 3336 1791 3379 vo-

260 3415 457 3476 luntas
477 3414 820 3490 testatoriS,
852 3416 1157 3494 quantum
1177 3411 1312 3473 fieri
1331 3409 1549 3493 possit,
1584 3410 1790 3472 obser-

264 3512 453 3570 vetur.

337 3603 611 3665 infertur
666 3601 966 3673 secundo,
998 3600 1062 3661 in
1090 3598 1314 3679 legatis
1357 3598 1659 3677 ecclesiae,
1694 3599 1794 3660 vel

149 3728 180 3771 ,ἰ
267 3712 460 3756 causae
489 3695 615 3774 piae
647 3693 879 3755 relictis
926 3691 1390 3754 obscrvandum
1421 3710 1578 3769 esse,
1626 3692 1792 3772 quod

133 3784 195 3878 {¹⁶⁸⁵
269 3789 325 3848 in
361 3788 665 3868 praedicto
715 3786 1092 3848 Authentico
1122 3784 1191 3846 de
1217 3785 1525 3848 ecclesiast.
1561 3785 1651 3846 tit.
1686 3786 1790 3846 de-

267 3883 552 3944 cernitur.
592 3881 659 3941 Si
692 3879 946 3961 quidem
984 3879 1083 3939 lex
1105 3879 1278 3960 justa
1307 3881 1419 3955 est,
1455 3882 1518 3941 et
1546 3879 1797 3958 exiveri-

267 3975 439 4036 simili
467 3974 789 4037 testatoris
845 3974 1330 4052 praesumptione
1384 3973 1448 4033 in
1505 3972 1793 4034 omnibus

267 4068 374 4128 iuis
401 4067 711 4147 procedit.
765 4066 1026 4141 Quando
1055 4085 1203 4126 vero
1248 4066 1389 4127 duae
1446 4071 1654 4129 essent
1696 4086 1792 4128 ec·

268 4162 458 4222 clesiae
512 4161 804 4242 ejusdem
840 4160 1024 4234 tituli,
1061 4163 1122 4220 et
1151 4164 1373 4221 neutra
1429 4162 1594 4221 esset
1630 4159 1793 4222 intra

268 4255 627 4335 parochiam
670 4253 1008 4331 testatoriS,
1050 4270 1164 4314 ncc
1193 4252 1501 4331 maiorem
1544 4252 1795 4333 conjec—

268 4352 459 4409 turam
488 4367 606 4429 pro
639 4366 704 4407 se
735 4346 1017 4425 haberet,
1080 4365 1195 4407 nec
1226 4350 1391 4408 esset
1419 4347 1626 4411 altera.
1641 4364 1791 4425 pau-

271 4442 485 4521 perior,
520 4461 646 4504 non
679 4441 930 4502 videtur
959 4440 1127 4521 quod
1158 4440 1452 4520 episcopo
1476 4439 1793 4519 relinqua-

271 4539 363 4596 tur
388 4536 631 4610 electio,
650 4534 761 4595 sed
779 4533 946 4613 quod
969 4534 1379 4595 dividendum
1408 4534 1487 4595 sit
1514 4534 1792 4612 legatum

273 4627 420 4690 inter
447 4633 805 4707 utramque,
839 4631 909 4688 ut
944 4645 1087 4687 cum
1139 4628 1416 4704 Bartolo,
1452 4630 1513 4688 et
1568 4628 1786 4689 Covar.

274 4721 444 4784 docet
469 4724 661 4785 etiam
688 4720 920 4783 Melina
948 4720 1108 4799 disp.
1137 4721 1245 4781 illa
1274 4736 1502 4783 cxcvn.
1550 4720 1612 4780 in
1641 4720 1786 4781 fine.

275 4814 475 4887 Quado
530 4815 765 4891 tamen]
803 4834 903 4875 res
960 4813 1286 4874 individua
1342 4817 1527 4891 esset,
1579 4832 1638 4875 v.
1690 4832 1785 4893 gr.

275 4907 539 4970 fundatio
571 4907 865 4969 beneficii
892 4908 991 4969 vel
1022 4906 1447 4984 canonicatuS,
1481 4910 1590 4968 aut
1617 4925 1792 4968 cons-

275 5000 484 5063 tructio
542 5000 825 5081 capellae,
876 5000 941 5060 in
996 5000 1105 5062 tali
1159 5000 1422 5060 ecclesia
1482 5000 1639 5061 forte
1694 5000 1793 5061 vel

277 5095 680 5156 transactione
709 5093 1019 5156 tradenda
1045 5112 1147 5154 res
1178 5097 1361 5155 esset.
1398 5093 1541 5155 Sive
1584 5096 1793 5155 autem

280 5186 523 5248 dividua
552 5189 633 5249 sit
660 5188 791 5248 sive
821 5187 1165 5263 individua,
1199 5187 1252 5247 si
1292 5206 1392 5247 res
1437 5187 1797 5247 inalienabi-

277 5278 345 5339 lis
370 5280 465 5357 sit,
496 5281 780 5360 requitur
808 5280 1059 5342 licentia
1088 5280 1426 5357 Pontificis,
1478 5284 1546 5342 ut
1574 5285 1793 5341 contra

280 5373 648 5437 voluntatem
695 5375 854 5435 forte
907 5373 1220 5436 testatoris
1294 5392 1392 5434 res
1446 5373 1794 5453 applicetur

286 5465 458 5527 etiam
487 5486 556 5528 ex
588 5487 893 5528 consensu
925 5467 1179 5528 alterius
1212 5467 1489 5528 ecclesiae
1508 5466 1685 5529 alteri
1714 5465 1801 5529 lo-

287 5575 373 5631 co,
404 5560 477 5620 de
507 5580 630 5641 quo
661 5562 923 5623 fortasse
952 5564 1213 5623 testator
1242 5579 1363 5623 non
1397 5561 1712 5639 cogitavit.

3307 334 3420 395 135

1970 514 2149 575 Nunc
2169 512 2305 594 jam
2335 511 2616 574 dicamus
2671 513 2749 574 de
2803 513 3010 592 legato
3066 527 3210 574 cum
3265 511 3421 573 falsa

3567 510 3682 570 235

1888 608 2440 683 demonstratione,
2475 610 2568 668 est
2602 611 2813 669 autem
2861 607 3309 671 demonstratio
3340 606 3423 666 si-
3469 635 3767 680 Fundamen-

1886 719 2080 779 gnum
2112 701 2468 781 appositum
2519 700 2597 761 ad
2654 701 3132 780 significandam
3164 718 3302 761 rem
3328 701 3420 761 le-

1889 799 2123 873 gatam,
2149 795 2247 856 vel
2277 813 2612 874 personam
2641 795 2741 855 cui
2795 795 3063 873 legatur.
3124 795 3417 855 Dicamus

1892 907 2042 966 crgo
2073 888 2244 968 prius
2275 888 2353 948 de
2385 888 2914 950 demonstratione
2953 887 3107 948 falsa
3135 891 3421 966 respectu

1890 981 1981 1040 rei
1997 982 2251 1060 legatam
2278 985 2347 1043 ut
2365 981 2416 1040 si
2438 981 2607 1042 dicat
2634 1002 2646 1042 :
2672 981 2830 1062 Leqo
2857 981 3037 1043 Petro
3065 990 3290 1042 eentum
3318 1001 3426 1041 au-

1891 1093 2038 1152 reos,
2072 1094 2213 1155 quos
2240 1074 2418 1135 habeo
2448 1074 2506 1134 in
2537 1073 2650 1135 tali
2689 1074 2833 1151 loco,
2867 1075 2968 1135 vel
3022 1083 3248 1136 eentum
3300 1094 3425 1135 mo-

1890 1166 2014 1228 dios
2042 1167 2247 1244 tritici,
2281 1187 2422 1249 quos
2450 1167 2627 1229 habeo
2655 1167 2714 1228 in
2742 1166 2854 1229 tali
2877 1167 3108 1246 horreO,
3169 1172 3230 1230 et
3284 1187 3423 1249 pos-

1892 1266 1995 1324 tea
2025 1262 2086 1322 in
2115 1262 2236 1321 illis
2264 1261 2418 1322 locis
2462 1280 2585 1322 non
2643 1260 3043 1323 inveniantur
3081 1261 3196 1322 nisi
3244 1263 3425 1341 quin-

1894 1373 2038 1435 que,
2072 1355 2171 1415 vel
2217 1356 2375 1416 forte
2432 1354 2605 1416 nulli.
2639 1356 2709 1415 ln
2756 1374 2878 1434 quo
2910 1358 3140 1434 puncto
3189 1355 3423 1417 Molina

1891 1447 2050 1528 disp.
2104 1465 2226 1510 CXI.
2297 1448 2734 1509 universaliter
2780 1448 2951 1526 dicit,
3000 1448 3306 1528 imprimis
3358 1450 3421 1508 in

1892 1541 2026 1603 foro
2058 1541 2454 1603 conscientiae
2476 1541 2770 1604 standum
2793 1560 2926 1602 esse
2955 1540 3283 1604 intentioni
3301 1545 3426 1604 tes-

1893 1635 2133 1712 tatoriS,
2173 1629 2314 1714 qua&
2368 1635 2419 1695 si
2474 1640 2716 1697 constet
2753 1653 2878 1696 non
2907 1635 3097 1697 fuisse
3128 1635 3425 1714 alligandi

1888 1730 2168 1807 legatum
2223 1728 2303 1788 ad
2355 1728 2585 1801 locum,
2635 1727 2745 1788 sed
2828 1728 2995 1807 quod
3080 1728 3421 1789 solveretur

1891 1821 2080 1884 etiam
2110 1841 2186 1882 ex
2214 1820 2435 1898 aliis‚si
2463 1820 2547 1881 ibi
2580 1840 2703 1881 non
2735 1824 2962 1897 essent,
2999 1820 3117 1881 hoc
3147 1820 3265 1883 erit
3293 1838 3428 1880 om-

1890 1915 2035 1977 nino
2064 1914 2444 1976 faciendum.
2479 1914 2687 1978 Verba
2717 1918 2930 1976 autem
2960 1913 3065 1973 illa
3119 1913 3182 1973 in
3231 1913 3423 1975 dubio

1891 2009 2230 2070 ostendunt
2255 2007 2704 2087 alligationem,
2739 2008 2823 2069 ita
2871 2011 2941 2069 ut
2969 2006 3020 2067 si
3060 2005 3121 2067 in
3151 2007 3257 2068 tali
3286 2008 3424 2070 loco

1891 2121 2017 2163 non
2071 2104 2237 2178 sunt,
2311 2120 2386 2162 ea
2466 2099 2669 2161 solum
2725 2100 3093 2176 debeantur,
3144 2118 3284 2179 quae
3338 2100 3427 2160 ibi

1889 2198 2054 2273 sunt,
2088 2214 2164 2255 ex
2191 2196 2233 2257 l.
2270 2193 2348 2255 Si
2378 2212 2576 2254 servus
2607 2193 2852 2275 leqatus,
2899 2193 2954 2272 ἓ.
3012 2192 3127 2268 Qui
3150 2212 3423 2274 qumque,

3494 690 3613 732 tratio
3639 703 3768 745 quana

3515 744 3568 786 do
3586 744 3718 788 vitiet.

1890 2289 2017 2350 etl.
2053 2288 2131 2349 Si
2150 2288 2255 2365 sic,
2288 2289 2346 2367 §-
2379 2305 2422 2349 1.
2460 2289 2524 2348 ff.
2555 2286 2624 2347 de
2654 2286 2861 2367 leqatis
2898 2303 2943 2347 1.
2994 2288 3049 2348 l.
3087 2286 3330 2367 Leyavi,
3358 2288 3421 2350 ff.
3526 2295 3530 2308 ⁹

1889 2381 1958 2444 de
1986 2381 2323 2443 liberatione
2352 2381 2544 2462 Ieyata
2571 2382 2612 2442 l.
2659 2398 2701 2442 1.
2734 2381 2790 2460 ἓ.
2839 2379 2948 2442 ult.
2984 2400 3147 2443 verS.
3183 2380 3309 2442 Sed
3323 2379 3434 2442 etsi

1887 2475 2097 2553 dotem,
2133 2477 2195 2537 ff.
2256 2474 2325 2536 de
2370 2473 2501 2535 dote
2543 2473 2794 2555 proeleq.
2848 2473 3030 2535 Unde
3079 2474 3130 2534 si
3185 2474 3429 2536 dicatu·-

1890 2573 2059 2648 Lego
2076 2572 2263 2631 Petro
2293 2572 2545 2629 centum
2569 2584 2710 2646 quae
2752 2565 2983 2627 Paulus
3012 2565 3168 2627 mihi
3215 2566 3423 2643 debet,

1894 2664 2084 2726 Paulo
2141 2661 2330 2737 nihil,
2382 2660 2481 2720 vel
2537 2661 2740 2721 solum
2796 2658 3252 2738 quinquaginta
3319 2659 3429 2719 de·-

1892 2759 2106 2832 bente,
2142 2754 2249 2815 illa
2278 2754 2435 2827 sola,
2468 2753 2566 2815 vel
2596 2751 2750 2812 nihil
2779 2753 3001 2813 Petrus
3030 2752 3307 2828 habebit,
3369 2755 3430 2812 et

1893 2851 2062 2913 idem
2117 2847 2255 2923 erit,
2307 2847 2356 2908 si
2415 2845 2660 2923 dixerit,
2708 2847 2877 2924 Lego
2934 2846 3118 2906 Petro
3179 2848 3429 2905 centum

1895 2962 2034 3024 quae
2062 2942 2195 3022 ipse
2215 2940 2369 3001 mihi
2400 2940 2589 3001 debet
2620 2959 2635 3014 ;
2670 2957 2815 3000 cum
2841 2941 3058 3000 tamen
3108 2937 3242 3017 ipse
3272 2937 3429 2998 nihil

1895 3038 2175 3098 deberet.
2209 3036 2285 3095 Et
2313 3033 2377 3094 in
2406 3033 2481 3095 iis
2510 3032 2892 3095 conveniunt
2914 3031 3018 3093 alii
3050 3031 3240 3093 etiam
3267 3048 3431 3092 com-

1893 3131 2186 3206 muniter,
2221 3126 2502 3205 Armilla,
2564 3127 2884 3204 Silvester,
2920 3125 3200 3206 Angelus
3258 3123 3426 3206 apud

1897 3224 2179 3288 Sanchez
2225 3222 2332 3284 lib.
2369 3224 2472 3285 lV.
2526 3219 2747 3284 Consil.
2808 3240 2947 3301 cap.
2981 3236 3050 3283 11.
3086 3219 3235 3282 dub.
3269 3236 3424 3283 xvn.

1895 3337 2067 3381 num.
2097 3320 2152 3379 1.

1974 3409 2327 3490 Jurisperiti
2383 3412 2599 3473 tamen
2669 3408 2894 3470 merito
2949 3406 3222 3469 limitant
3265 3405 3430 3468 hanc

3575 3434 3694 3493 256

1893 3505 2201 3583 regulam,
2243 3507 2313 3565 ut
2340 3502 2661 3583 procedat,
2706 3502 2957 3582 quando
2980 3499 3428 3562 demonstratio
3545 3562 3585 3605 ,d
3653 3563 3664 3573 ,

1895 3598 2071 3675 falsa,
2098 3601 2161 3658 et
2190 3597 2469 3676 legatum
2509 3595 2907 3657 continentur
2934 3594 2997 3654 in
3028 3594 3255 3655 eadem
3286 3611 3428 3655 ora·

1893 3692 2085 3768 tione,
2118 3695 2189 3753 ut
2218 3691 2265 3750 si
2299 3690 2486 3766 dicat,
2518 3691 2688 3767 Lego
2708 3691 2960 3750 centum
2991 3706 3237 3765 aureOS,
3274 3705 3430 3767 quos

1897 3786 2098 3847 habeo
2129 3785 2192 3846 in
2223 3784 2332 3847 tali
2363 3803 2531 3846 arca.
2571 3784 2764 3846 Secus
2826 3782 2876 3842 si
2934 3783 3335 3844 continentur
3368 3782 3431 3843 in

1897 3878 2157 3939 diversis
2206 3876 2623 3949 orationibus;
2671 3877 2742 3937 ut
2795 3876 2848 3935 si
2902 3875 3092 3951 dicat,
3147 3877 3316 3954 Lego
3376 3873 3431 3935 ei

1900 3975 2149 4034 centum
2206 3988 2450 4047 aureos,
2488 3973 2551 4031 et
2593 3969 2758 4046 vom,
2793 3970 2862 4030 ιιι
2899 3969 3224 4030 solvantur
3254 3968 3432 4029 exiis

1898 4084 2054 4145 quos
2083 4064 2285 4126 habeo
2315 4064 2380 4124 in
2409 4062 2514 4125 tali
2545 4062 2683 4123 loco
2709 4082 2724 4136 3
2759 4065 2907 4123 tunc
2938 4061 3105 4121 enim
3142 4061 3434 4122 demons-

1896 4158 2081 4222 tratio
2112 4158 2270 4219 falsa
2297 4176 2425 4219 non
2458 4155 2698 4218 vitiavit
2725 4155 3027 4236 legatum.
3083 4158 3178 4218 Ita
3217 4157 3433 4217 Barto-

1895 4254 2014 4329 luS,
2051 4252 2296 4330 Decius,
2332 4250 2561 4311 Paulus
2582 4249 2659 4310 de
2692 4251 2931 4329 CastrO,
2964 4249 3159 4326 Tello,
3195 4252 3257 4311 ct
3303 4249 3429 4326 alii,

1898 4365 2055 4428 quos
2083 4346 2285 4422 affert,
2319 4348 2384 4406 et
2410 4345 2694 4424 sequitur
2736 4343 2968 4407 Sanch.
3018 4343 3102 4404 ibi
3156 4363 3218 4405 n.
3269 4348 3326 4405 2.
3374 4346 3434 4406 et

1896 4441 2201 4521 probatur
2230 4459 2306 4500 ex
2331 4439 2373 4500 l.
2414 4437 2660 4514 Quidam
2691 4446 3047 4514 testamenta,
3083 4438 3146 4499 ff.
3183 4436 3253 4498 de
3281 4436 3434 4518 leqa-

1898 4535 1971 4595 τῖε
2000 4550 2043 4595 1.
2099 4533 2202 4594 ubi
2230 4532 2508 4612 legatum
2554 4532 2837 4608 solvitur,
2872 4530 3123 4611 quando
3172 4535 3438 4593 testator

1900 4627 2145 4688 dixerit:
2191 4625 2581 4703 «Pamphilae
2612 4642 2835 4685 aureos
2863 4623 3326 4702 400.dariv010,
3348 4625 3436 4686 ita

1900 4724 1970 4783 ut
1996 4720 2158 4780 infra
2187 4718 2486 4799 scriptum
2517 4721 2648 4779 est:
2683 4718 2762 4778 ab
2791 4719 2824 4779 J
2832 4718 2956 4780 ulio
2981 4721 3190 4779 actore
3212 4736 3434 4779 aureos

1901 4816 2014 4892 tot,
2049 4816 2109 4875 ct
2135 4811 2198 4871 in
2247 4811 2486 4889 castris,
2522 4829 2679 4891 quos
2708 4811 2937 4889 habeo,
2971 4828 3196 4872 aureos
3224 4814 3337 4888 tot,
3371 4814 3434 4873 ct

1901 4907 1967 4968 in
2002 4909 2326 4967 numerato
2354 4924 2510 4985 quos
2541 4904 2744 4967 habeo
2773 4908 2894 4967 tot:
2928 4928 2956 4963 »
2996 4908 3140 4985 post
3167 4903 3434 4965 multum

1898 5018 2047 5062 vero
2100 4998 2398 5077 temporis
2453 4998 2713 5059 summis
2769 4998 2887 5059 illis
2955 4997 3022 5057 >in
3083 5016 3230 5056 usus
3277 4997 3433 5058 alios

1898 5091 2217 5157 translatis
2247 5090 2534 5168 decessit,
2561 5095 2623 5152 ct
2646 5092 2928 5171 legatum
2976 5109 3051 5151 ex
3082 5089 3217 5150 aliis
3264 5091 3437 5150 solu-

1897 5191 2032 5251 tum
2054 5189 2182 5247 est:
2221 5184 2369 5265 quia
2406 5185 2876 5246 «verosimilius
2901 5232 2916 5262 ,
2952 5183 3174 5263 inquit,
3198 5188 3434 5263 est,pa-

1901 5284 2059 5342 trem
2089 5279 2356 5340 familias
2378 5280 2808 5340 demonstrare
2838 5277 3044 5355 potius
3079 5276 3435 5337 haeredibus

1901 5373 2195 5450 voluisse,
2256 5372 2422 5432 unde
2451 5390 2674 5433 aureos
2702 5373 2841 5433 400.
2875 5371 3006 5430 sine
3037 5369 3434 5431 incommodo

1899 5467 1992 5528 rei
2021 5466 2344 5526 familiaris
2375 5465 2745 5526 contrahere
2775 5466 3048 5542 possent,
3083 5481 3268 5543 quam
3293 5479 3436 5523 con·

1901 5560 2203 5622 ditionem
2233 5557 2716 5620 fideicommisso
2774 5557 3081 5637 injecisse,
3120 5555 3288 5636 quod
3317 5554 3435 5615 ini—

3518 3576 3558 3605 m
3592 3593 3601 3615 ,
3631 3575 3666 3604 ιι
3693 3574 3718 3604 n

3483 3617 3537 3659 sit
3564 3615 3606 3658 in
3633 3617 3774 3659 eadem

3533 3670 3731 3716 oratione.
