4263 6376
705 2856 784 2915 61

943 362 1065 421 520

944 553 1169 614 nempe
1196 538 1647 598 restitutionem
1679 538 1739 597 in
1768 538 1915 598 ludo
1945 538 2182 616 imponi
2238 538 2300 597 in
2349 555 2479 615 poe·

944 647 1113 704 nam,
1146 633 1207 689 et
1234 629 1375 688 ideo
1404 648 1585 707 posse
1614 631 1829 708 negari
1857 630 2124 703 lucrum,
2162 630 2281 689 nisi
2310 648 2474 708 prae-

943 720 1128 780 cedat
1153 721 1497 799 semiplena
1524 722 1810 800 probatio
1840 722 2140 781 criminis,

966 837 972 841 ·
1024 811 1144 873 Alii
1172 817 1380 873 tamen
1412 813 1629 874 dicunt
1666 814 2253 892 quomodocumque
2297 812 2484 875 inter-

943 910 1201 984 rogetur
1237 905 1538 985 ajudice‚
1575 907 1802 966 debere
1831 907 2011 967 fateri
2044 911 2105 967 et
2153 905 2481 967 restituere

942 997 993 1057 si
1025 998 1377 1074 damnetur,
1414 999 1561 1077 quia
1583 998 1717 1059 haec
1746 1018 1869 1059 non
1909 1004 2001 1059 est
2029 1017 2218 1078 poena
2248 998 2359 1058 sed
2390 1003 2484 1058 est

942 1090 1043 1149 lex
1071 1091 1433 1169 dispositiva
1463 1092 1522 1150 in
1547 1092 1829 1151 favorem
1857 1092 2023 1167 victi,
2047 1111 2122 1150 ne
2147 1091 2291 1150 ludo
2315 1091 2483 1150 cives

945 1182 1489 1261 depauperentur,
1543 1184 1703 1244 sicut
1747 1185 1844 1243 lex
1876 1184 2228 1244 concedens
2256 1183 2483 1244 minori

946 1276 1404 1336 restitutionem
1454 1282 1710 1356 propter
1736 1276 2225 1338 imbecillitatem
2257 1276 2476 1337 aetatis.

944 1368 1038 1427 lta
1056 1367 1304 1427 Lessius
1332 1368 1468 1428 loco
1501 1369 1602 1428 cit.
1640 1372 1701 1428 et
1730 1369 1985 1447 probari
2015 1369 2264 1430 videtur
2287 1416 2302 1443 ,
2338 1368 2485 1448 quia

950 1459 1003 1518 si
1032 1459 1167 1519 haec
1197 1479 1318 1518 non
1361 1465 1524 1521 esset
1568 1479 1741 1520 mera
1772 1480 1962 1540 poena
1989 1461 2264 1520 criminis
2292 1508 2306 1537 ,
2359 1481 2484 1521 non

947 1552 1268 1612 debuisset
1292 1552 1534 1613 restitui
1562 1554 1748 1626 victe,
1789 1573 1932 1614 cum
1964 1573 2086 1614 non
2115 1554 2322 1614 minus
2353 1554 2484 1633 ipse

947 1645 1303 1723 peccaverit
1330 1664 1519 1724 quam
1551 1645 1749 1707 victor
1773 1646 2049 1706 ludendo
2088 1647 2237 1707 ludo
2278 1647 2486 1726 prohi-

949 1737 1113 1812 bite,
1164 1738 1290 1797 imo
1322 1739 1584 1799 fortasse
1614 1740 1815 1817 magis
1836 1787 1850 1814 ,
1902 1740 2154 1818 quando
2185 1740 2316 1818 ipse
2347 1758 2486 1817 pro-

949 1831 1198 1892 vocavit
1235 1836 1296 1892 et
1337 1832 1644 1907 invitavit,
1698 1833 1807 1892 sed
1839 1832 2159 1893 debuisset
2187 1832 2487 1911 applicari

949 1924 1123 1998 fisco,
1155 1923 1252 1983 vel
1283 1924 1686 2003 pauperibus
1723 1926 1899 2000 Item,
1924 1926 2068 2003 quia
2097 1927 2150 1985 si
2171 1931 2334 1986 esset
2358 1944 2489 2004 pm-

949 2035 1065 2090 na,
1117 2034 1242 2075 non
1289 2017 1596 2094 potuisset
1638 2018 1839 2077 victor
1885 2019 2024 2095 cogi
2052 2019 2134 2078 ad
2164 2019 2489 2078 restituen-

951 2108 1102 2168 dum
1131 2109 1406 2184 lucrum,
1441 2110 1693 2188 quando
1725 2111 2253 2189 constal-etjudiei
2285 2112 2490 2190 ipsum

950 2201 1119 2262 bona
1150 2202 1272 2260 fide
1302 2202 1547 2262 lusisse.
1607 2202 1889 2281 Denique
1934 2204 2121 2264 etiam
2164 2205 2216 2264 si
2262 2222 2491 2282 praece-

952 2294 1136 2354 dente
1169 2295 1515 2373 semiplena
1560 2295 1962 2372 probatione,
2013 2315 2159 2356 reus
2205 2301 2495 2375 negasset

950 2386 1204 2463 illicite,
1267 2405 1392 2447 non
1436 2393 1648 2448 tamen
1680 2392 2000 2449 teneretur
2043 2389 2124 2449 ad
2162 2391 2495 2450 restituen-

953 2478 1102 2538 dum
1133 2481 1374 2540 lucrum
1402 2527 1416 2555 ,
1476 2481 1637 2540 sicut
1684 2499 1799 2540 nec
1844 2481 1925 2540 ad
1971 2481 2336 2542 solvendam
2367 2502 2495 2561 poe-

953 2590 1130 2644 nam3
1197 2573 1365 2651 quod
1414 2577 1625 2634 tamen
1686 2578 1779 2633 est
1824 2578 2041 2634 contra
2088 2574 2294 2653 ipsum
2321 2577 2494 2637 Moli-

954 2683 1134 2740 nam,
1184 2666 1331 2726 licet
1377 2671 1834 2744 consequenter
1863 2667 2144 2727 Sanehez
2182 2668 2244 2727 id
2277 2687 2490 2729 eonce-

956 2757 1083 2819 dat.

1039 2854 1296 2930 Propter
1328 2851 1459 2911 haec
1493 2851 1669 2912 Salas
1700 2851 1848 2912 dub.
1885 2869 2077 2913 xxvii.
2112 2873 2174 2913 n.
2201 2857 2259 2914 3.
2285 2856 2494 2915 media

955 2944 1057 3002 via
1082 2945 1336 3020 incedit,
1359 2949 1419 3004 et
1440 2945 1673 3005 fatetur
1701 2945 1863 3005 hanc
1882 2945 2085 3023 legem
2115 2948 2324 3026 quoad
2355 2968 2494 3009 eam

955 3037 1414 3097 restitutionem
1456 3055 1580 3097 non
1622 3056 1755 3098 esse
1788 3056 1941 3115 pure
1971 3039 2284 3117 poenalem
2308 3087 2323 3116 ,
2384 3042 2492 3100 sed

956 3129 1410 3208 dispositivam,
1444 3135 1635 3209 atque
1662 3131 1803 3192 ideo
1831 3149 2010 3191 reum
2041 3151 2165 3193 non
2204 3133 2494 3194 crimina-

953 3223 1097 3283 liter
1116 3224 1225 3283 sed
1255 3224 1520 3284 civiliter
1548 3225 1891 3285 examinari
1925 3245 1937 3283 :
1972 3226 2150 3286 addit
2179 3230 2389 3286 tamen
2411 3228 2497 3287 in-

957 3316 1299 3377 tentionem
1328 3317 1701 3395 legislatoris
1731 3336 1864 3377 esse
1921 3319 2089 3397 quod
2128 3319 2330 3380 victor
2370 3339 2494 3380 non

959 3408 1293 3468 damnetur
1317 3410 1399 3469 ad
1426 3410 1905 3485 restituendum,
1942 3410 2057 3469 nisi
2085 3411 2303 3471 ludum
2327 3418 2388 3473 et
2406 3414 2495 3472 lu-

957 3519 1168 3577 crum,
1222 3502 1396 3580 quasi
1439 3502 1674 3562 crimen
1719 3502 2051 3580 probatum
2079 3504 2296 3579 fuerit,
2349 3505 2497 3584 quia

957 3592 1094 3653 haec
1123 3598 1218 3654 est
1246 3595 1424 3673 quasi
1454 3613 1663 3673 poena,
1697 3599 1759 3655 et
1786 3595 1926 3654 ideo
1949 3595 2150 3657 victor
2177 3614 2302 3656 non
2334 3602 2496 3658 tene·

956 3689 1058 3747 tur
1077 3687 1355 3747 confiteri
1389 3687 1504 3747 nisi
1533 3691 1872 3766 utrumque
1902 3688 2243 3766 semiplene
2273 3690 2495 3766 proba-

955 3783 1088 3840 tum
1120 3780 1325 3840 fuerit.
1386 3783 1518 3840 Hoc
1564 3784 1774 3841 tamen
1822 3798 1945 3840 non
1977 3781 2227 3841 videtur
2275 3800 2492 3843 eonse-

957 3878 1223 3952 quenter
1251 3873 1394 3934 dici.
1440 3873 1675 3949 Primo,
1711 3873 1858 3952 quia
1886 3873 1934 3934 si
1968 3874 2252 3952 sequitur
2281 3876 2496 3935 condi-

956 3966 1192 4027 tionem
1241 3966 1465 4045 judicii
1509 3966 1796 4045 poenalis,
1860 3983 1983 4026 non
2042 3967 2379 4028 deberetur
2432 3969 2494 4028 in

956 4059 1356 4135 conscientia,
1393 4059 1633 4120 etiamsi
1678 4078 1822 4118 reus
1844 4058 2114 4137 juridice
2152 4060 2496 4140 interroga-

955 4155 1055 4212 tus
1084 4171 1227 4212 cum
1257 4152 1599 4230 semiplena
1618 4152 1987 4230 probatione
2011 4158 2290 4230 negaret,
2312 4158 2498 4232 prout

956 4243 1034 4303 de
1084 4244 1220 4304 aliis
1262 4245 1463 4323 poenis
1510 4245 1741 4305 fatetur
1789 4244 1956 4303 idem
2006 4245 2205 4304 Salas·
2267 4248 2495 4307 Conse-

956 4355 1153 4417 quens
1184 4343 1391 4398 autem
1412 4338 1474 4396 in
1498 4338 1615 4397 boc
1638 4356 1785 4397 casu
1818 4338 1949 4415 ipse
1979 4337 2166 4397 infert
2194 4342 2493 4417 tanquam

955 4431 1297 4491 absurdum
1345 4434 1565 4492 contra
1602 4431 1925 4491 Molinam.
1981 4430 2296 4507 Secundo,
2348 4433 2494 4510 quia

954 4543 1132 4603 aeque
1178 4524 1241 4584 in
1290 4524 1505 4584 odium
1550 4522 1682 4582 ludi
1733 4524 1831 4583 vel
1885 4523 1949 4582 in
2006 4524 2287 4583 favorem
2317 4525 2488 4602 victi,

953 4617 1318 4678 conceditur
1347 4616 1657 4677 restitutio
1702 4634 1815 4694 per
1842 4616 2044 4693 legem
2065 4663 2079 4692 ,
2133 4620 2195 4677 et
2222 4617 2489 4678 absolvi-

951 4714 1054 4770 tur
1090 4710 1292 4770 victus
1321 4709 1401 4769 ab
1432 4707 1816 4787 obligatione
1846 4708 2127 4769 solvendi
2166 4729 2177 4768 :
2214 4709 2347 4769 haec
2378 4730 2489 4770 au-

950 4807 1076 4864 tem
1109 4802 1415 4863 absolutio
1464 4801 1513 4861 si
1572 4806 1736 4861 esset
1764 4820 1986 4879 poena,
2047 4802 2146 4862 vel
2195 4803 2489 4863 aestimari

951 4896 1209 4956 deberet
1229 4894 1409 4975 juxta
1442 4894 1830 4955 conditiones
1857 4912 2092 4973 poento,
2129 4912 2252 4955 non
2284 4900 2492 4973 posset

951 4990 1178 5049 habere
1228 4989 1477 5063 locum,
1528 4987 1647 5046 nisi
1702 4987 2097 5066 praecedente
2146 4989 2490 5066 semiplena

949 5083 1317 5161 probatione
1349 5081 1425 5140 de
1458 5079 1718 5140 crimine
1753 5099 1765 5138 :
1803 5099 1997 5158 quare
2027 5099 2100 5139 ea
2130 5081 2482 5157 deficiente,

946 5195 1070 5235 non
1117 5178 1328 5254 posset
1371 5174 1571 5234 victus
1632 5173 1886 5251 propria
1945 5174 2314 5236 auctoritate
2363 5193 2486 5234 non

947 5272 1222 5345 solvere,
1271 5286 1416 5329 cum
1459 5285 1582 5327 non
1629 5270 1840 5345 posset
1887 5270 2036 5327 tunc
2067 5267 2390 5347 injudicio
2421 5286 2486 5327 se

945 5363 1219 5441 legitime
1250 5360 1586 5421 defendere
1607 5358 1686 5419 ab
1709 5359 2068 5420 adversario
2101 5364 2351 5438 petente
2382 5360 2486 5419 de-

944 5458 1147 5519 bitum
1182 5476 1195 5516 :
1228 5454 1554 5515 fatendum
1588 5472 1738 5531 ergo
1771 5458 1884 5529 est,
1918 5453 2375 5513 absolutionem
2405 5453 2485 5513 ab

946 5548 1325 5629 obligatione
1354 5566 1475 5608 non
1510 5564 1643 5606 esse
1674 5564 1966 5624 poenam,
2011 5565 2214 5625 neque
2252 5546 2483 5607 imitari

2100 362 2203 422 DE
2245 360 2602 423 JUSTITIA
2647 359 2749 420 ΕΤ
2791 360 2991 422 malt

2574 535 2888 615 judicium
2928 537 3199 616 poenale.
3261 545 3463 609 Quare
3490 537 3824 615 probabilius
3843 549 3886 604 et
3904 564 3980 605 ma·

2580 629 2676 706 gis
2704 635 3162 708 consequenter
3191 630 3440 690 videtur
3466 629 3614 689 mihi
3641 631 3782 710 loqui
3804 636 3978 710 Les‘ius,

2582 729 2643 782 et
2669 721 2822 780 dum
2845 727 3048 782 totum
3089 722 3206 783 hoc
3236 722 3394 782 dicit
3428 740 3559 781 esse
3586 722 3766 783 forum
3786 725 3982 802 civilem

2580 813 2958 874 beneficium
2989 832 3355 875 concessum
3385 815 3547 874 victo
3599 814 3658 873 in
3706 818 3815 893 ejus
3834 818 3981 879 benum

2581 909 2643 966 et
2670 906 3042 982 subsidium,
3071 912 3256 986 atque
3284 907 3429 966 ideo
3461 924 3631 966 reum
3655 908 3982 988 interrogatum

2581 1016 2704 1058 non
2736 1017 2917 1077 posse
2940 998 3108 1077 juste
3139 1018 3394 1078 negare,
3428 1018 3572 1059 cum
3598 1019 3709 1059 non
3744 1009 3910 1079 agatur
3940 1007 3984 1063 de

2579 1091 2924 1170 punitione,
2999 1092 3109 1152 sed
3180 1092 3257 1151 de
3326 1092 3704 1151 restitutione
3749 1093 3856 1172 lege
3900 1114 3986 1156 con-

2582 1201 2778 1244 cessa.

2663 1276 2997 1337 Dubitatur
3023 1277 3231 1352 tertie,
3265 1296 3346 1337 an
3376 1278 3428 1337 si
3461 1277 3653 1337 victus
3678 1278 3819 1356 prius
3841 1297 3986 1339 renun-

2581 1368 2832 1429 tiaverit
2875 1369 3152 1432 facultati
3187 1370 3476 1447 petendae
3517 1370 3893 1444 restitutioniS,
3930 1374 3986 1431 vel

2582 1461 2940 1540 promiserit
2981 1480 3104 1521 non
3135 1466 3380 1539 petere,
3434 1462 3625 1539 possit
3663 1462 3830 1521 adhuc
3852 1469 3988 1540 postea
4023 1535 4024 1538 Ἴ

2584 1572 2724 1614 eam
2755 1554 3008 1630 petere?
3043 1557 3288 1632 Negant
3315 1555 3514 1633 aliqui
3546 1573 3690 1633 quos
3715 1557 3862 1615 resen,
3883 1559 3989 1617 Salas
4011 1537 4062 1621 {²⁵¹

2584 1646 2732 1706 dub.
2768 1663 2936 1707 xxm.
2977 1666 3036 1707 n.
3057 1650 3116 1706 7.
3154 1647 3444 1708 Affirmat
3475 1652 3675 1707 tamen
3698 1649 3989 1708 Lessiusloca

2585 1739 2689 1799 cit.
2725 1743 2787 1800 et
2819 1739 2922 1799 alii
2954 1740 3163 1819 plures
3207 1759 3366 1818 quos
3394 1741 3591 1800 refert
3617 1745 3672 1801 et
3696 1743 3910 1819 sequitur
3927 1745 3991 1802 Sa-

2586 1832 2679 1891 las
2709 1832 2791 1891 ibi
2819 1878 2833 1908 ,
2887 1832 3030 1910 quia
3078 1832 3344 1910 simplex
3371 1832 3572 1892 cessio
3602 1851 3715 1892 non
3741 1832 3894 1911 privat
3907 1833 3990 1912 jure

2588 1924 2756 2003 quod
2787 1924 2885 1983 lex
2915 1924 2972 1983 ei
3005 1924 3224 1985 tribuit
3260 1924 3323 1984 in
3350 1925 3634 1985 favorem
3658 1925 3786 1985 boni
3808 1945 3993 1986 commu·

2587 2017 2704 2092 nis,
2740 2016 2887 2095 quia
2917 2017 3194 2096 alioquin
3222 2018 3519 2077 facillime
3549 2018 3641 2078 lex
3667 2018 3838 2076 inanis
3859 2020 3992 2078 redde·

2591 2114 2784 2171 retur.
2817 2112 2894 2170 Et
2923 2111 3199 2188 quidem,
3234 2110 3284 2170 si
3315 2110 3527 2171 solum
3552 2111 3991 2189 promisitsolvere.

2590 2220 2717 2262 non
2747 2202 2997 2263 videtur
3024 2202 3286 2263 dubium
3343 2203 3518 2282 quod
3565 2223 3680 2263 non
3718 2204 3994 2281 privaturbe·

2592 2295 2815 2355 neficio
2858 2294 3017 2374 legis
3069 2315 3082 2356 :
3143 2314 3359 2355 omnes
3389 2297 3561 2356 enim
3602 2296 3702 2375 qui
3726 2296 3896 2356 ludunt
3913 2315 3994 2374 pro-

2590 2388 2847 2449 mittunt
2874 2389 3151 2463 solvere,
3200 2392 3261 2448 et
3302 2388 3382 2448 ad
3431 2389 3556 2450 hoc
3599 2389 3781 2467 ipsum
3814 2391 3995 2448 factata

2588 2481 2722 2551 lex,
2778 2485 2875 2556 ut,
2910 2499 3034 2541 non
3066 2480 3352 2540 obstante
3383 2481 3778 2560 promissione
3798 2482 3994 2550 solvendi,

2592 2591 2714 2633 non
2746 2577 3121 2651 cogerentur
3151 2574 3412 2634 solvere.
3452 2575 3631 2636 Unde
3660 2574 3865 2653 quando
3884 2574 3998 2633 etiam

2591 2666 2980 2744 promisisset
3024 2666 3303 2742 solvere,
3356 2685 3487 2728 non
3518 2667 3781 2727 obstante
3803 2666 3999 2726 benefitio

2580 2759 2765 2838 legiS,
2817 2758 3065 2819 videtur
3091 2776 3272 2836 posse
3305 2759 3392 2819 uti
3420 2760 3562 2837 ejus
3604 2760 3881 2834 beneficio,
3914 2759 4000 2837 quia
4097 2835 4098 2850 χ

2590 2851 2691 2911 lex
2715 2845 3156 2912 ‘universaliter
3175 2852 3468 2914 concedit
3497 2853 3876 2932 repetitionem
3890 2850 3999 2911 soluti

2594 2948 2656 3004 et
2684 2961 2809 3003 non
2838 2943 3041 3021 potuit
3067 2943 3199 3022 ipse
3233 2944 3358 3002 vim
3387 2945 3548 3021 legis
3579 2963 3854 3005 enervare.
3877 2945 4001 3015 Quare

2592 3036 2758 3096 idem
2789 3035 3125 3096 dicendum
3151 3035 3417 3111 videtur,
3454 3037 3605 3098 lieet
3631 3037 3913 3116 promiserit
3931 3054 4000 3093 non

2593 3133 2806 3207 petere
2838 3128 3294 3190 restitutionem
3332 3148 3344 3187 :
3391 3130 3548 3209 quia
3583 3130 3887 3209 promittere
3906 3129 4002 3187 solu·

2595 3222 2825 3282 tionem
2857 3221 3219 3301 simpliciter
3248 3226 3341 3283 est
3367 3225 3726 3300 promittere
3750 3222 4000 3284 solutionem

2592 3313 3105 3385 irrevocabilem;
3154 3318 3215 3374 et
3243 3318 3460 3375 tamen
3489 3315 3590 3375 lex
3618 3316 3807 3389 voluit,
3837 3314 4002 3373 nonolr

2593 3412 2797 3469 stante
2827 3406 3240 3485 promissione
3262 3407 3572 3484 solvendi,
3607 3407 3832 3469 concedi
3852 3405 4000 3466 restitu-

2592 3500 2862 3571 tione1n;
2898 3517 3047 3578 ergo
3078 3500 3340 3560 concedi
3370 3501 3567 3560 etiam
3601 3502 3799 3575 debet,
3837 3518 3921 3558 non
3940 3498 4002 3556 ob

2593 3596 2795 3653 stante
2853 3592 3262 3670 promissione
3315 3612 3439 3654 non
3494 3594 3736 3672 petendi
3779 3591 4002 3653 lest-italie-

2595 3704 2761 3746 nem.
2803 3687 2865 3746 Si
2897 3690 3108 3747 tamen
3137 3685 3242 3746 illa
3271 3686 3606 3763 promissio
3647 3689 3801 3747 fieret
3834 3692 3928 3762 post
3952 3682 4004 3740 tn-

2593 3783 2758 3839 ctam
2787 3779 3183 3855 solutionem,
3219 3779 3469 3839 videtur
3499 3780 3701 3839 valida
3726 3779 4004 3839 etirrevoca-

2593 3871 2732 3930 bilis
2791 3891 2804 3931 :
2870 3872 3018 3950 quia
3046 3871 3353 3949 tuncjam
3384 3872 3639 3933 videtur
3665 3890 3783 3932 esse
3808 3886 3924 3929 nova
3941 3868 4005 3924 do-

2594 3965 2761 4026 natio
2792 3965 3086 4044 gratuita,
3111 3964 3341 4025 etnibil
3363 3964 3608 4026 babens
3637 3980 3907 4025 commune
3921 3975 4004 4019 cum

2592 4058 2774 4131 ludo;
2827 4077 3023 4137 quare
3071 4057 3233 4119 sicut
3274 4063 3488 4136 posset
3515 4059 3716 4120 valide
3742 4051 4003 4116 donareali·

2594 4151 2744 4230 quid
2772 4151 2964 4228 aliud,
2997 4151 3087 4210 sic
3103 4150 3352 4211 videtur
3373 4150 3567 4229 'posse
3596 4146 3903 4212 tuncx‘alide
3922 4162 4004 4204 aee

2593 4243 2829 4303 donare
2851 4244 2955 4323 jus
2985 4243 3152 4323 quod
3182 4242 3375 4303 habet
3403 4243 3485 4302 ad
3521 4242 3826 4322 petendam
3850 4238 4006 4298 restitu-

2593 4336 2850 4397 tionem.

2672 4428 3006 4489 Dubitatur
3036 4432 3259 4507 quarto
3281 4474 3296 4504 ,
3332 4428 3484 4507 quid
3517 4428 3858 4500 dicendum,
3881 4424 3914 4483 si
3933 4437 4004 4480 non

2591 4522 2794 4582 solum
2825 4520 3128 4599 promisit,
3163 4520 3270 4580 sed
3296 4519 3540 4599 juravit
3573 4521 3819 4593 solvere,
3845 4516 4004 4577 velnon

2592 4620 2804 4693 petere
2835 4614 3318 4676 restitutionem.
3353 4614 3797 4693 Respondetur,
3822 4630 3879 4670 ex
3901 4609 4004 4686 jura-
4097 4670 4098 4673 ,

2591 4711 2802 4767 mento
2848 4707 3144 4785 obligari;
3193 4707 3340 4785 quia
3367 4724 3512 4766 cum
3543 4707 3729 4785 possit
3753 4722 3854 4763 non
3874 4706 4004 4780 pelet?

2591 4804 2652 4861 et
2682 4800 2879 4879 possit
2918 4800 3160 4860 solvere
3220 4800 3546 4877 (suppono
3602 4799 3756 4857 enim
3799 4795 3899 4854 sine
3934 4806 4005 4848 nno

2589 4897 2846 4972 peccato
2875 4910 3056 4972 posse
3083 4891 3149 4951 id
3179 4891 3337 4970 fieri)
3395 4891 3586 4951 debet
3631 4893 3855 4969 propter
3880 4880 4005 4963 jusju-

2588 4987 2854 5047 randum
2882 4986 2945 5045 id
2976 4985 3332 5060 observare,
3357 4983 3542 5063 juxta
3571 5004 3644 5044 ea
3671 5000 3796 5063 quae
3824 4977 4000 5039 diximn÷

2588 5079 2892 5159 dispffjxn.
2927 5077 2994 5138 de
3024 5087 3209 5139 contr.
3244 5078 3304 5136 in
3331 5096 3538 5138 comm.
3601 5082 3742 5137 sect.
3770 5077 3818 5135 8.
3863 5069 4004 5148 dem·

2586 5172 2852 5232 missione
2876 5169 3273 5252 jurqjurando
3315 5169 3683 5250 confirmata.
3739 5170 3818 5228 lta
3859 5160 4004 5224 Melina

2586 5264 2746 5343 disp.
2779 5268 2917 5325 515.
2950 5264 3197 5324 Lessius
3225 5282 3330 5323 nu.
3360 5265 3461 5325 26.
3499 5268 3561 5324 et
3589 5262 3723 5337 alii,
3753 5254 4004 5339 quosaffffl

2586 5360 2649 5419 et
2675 5358 2957 5436 sequitur
2985 5357 3161 5418 Salas
3191 5377 3250 5416 n.
3280 5359 3340 5417 7.
3374 5359 3469 5416 An
3498 5373 3645 5416 vero
3675 5351 3858 5434 possit,
3882 5344 4000 5443 inrito

2585 5451 2891 5512 creditore
2912 5497 2927 5526 ,
2973 5453 3183 5529 petere
3214 5468 3250 5508 a
3280 5450 3540 5527 praelato
3569 5445 3942 5509 relaxationem
3962 5434 4001 5489 ι]-

2582 5544 2701 5605 lius
2721 5543 3082 5624 juramenti,
3118 5549 3304 5622 atque
3339 5562 3415 5603 ea
3447 5542 3700 5604 obt-enta
3728 5557 3831 5599 non
3846 5532 3998 5594 salver·

4053 1303 4084 1360 (ὃ

4035 1425 4086 1473 ini.
