4263 6376
1313 305 1786 369 DlSPUTATIO
1829 305 2047 381 XXIX,
2096 304 2371 366 SECTIO
2415 306 2490 366 V.

299 480 366 541 si
392 497 547 557 ergo
577 478 926 541 conductor
953 483 1206 542 centum
1236 481 1458 542 saltem
1515 481 1737 543 diebus
1767 481 1830 542 in

297 591 461 632 anno
490 572 672 634 boris
702 591 917 651 opera,
953 578 1014 634 et
1041 574 1255 634 labore
1286 579 1495 636 utatur
1553 576 1617 635 in
1675 592 1829 653 agro

297 664 662 742 excolende,
696 665 933 726 solvere
964 666 1221 727 deberet
1260 667 1482 744 viginti
1508 672 1719 739 scuta;
1753 686 1827 726 ex

296 777 371 817 ex
397 756 629 836 quibus
657 756 777 817 tria
805 758 990 818 solvit
1017 777 1130 838 pro
1161 759 1482 837 pensione,
1518 764 1581 821 et
1617 777 1826 837 semp·

294 857 418 912 tem
443 850 581 910 aliis
620 855 1062 929 compensatur
1087 852 1420 930 plusquam
1448 852 1830 913 sufficienter

296 961 452 1002 onus
481 942 997 1017 assecurationis,
1033 943 1200 1021 quod
1253 943 1343 1003 illi
1389 944 1728 1024 ajungitur,
1762 947 1831 1006 ut

297 1039 541 1095 constat
571 1053 645 1094 cx
664 1039 957 1112 computo
987 1039 1049 1095 et
1077 1035 1362 1095 doctrina
1411 1035 1693 1096 Silvestri
1720 1055 1825 1096 su-

297 1145 401 1206 pra
432 1126 730 1187 adducta.
769 1126 886 1199 Qui
937 1145 1087 1187 sane
1131 1127 1468 1204 discursuS,
1501 1128 1552 1186 si
1582 1146 1656 1188 ea
1687 1146 1825 1208 quae

296 1219 372 1279 ad
401 1220 640 1280 factum
672 1220 1004 1297 pertinent,
1027 1219 1389 1297 subsistant,
1423 1226 1609 1299 prout
1637 1221 1824 1282 rusti-

296 1330 512 1372 corum
573 1316 973 1389 expertorum
1029 1312 1416 1373 confessione
1491 1313 1827 1373 subsistere

296 1404 530 1480 dicunt,
566 1403 727 1464 bene
748 1404 995 1483 probat,
1031 1409 1093 1466 et
1120 1423 1243 1464 non
1265 1405 1515 1466 videtur
1533 1424 1715 1484 posse
1748 1407 1826 1468 de

289 1497 527 1576 justitia
560 1503 623 1558 et
644 1497 998 1576 aequalitate
1026 1497 1307 1577 praedicti
1325 1502 1682 1560 contractus
1711 1499 1829 1560 du-

295 1591 497 1652 bitari.
534 1590 754 1651 Solum
784 1594 994 1668 posset
1023 1590 1270 1651 obstare
1326 1591 1497 1651 bulla
1551 1591 1706 1653 Sixti
1747 1594 1821 1653 V.

295 1701 427 1762 quoe
448 1683 694 1762 incipit,
713 1681 1095 1759 Detestabilis,
1119 1682 1286 1744 edita
1317 1701 1481 1744 anno
1513 1686 1688 1745 1586.
1724 1687 1820 1746 12.

295 1776 414 1837 Gal.
449 1775 795 1835 Novembr.
843 1774 952 1834 ubi
1004 1774 1360 1836 declaratur
1411 1776 1827 1838 foeneratitius

295 1872 650 1932 contractus
703 1867 1042 1943 societatiS,
1086 1884 1210 1946 quo
1260 1867 1466 1928 socius
1513 1867 1827 1946 obligatur

292 1961 366 2021 ad
391 1960 801 2021 reddendum
831 1960 1148 2038 integrum
1208 1959 1379 2021 socio
1439 1960 1732 2039 capitale,
1766 1966 1830 2023 et

291 2056 527 2120 salvum
562 2054 624 2112 in
645 2070 1047 2131 quocumque
1070 2055 1297 2112 eventu
1325 2052 1514 2113 etiam
1542 2053 1819 2130 fortuite,

291 2167 422 2228 quaa
451 2145 800 2225 prohibitio
832 2164 909 2205 ex
933 2145 1198 2224 paritate
1228 2144 1490 2206 rationis
1518 2147 1825 2225 procede-

290 2259 351 2303 re
378 2240 638 2300 videtur
673 2237 861 2297 etiam
890 2237 954 2296 in
984 2241 1310 2299 contractu
1356 2237 1698 2300 locationiS.
1734 2242 1822 2300 De

289 2351 467 2394 sensu
490 2336 711 2392 tamen
740 2328 875 2408 ejus
904 2328 1089 2389 bullae
1119 2334 1181 2391 et
1227 2329 1687 2407 declarationis,
1728 2332 1825 2393 di-

289 2443 496 2486 cemus
527 2422 692 2502 disp.
727 2440 858 2501 seq.
878 2425 1133 2500 agentes
1160 2421 1237 2481 de
1267 2425 1591 2483 contractu
1619 2425 1819 2485 socie-

287 2518 451 2580 tatis·

361 2610 704 2670 Dubitatur
731 2606 969 2686 quinte,
1006 2624 1084 2666 an
1139 2606 1307 2668 licita
1354 2606 1434 2669 sit
1487 2608 1818 2670 conductio

287 2704 533 2776 domne,
571 2698 824 2778 quando
856 2715 971 2776 pro
995 2698 1293 2777 pensione
1323 2698 1669 2762 conductor
1714 2700 1822 2763 dat

284 2794 543 2857 locatori
576 2792 746 2852 mille
776 2808 1024 2866 aureos,
1064 2791 1291 2869 quibus
1311 2791 1557 2852 fruatur
1586 2792 1821 2854 duran-

285 2896 341 2951 te
365 2887 708 2959 locatione,
744 2887 806 2944 et
835 2901 990 2962 quos
1046 2901 1123 2943 ea
1175 2883 1373 2959 finita,
1407 2883 1635 2946 debeat
1671 2904 1821 2947 con-

284 2981 531 3044 ductori
575 2976 881 3038 reddere?
926 2978 1014 3036 De
1054 2974 1174 3037 hoc
1202 2980 1412 3037 tamen
1442 2976 1711 3039 diximus
1743 2999 1818 3040 ex

282 3075 566 3156 professo
595 3071 758 3150 disp.
791 3084 937 3130 xxv.
970 3066 1040 3127 de
1066 3077 1263 3129 mutuo
1317 3076 1372 3129 et
1426 3088 1627 3147 usura,
1687 3090 1820 3133 sec·

282 3169 451 3231 tione
483 3181 633 3228 vm.

359 3258 701 3322 Dubitatur
727 3258 924 3330 sexto,
958 3253 1109 3333 quid
1141 3254 1477 3316 dicendum
1505 3257 1584 3317 sit
1613 3256 1692 3317 de
1713 3276 1820 3318 ca-

281 3375 354 3415 su
380 3353 514 3427 illo,
574 3366 763 3429 quem
792 3347 1024 3409 Melina
1056 3347 1351 3427 proponit
1379 3348 1539 3429 disp.
1574 3351 1714 3411 504.
1750 3370 1813 3413 n.

283 3453 340 3510 l.
378 3443 654 3519 Quidam
672 3440 771 3501 vir
816 3438 1041 3500 nobilis
1071 3443 1135 3499 et
1161 3444 1382 3517 potens
1413 3446 1668 3521 pactum
1698 3442 1817 3504 hoc

281 3559 426 3603 cnm
453 3538 695 3617 pistore
724 3532 898 3593 fecit:
934 3532 1131 3611 pistor
1156 3550 1223 3592 se
1253 3533 1553 3613 obligavit
1568 3535 1649 3595 ad
1667 3535 1818 3596 dan·

279 3634 435 3694 dum
463 3629 557 3689 illi
589 3631 719 3687 toto
749 3642 913 3685 anno
939 3642 1168 3702 panem
1198 3643 1310 3702 pro
1340 3644 1454 3686 sna
1483 3627 1670 3689 domo
1710 3646 1817 3708 op-

276 3726 452 3787 timae
496 3717 878 3782 conditi0nis
907 3722 969 3778 et
1015 3716 1333 3794 bonitatiS,
1391 3723 1452 3780 et
1500 3718 1564 3779 in
1593 3720 1815 3799 majori

276 3815 636 3899 quantitate
686 3829 797 3891 pro
847 3809 1109 3888 singulis
1155 3809 1382 3870 modiis
1413 3811 1596 3873 tritici
1628 3831 1819 3893 quam

139 3938 146 3943 ·
272 3912 552 3989 pistores
584 3905 685 3965 alii
715 3903 866 3963 dare
895 3903 1186 3977 solerent,
1220 3902 1307 3963 ita
1336 3907 1405 3964 ut
1432 3904 1585 3965 nihil
1620 3906 1819 3986 pisto-

275 4005 328 4064 ri
357 4000 525 4062 lucri
558 3998 931 4071 remaneret,
994 3995 1112 4054 nisi
1140 3994 1412 4056 furfures
1442 4014 1555 4075 pro
1585 4015 1698 4059 suo
1727 3998 1819 4059 la-

273 4097 469 4157 bore:
507 4094 657 4153 item
687 4088 969 4149 modium
1026 4087 1213 4148 tritici
1260 4092 1622 4166 computare
1655 4107 1820 4150 sem-

271 4207 394 4268 per
423 4204 501 4247 eo
532 4183 758 4263 preti0,
793 4198 916 4260 quo
973 4184 1257 4258 tempore
1309 4181 1530 4240 messis
1583 4182 1822 4244 valeret

271 4282 340 4341 in
370 4278 616 4358 oppido
645 4294 681 4334 a
702 4274 953 4334 civitate
983 4272 1089 4332 illa
1120 4271 1395 4350 distanti,
1430 4273 1819 4352 ubipretium

273 4379 338 4434 et
387 4371 640 4433 ratione
666 4366 808 4442 loci,
861 4370 924 4426 et
977 4365 1218 4425 ratione
1273 4365 1573 4443 temporis
1620 4367 1817 4428 multo

271 4469 420 4527 erat
469 4461 730 4523 inferius
759 4458 959 4538 pretio
991 4475 1115 4537 quo
1169 4477 1284 4537 per
1335 4461 1536 4519 totum
1584 4476 1818 4520 annum

270 4558 570 4620 triticum
596 4550 658 4613 in
697 4570 772 4612 ea
800 4551 1050 4612 civitate
1078 4550 1504 4612 vendebatur:
1538 4568 1572 4612 e
1601 4556 1819 4613 contra

271 4650 513 4712 nobilis
542 4647 645 4706 ille
674 4642 863 4705 dabat
890 4642 1101 4704 statim
1124 4643 1342 4721 pistori
1371 4642 1672 4706 ducentos
1703 4663 1818 4705 an·

268 4762 451 4818 re03,
486 4738 715 4820 quibus
743 4735 1048 4815 negotiari
1091 4738 1322 4813 posset,
1355 4734 1442 4796 ita
1479 4737 1821 4815 utsingulis

267 4834 612 4898 mensibus
639 4829 953 4892 sexdecim
971 4828 1166 4905 aurei,
1201 4846 1273 4888 ex
1292 4827 1395 4888 illo
1419 4827 1629 4889 debito
1650 4848 1823 4890 com-

267 4929 665 5011 putarentur
692 4923 753 4982 in
784 4920 1156 4982 solutionem
1183 4920 1361 4999 panis
1382 4922 1643 5000 accepti,
1665 4927 1730 4983 et
1755 4922 1820 4983 id

268 5020 461 5104 quod
517 5015 785 5095 amplius
840 5014 1175 5074 deberetur
1228 5012 1308 5073 ob
1364 5032 1593 5092 panem
1655 5014 1821 5076 illius

267 5112 548 5187 mensis,
581 5107 806 5170 nobilis
836 5107 899 5168 in
939 5107 1063 5167 fine
1093 5106 1325 5166 mensis
1352 5108 1640 5168 solveret.
1667 5109 1821 5168 Rur-

265 5227 385 5270 sus
419 5201 652 5266 nobilis
680 5219 745 5261 se
775 5198 1075 5278 obligavit
1101 5199 1180 5259 ad
1207 5198 1576 5260 obtinendas
1603 5198 1821 5279 pistori

268 5302 451 5362 duas
506 5294 833 5356 facultates
862 5292 919 5353 ei
957 5310 1082 5353 non
1138 5310 1361 5370 parum
1390 5292 1574 5353 utiles
1609 5312 1621 5354 :
1668 5293 1819 5353 alte-

265 5411 452 5468 ram,
486 5397 555 5450 ut
584 5386 860 5467 quotidie
891 5404 967 5447 ex
996 5385 1183 5445 domo
1215 5383 1495 5461 publica,
1526 5385 1630 5445 ubi
1660 5385 1822 5447 triti-

266 5502 434 5548 cum
494 5480 806 5555 venditur,
866 5477 1150 5556 accipere
1192 5482 1406 5554 posset
1449 5481 1577 5538 tres
1632 5476 1818 5540 tritici

3343 309 3460 369 463

1932 499 2172 558 saccos,
2207 499 2350 541 cum
2378 481 2518 559 lege
2549 479 2989 560 prohiberetur
3016 482 3300 561 accipere
3344 483 3459 544 nisi

1895 591 1898 592 ⁷
1930 592 2149 634 unum.
2181 574 2561 650 Alteram,ut
2581 579 2790 651 posset
2818 576 3172 650 extrahere,
3207 580 3269 637 et
3297 595 3463 637 eute-

1927 684 1995 726 re
2024 684 2097 726 ex
2128 666 2266 726 aliis
2309 666 2486 744 regni
2516 666 2760 745 oppidis
2787 670 2927 730 500.
2962 673 3072 729 aut
3098 671 3238 730 600.
3274 670 3459 732 tritici

1928 757 2172 819 modios
2195 758 2274 817 ad
2303 758 2810 837 negotiationem,
2847 779 2990 821 cum
3021 761 3140 822 hoc
3169 763 3458 823 etiamle-

1928 869 2007 929 ge
2027 850 2410 930 prohibitum
2441 857 2623 912 esset.

2008 945 2075 1003 In
2135 942 2254 1003 boc
2283 961 2431 1004 casu
2462 943 2651 1022 aliqui
2697 945 3007 1023 dixerunt,
3067 949 3343 1009 nobilem
3373 949 3459 1010 vi-

1926 1052 2067 1094 rum
2098 1034 2252 1094 nihil
2294 1035 2525 1095 debere
2584 1036 2801 1114 pistori
2834 1039 3183 1116 restituere,
3218 1042 3328 1102 sed
3359 1061 3458 1104 so-

1925 1126 2056 1186 lum
2087 1127 2251 1188 bono
2282 1128 2601 1188 communi
2640 1128 2940 1189 damnum
2973 1132 3029 1191 ei
3069 1132 3309 1194 illatum
3342 1155 3457 1197 usu

1926 1220 2368 1297 praedictarum
2425 1220 2817 1297 facultatum,
2853 1242 3043 1301 quam
3100 1228 3455 1304 responsio-

1925 1330 2068 1371 nem
2085 1312 2320 1373 Molina
2346 1311 2695 1390 impugnat,
2730 1319 2863 1374 tum
2894 1316 3041 1395 quia
3072 1317 3322 1379 difficile
3355 1337 3457 1381 es-

1926 1407 2019 1464 set
2041 1405 2351 1464 aestimare
2382 1404 2682 1464 damnum
2737 1409 3055 1468 communi
3099 1411 3263 1471 hono
3321 1412 3459 1473 illn-

1921 1501 2078 1572 tum,
2112 1501 2183 1557 ut
2209 1496 2453 1557 restitui
2483 1503 2693 1575 posset
2725 1519 2738 1559 :
2775 1504 2909 1560 tum
2952 1502 3142 1562 etiam
3173 1504 3320 1582 quia
3348 1524 3457 1583 pa·

1922 1606 2065 1648 rum
2092 1589 2192 1648 vel
2223 1588 2463 1648 nullum
2511 1589 2813 1651 damnum
2841 1592 3077 1654 bonum
3122 1613 3454 1657 commune

1924 1698 1997 1740 ea
2027 1681 2355 1741 occasione
2388 1681 2640 1758 patitur,
2676 1701 2880 1762 neque
2934 1685 3097 1746 ullus
3142 1689 3454 1750 confessa-

1923 1771 2051 1832 rius
2080 1773 2434 1850 injungeret
2450 1773 2667 1850 pistori
2699 1775 2814 1853 ipsi
2845 1776 3287 1855 obligationem
3321 1799 3454 1843 res-

1921 1863 2191 1926 tituendi
2220 1863 2384 1924 bono
2414 1867 2735 1925 communi
2763 1873 3019 1947 propter
3075 1890 3255 1932 usum
3315 1874 3444 1936 illa-

1922 1975 2061 2017 rum
2091 1955 2481 2032 facultatum,
2516 1961 2702 2036 prout
2731 1977 2952 2020 revera
2993 1963 3321 2026 restituere
3344 1967 3455 2027 de-

1922 2048 2180 2125 buisset,
2214 2048 2437 2110 saltem
2467 2068 2593 2109 non
2613 2051 2978 2114 restituente
3010 2055 3200 2116 nobili
3233 2058 3339 2137 qui
3369 2060 3455 2126 fa-

1923 2141 2185 2202 cultates
2214 2140 2484 2202 obtinuit
2516 2159 2531 2205 :
2589 2141 2716 2203 imo
2767 2163 2880 2204 nec
2925 2145 3311 2226 obligaretur
3361 2152 3452 2231 pi-

1920 2237 2052 2295 stor
2087 2233 2170 2293 ad
2227 2233 2705 2310 restituendum,
2740 2236 2886 2298 licet
2941 2238 3072 2299 sine
3129 2241 3449 2320 facultate,

1919 2343 2033 2386 suo
2055 2324 2356 2404 pericu10‚
2392 2327 2603 2387 omnia
2635 2327 2737 2388 illa
2761 2329 3010 2393 fecisset
3036 2339 3254 2396 contra
3282 2336 3452 2415 leges

1922 2421 1983 2479 et
2010 2417 2486 2496 prohibitiones

2001 2512 2207 2581 Quare
2255 2510 2421 2569 idem
2469 2511 2703 2572 Melina
2750 2516 3118 2594 respondet,
3176 2520 3450 2584 nobilem

1920 2602 2152 2662 debere
2180 2603 2507 2663 restituere
2551 2604 2765 2682 pistori
2794 2614 3052 2686 propter
3080 2611 3448 2690 injustitiam

1918 2694 1982 2755 in
2013 2691 2338 2756 contractu
2360 2698 2756 2757 commissam
2790 2718 2804 2759 ε
2858 2699 3044 2762 debet
3071 2704 3237 2764 enim
3268 2707 3450 2769 redu-

1920 2805 2062 2849 cere
2091 2792 2480 2849 contractum
2509 2789 2682 2849 illum
2712 2790 2792 2850 ad
2823 2793 3242 2870 zequalitatem
3274 2798 3451 2861 debi-

1918 2884 2070 2956 tam,
2102 2879 2399 2941 solvendo
2428 2898 2541 2959 pro
2564 2900 2746 2959 pane,
2781 2890 3085 2962 quantum
3115 2889 3176 2948 in
3208 2909 3281 2952 eo
3311 2892 3448 2956 loco

1919 2977 1982 3033 et
2008 2977 2290 3050 tempore
2321 2991 2443 3051 quo
2472 2974 2651 3053 panis
2680 2976 3003 3055 accipitur,
3038 2982 3247 3043 valere
3278 2990 3449 3063 pote-

1915 3068 2035 3141 rat,
2063 3064 2318 3142 dempto
2348 3065 2606 3126 fortasse
2637 3066 2844 3147 aliquo
2867 3087 2980 3147 pro
3010 3071 3315 3137 industria
3341 3096 3449 3159 ap-

1915 3157 2120 3239 posita
2148 3157 2230 3219 ad
2259 3157 2630 3220 obtinendas
2659 3160 2796 3222 illas
2833 3162 3163 3229 facultates
3224 3190 3237 3230 :
3294 3171 3448 3234 nihil

1915 3255 2127 3314 tamen
2156 3253 2407 3312 demere
2438 3251 2627 3312 debet
2655 3253 2732 3313 de
2763 3255 2975 3317 valore
3005 3259 3212 3337 tritici,
3245 3267 3306 3323 et
3333 3283 3446 3343 pa·

1919 3344 2012 3404 nis
2040 3363 2153 3422 pro
2186 3343 2493 3405 solutione
2521 3345 2860 3423 anticipata
2890 3348 3303 3414 ducentorum
3337 3374 3449 3417 au·

1915 3455 2189 3511 reorum,
2224 3436 2372 3516 quia
2400 3436 2534 3497 haec
2563 3442 2726 3499 esset
2754 3457 2971 3515 usura;
3024 3462 3229 3524 neque
3259 3448 3449 3510 etiam

1915 3548 2028 3609 pro
2084 3529 2349 3590 utilitate
2398 3548 2586 3608 quam
2630 3530 2826 3608 pistor
2866 3531 3100 3596 habere
3138 3540 3340 3616 potuit
3373 3559 3447 3602 ex

1915 3640 2031 3683 usu
2058 3621 2308 3682 illarum
2336 3621 2702 3684 facultatum
2748 3643 2761 3684 :
2812 3624 2960 3703 quia
3003 3626 3249 3689 lucrum
3279 3634 3449 3712 quod

1917 3733 1993 3774 ea
2022 3713 2348 3776 occasione
2379 3714 2599 3776 habuit
2645 3716 2862 3793 pistor,
2915 3723 3010 3780 est
3054 3720 3291 3784 fructus
3320 3744 3449 3786 suae

1915 3806 2239 3867 industriae
2269 3811 2525 3886 propter
2567 3812 2924 3870 contractus
2955 3814 3343 3892 emptionum
3388 3822 3451 3879 et

1919 3898 2346 3959 venditionum
2378 3917 2534 3978 quos
2564 3904 2782 3977 postea
2809 3902 2977 3977 fecit,
3030 3909 3093 3966 et
3120 3907 3449 3972 facultates

1916 3992 2118 4079 solum
2135 3990 2511 4067 deserviunt,
2547 3996 2616 4053 ut
2642 3993 2897 4072 impune
2913 3995 2976 4055 id
2997 3997 3264 4074 faceret;
3299 4020 3447 4082 ergo

1915 4086 2159 4146 lucrum
2184 4082 2339 4143 illud
2386 4082 2465 4143 ad
2491 4083 2792 4162 pistorem
2840 4093 3078 4166 spectat
3122 4096 3185 4153 et
3213 4111 3336 4155 non
3366 4095 3448 4161 ad

1917 4177 2192 4240 nobilem
2221 4175 2328 4254 qui
2355 4175 2682 4238 facultates
2712 4179 3000 4243 obtinuit.

1996 4272 2128 4349 Ego
2158 4267 2344 4347 paulo
2390 4269 2572 4330 aliter
2611 4269 2946 4334 dicendum
2977 4280 3165 4354 put03
3227 4284 3289 4340 et
3332 4280 3453 4343 im·

1919 4362 2136 4443 primis
2164 4380 2287 4423 non
2318 4361 2533 4423 dubito
2565 4362 2731 4442 quod
2761 4370 3119 4430 contractus
3147 4372 3335 4434 fuerit
3361 4374 3451 4434 in-

1910 4457 2117 4536 justus
2148 4454 2356 4534 quoad
2386 4458 2584 4515 totum
2611 4454 2784 4532 illud,
2819 4459 2986 4537 quod
3010 4460 3088 4521 de
3119 4465 3316 4540 pretio
3349 4466 3457 4526 tri-

1917 4548 2047 4624 tici,
2081 4551 2145 4608 et
2171 4546 2349 4626 panis
2378 4546 2726 4608 detractum
2754 4548 2872 4610 fuit
2899 4551 2979 4612 ob
3010 4552 3312 4619 ducentos
3343 4576 3457 4618 an·

1917 4659 2060 4702 reos
2089 4644 2273 4700 antea
2293 4643 2631 4715 mutuatos,
2673 4658 2817 4701 cum
2847 4640 3061 4705 titulus
3096 4646 3198 4708 ille
3230 4668 3451 4714 usura-

1917 4733 2047 4795 rius
2076 4737 2259 4809 esset,
2292 4736 2355 4793 et
2384 4750 2506 4793 non
2527 4735 2798 4810 potuerit
2809 4734 3155 4813 justificare
3176 4741 3455 4805 diminu-

1917 4826 2154 4888 tionem
2183 4824 2367 4903 pretii
2395 4843 2470 4884 ex
2499 4825 2699 4903 pretio²
2718 4825 2888 4904 justo
2931 4830 3153 4891 saltem
3182 4834 3398 4897 infimo
3432 4856 3446 4899 :

1920 4936 2113 4999 quare
2143 4917 2205 4977 id
2236 4920 2435 4978 totum
2466 4918 2634 4995 quod
2684 4919 2863 4980 titulo
2900 4921 2989 4982 illi
3017 4929 3453 5006 correspondit

1918 5013 1981 5073 in
2008 5011 2409 5071 decremento
2442 5029 2517 5071 ex
2545 5012 2743 5089 pretio
2764 5013 2934 5091 justo
2955 5062 2970 5092 ,
3022 5017 3238 5095 pistori
3270 5021 3449 5083 reddi

1920 5104 2127 5165 debet.
2194 5103 2430 5164 Deinde
2460 5103 2641 5165 facile
2671 5106 3043 5168 crediderim
3087 5129 3311 5190 parum
3343 5119 3453 5176 aut

1919 5197 2073 5258 nihil
2090 5196 2547 5259 restituendum
2568 5215 2702 5258 esse
2721 5198 2887 5260 bono
2905 5204 3219 5264 communi
3255 5224 3272 5267 ε
3304 5208 3451 5286 quia

1918 5309 2143 5371 parum
2173 5294 2280 5351 aut
2308 5288 2460 5349 nihil
2490 5289 2844 5354 detrimenti
2888 5293 2951 5353 in
2981 5296 3247 5359 fortunis
3276 5300 3451 5360 vide-

1917 5388 2020 5446 tur
2044 5384 2319 5464 potuisse
2348 5383 2646 5463 consequi
2694 5403 2770 5445 ex
2800 5388 3201 5452 concessione
3245 5396 3306 5453 et
3334 5412 3450 5455 usu

1920 5474 2168 5538 illarum
2197 5476 2562 5537 facultatum
2611 5477 2716 5537 uni
2747 5479 2859 5540 soli
2907 5480 3091 5546 facta.
3154 5483 3448 5556 Quamvis

3597 4293 3670 4353 81
