4263 6376
1176 327 1647 387 DISPUTA'I'IO
1692 324 1965 401 xxxvl,
2015 325 2288 386 SECTIO
2335 326 2435 385 lv,

3255 330 3368 387 627

205 503 504 582 populum
538 501 819 563 excusari
848 520 885 561 a
911 501 1143 563 tributo
1173 501 1495 563 solvendo.
1557 500 1736 562 Ratio
1837 501 1954 581 piS,
1987 501 2149 563 sicut
2176 502 2299 563 dici
2339 502 2497 564 solet
2542 522 2663 564 non
2721 520 2902 582 posse
2959 503 3093 563 dari
3139 504 3374 563 bellum

205 601 415 657 autem
447 596 672 674 prioris
703 596 895 674 partis
921 595 1057 655 hoec
1088 599 1181 656 est
1225 616 1237 656 :
1301 597 1448 675 quia
1487 595 1634 655 licet
1674 594 1736 654 in
1833 593 2073 673 justum
2105 614 2179 656 ex
2213 602 2477 675 utraque
2509 602 2708 675 parte,
2744 614 2857 673 per
2909 615 2975 656 se
3032 596 3370 675 loquendo,

207 690 344 749 aliis
373 689 797 750 contractibus
825 688 1093 750 sufficiat
1123 688 1202 748 ad
1232 707 1448 749 eorum
1462 688 1740 749 valorem
1841 707 2020 766 posse
2046 693 2257 750 tamen
2288 709 2401 768 per
2428 690 2717 750 accidens
2745 689 2882 749 dari
2910 696 3166 769 propter
3207 690 3378 768 igno-

208 788 269 844 et
291 782 598 862 justitiam
631 782 1032 843 intrinsecam
1062 782 1306 842 animus
1335 801 1402 843 se
1423 779 1740 860 obligandi
1839 781 2110 842 rantiam
2167 801 2241 841 ex
2297 802 2423 842 una
2477 788 2652 862 parte
2709 782 3096 858 existentem,
3149 788 3210 844 et
3257 784 3376 843 hoc

208 877 342 936 sine
389 875 599 936 animo
650 874 1055 947 observandi;
1116 875 1178 935 in
1239 875 1470 936 tributo
1530 881 1741 936 tamen
1842 879 2025 954 pacto
2077 876 2496 954 respondetur
2542 880 2912 954 argumento
2976 876 3241 937 Medium
3277 892 3377 935 su-

209 968 517 1048 exigendo
550 968 612 1028 id
646 987 769 1028 non
796 967 1056 1031 sufficit:
1092 968 1238 1047 quia
1266 968 1566 1029 tributum
1595 971 1744 1028 tunc
1841 986 1957 1046 pra
1984 968 2279 1030 adductO.

208 1063 411 1124 solum
434 1061 602 1141 juste
633 1060 921 1140 exigitur,
939 1062 1192 1140 quando
1220 1061 1488 1140 populus
1504 1061 1745 1122 solvere

211 1160 274 1217 et
301 1158 630 1232 acceptare
649 1153 871 1215 debet:
899 1154 1163 1232 populus
1194 1159 1404 1214 autem
1435 1155 1636 1215 solum
1664 1151 1748 1213 ad

213 1249 335 1309 hoc
361 1252 629 1322 tenetur,
663 1247 913 1325 quando
944 1247 1005 1306 in
1053 1246 1148 1308 his
1175 1247 1657 1309 circumstantiis
1685 1246 1749 1306 id

209 1343 491 1403 futurum
512 1345 802 1400 censetur
820 1340 884 1400 in
905 1340 1232 1401 utilitatem
1249 1340 1584 1419 publicam,
1610 1357 1750 1419 quae

211 1436 577 1513 compenset
605 1432 902 1493 damnum
924 1433 1244 1513 publicum
1262 1434 1428 1513 quod
1450 1434 1752 1495 tributum

211 1545 428 1589 secum
457 1527 658 1587 affert.
694 1526 944 1598 Quoties
998 1530 1211 1587 autem
1264 1525 1479 1586 tributi
1528 1525 1752 1586 solutio

214 1640 343 1682 non
371 1624 662 1680 censetur
686 1618 1039 1679 redundare
1070 1619 1131 1678 in
1154 1618 1389 1679 bonum
1409 1617 1749 1697 publicum,

214 1715 348 1774 sive
375 1711 439 1771 id
466 1711 565 1786 sit,
599 1714 747 1789 quia
793 1729 915 1772 non
974 1715 1068 1772 est
1121 1729 1312 1772 causa
1342 1709 1751 1786 necessitatis,

213 1807 348 1867 sive
375 1809 633 1884 propter
659 1803 890 1864 malam
918 1803 1524 1866 administrationem
1539 1820 1757 1864 corum

216 1898 298 1959 ad
333 1916 488 1977 quos
515 1896 787 1976 pertinet
832 1898 1185 1975 expendere
1239 1897 1568 1974 tributum,
1621 1898 1758 1976 jam

216 2011 293 2053 eo
325 1992 460 2071 ipso
489 1990 796 2051 tributum
827 2008 950 2052 non
979 1990 1363 2067 conceditur,
1400 2009 1514 2051 nec
1561 1990 1758 2069 impo-

216 2087 389 2147 nitur
408 2086 675 2163 justum,
710 2101 853 2144 cum
885 2082 1018 2162 ejus
1047 2084 1361 2163 impositio
1405 2083 1469 2144 in
1499 2082 1596 2142 his
1644 2083 1759 2143 cir·

216 2176 612 2240 cumstantiis
641 2195 763 2237 non
793 2178 873 2238 sit
912 2177 976 2237 in
1002 2178 1262 2255 bonum,
1295 2177 1401 2237 sed
1469 2178 1530 2237 in
1587 2177 1760 2236 dam-

216 2290 373 2332 num
423 2270 743 2349 publicum
777 2290 790 2331 :
851 2270 952 2331 ille
1002 2289 1151 2348 ergo
1206 2270 1408 2331 malus
1463 2269 1760 2349 principis

219 2365 472 2425 animus
501 2363 653 2424 facit
682 2363 848 2442 quod
879 2364 1181 2424 tributum
1211 2362 1437 2441 injuste
1472 2363 1759 2442 impona-

219 2464 349 2534 tur,
382 2458 529 2536 quia
557 2475 682 2517 non
703 2457 1044 2535 imponitur
1063 2456 1125 2516 in
1155 2457 1230 2517 iis
1252 2456 1757 2532 circumstantiiS,

219 2553 286 2613 in
318 2551 546 2631 quibus
588 2548 901 2628 impositio
948 2549 1132 2610 cedat
1177 2549 1238 2609 in
1287 2549 1521 2609 bonum
1562 2549 1765 2629 publi-

221 2664 394 2721 cum,
427 2648 490 2705 et
516 2661 631 2721 per
661 2660 1050 2721 consequens
1090 2661 1212 2702 non
1261 2643 1606 2722 imponitur
1651 2660 1762 2703 va-

217 2739 371 2815 lide,
405 2736 513 2797 sed
548 2754 693 2796 cum
723 2753 910 2796 onere
940 2735 1329 2811 restituendi,
1382 2735 1602 2796 saltem
1649 2734 1766 2795 nisi

219 2835 444 2913 postea
471 2834 713 2890 mutato
743 2830 950 2889 animo
981 2828 1139 2889 bene
1170 2828 1577 2907 expendatur.

306 2921 617 2986 Secundae
647 2940 797 2982 vero
827 2922 1042 3001 partiS,
1093 2921 1261 3000 quod
1305 2924 1562 3000 propter
1597 2920 1768 2981 illam

224 3015 680 3098 experientiam
710 3014 976 3093 populus
1005 3021 1336 3077 excusetur
1352 3019 1568 3093 postea
1596 3033 1634 3075 a
1660 3014 1770 3075 tri-

222 3114 376 3174 buto
406 3109 733 3185 solvendO,
780 3110 935 3172 ratio
965 3128 1099 3169 esse
1130 3109 1336 3184 debet,
1372 3127 1495 3168 non
1517 3108 1772 3187 quidem

224 3206 395 3287 quod
425 3204 720 3285 princeps
748 3202 976 3263 debeat
1013 3202 1130 3264 hoc
1160 3221 1323 3264 anno
1372 3202 1660 3278 reddere,
1710 3204 1774 3263 et

224 3298 584 3379 expendere
615 3297 678 3356 in
712 3294 830 3356 hoc
860 3314 1073 3374 opere,
1107 3297 1276 3376 quod
1317 3315 1482 3356 anno
1537 3313 1774 3375 praece-

225 3392 403 3455 denti
429 3391 596 3450 male
627 3389 922 3468 expendit
949 3390 1013 3448 in
1044 3389 1198 3449 alios
1219 3408 1366 3450 usus
1390 3409 1404 3463 ;
1428 3389 1545 3450 hoc
1577 3388 1767 3464 enim,

227 3493 296 3549 ut
324 3485 623 3558 diximus,
657 3482 1072 3544 communiter
1100 3501 1225 3543 non
1255 3486 1582 3544 excusaret
1624 3482 1773 3543 sub-

227 3581 416 3654 ditos,
453 3596 598 3638 cum
620 3575 960 3637 necessitas
995 3574 1202 3636 adhuc
1233 3580 1474 3654 urgeat,
1508 3579 1570 3636 et
1599 3574 1774 3654 prin·

227 3692 376 3752 ceps
404 3689 534 3732 non
581 3669 813 3730 habeat
841 3669 1007 3730 unde
1052 3669 1110 3729 ei
1164 3668 1497 3730 subvenire
1543 3668 1769 3748 possit;

227 3766 342 3826 sed
370 3765 536 3827 ratio
565 3767 680 3839 est,
716 3763 884 3842 quod
914 3762 1148 3824 subditi
1165 3762 1550 3842 experientia
1571 3761 1773 3823 edocti

227 3860 580 3940 prudenter
627 3856 935 3936 judicant,
986 3855 1106 3916 hoc
1149 3858 1337 3917 etiam
1394 3875 1557 3916 anno
1612 3856 1776 3916 male

229 3951 720 4032 expendendum
767 3950 935 4029 quod
1011 3949 1329 4026 solverint,
1389 3954 1578 4030 atque
1635 3948 1777 4009 ideo

227 4045 613 4107 solutionem
637 4042 857 4105 tributi
882 4060 1006 4102 non
1039 4042 1395 4103 redundare
1424 4043 1487 4102 in
1535 4041 1630 4102 his
1669 4041 1781 4101 cir-

231 4137 635 4199 cumstantiis
664 4135 726 4195 in
751 4135 1011 4211 bonum,
1044 4135 1154 4195 sed
1185 4135 1248 4194 in
1279 4135 1581 4195 damnum
1610 4154 1783 4196 com-

230 4247 469 4302 mune;
506 4247 702 4308 quare
731 4246 935 4307 neque
992 4246 1126 4288 esse
1168 4227 1614 4308 obligationem
1661 4227 1784 4288 sol-

232 4323 451 4395 vendi,
493 4322 562 4384 Si
589 4339 739 4400 ergo
771 4320 1064 4401 princeps
1115 4320 1324 4383 animo
1356 4322 1519 4381 male
1557 4339 1785 4399 expen-

233 4416 432 4477 dendi
463 4418 656 4494 petat,
692 4413 921 4492 injuste
954 4414 1168 4492 exigit,
1230 4417 1294 4476 et
1345 4414 1577 4475 subditi
1616 4413 1784 4493 juste

233 4513 496 4588 negant.
535 4507 602 4569 Si
641 4525 790 4568 vero
834 4506 1127 4586 princeps
1166 4511 1405 4568 mutato
1447 4507 1511 4566 in
1562 4505 1786 4568 melius

232 4603 476 4679 animo,
503 4601 637 4681 jam
657 4603 829 4678 petat
858 4618 1002 4660 cum
1022 4600 1339 4680 proposito
1369 4601 1528 4661 bene
1559 4618 1785 4678 expen-

233 4695 457 4770 dendi,
483 4694 652 4774 juste
682 4694 938 4772 quidem
965 4693 1141 4772 petit,
1187 4696 1251 4754 et
1275 4693 1508 4755 subditi
1564 4712 1675 4772 per
1720 4711 1787 4753 se

233 4788 563 4868 loquendo
592 4789 957 4849 tenerentur
983 4787 1246 4861 solvere,
1270 4787 1323 4847 si
1354 4786 1443 4846 eis
1471 4786 1548 4846 de
1577 4791 1787 4848 muta-

235 4887 307 4944 to
336 4880 639 4961 principis
696 4879 905 4940 animo
961 4884 1314 4954 constaret;
1347 4898 1460 4959 per
1500 4879 1789 4939 accidens

235 4981 463 5038 tamen
493 4976 873 5035 excusantur
901 4991 939 5032 a
968 4972 1290 5048 solvend0,
1326 4973 1470 5051 quia
1501 4972 1617 5051 ipsi
1647 4991 1791 5052 pru-

235 5070 474 5130 denter
526 5071 789 5147 possunt
842 5067 1085 5144 timere,
1145 5066 1424 5127 futurum
1479 5085 1612 5127 esse
1672 5065 1792 5126 hoc

236 5180 415 5223 anno
446 5161 613 5222 idem
645 5159 814 5240 quod
841 5160 1021 5220 annis
1051 5158 1570 5238 praecedentibus
1606 5160 1684 5220 Et
1726 5159 1792 5218 in

235 5257 370 5317 hoc
401 5273 555 5316 casu
584 5273 710 5314 non
750 5258 845 5315 est
890 5252 1359 5330 inconvenienS,
1395 5252 1564 5331 quod
1610 5251 1795 5314 detur

226 5349 348 5430 jus
379 5350 444 5409 in
476 5347 758 5428 principe
789 5347 868 5407 ad
890 5347 1227 5426 petendum
1251 5347 1383 5407 sine
1412 5346 1793 5425 obligatione

234 5444 316 5503 in
345 5442 636 5517 subditis,
671 5440 817 5520 quia
846 5440 966 5501 hoc
995 5442 1067 5501 fit
1093 5444 1350 5519 propter
1375 5440 1792 5518 ignorantiam

235 5536 656 5598 subditorum
695 5534 772 5594 de
805 5551 965 5594 novo
998 5534 1205 5593 animo
1237 5534 1402 5594 bono
1433 5533 1524 5593 sui
1569 5533 1795 5612 princi-

1927 1061 1991 1123 Si
2022 1066 2232 1124 autem
2254 1063 2544 1142 princeps
2563 1063 2642 1124 ab
2671 1063 2844 1125 initio
2862 1067 3034 1143 petat
3051 1064 3216 1125 bono
3245 1064 3379 1123 ani-
3528 1065 3605 1125 63

1847 1173 1949 1216 mo
1982 1156 2374 1235 expendendi
2406 1157 2564 1217 hene
2594 1157 2675 1218 ad
2703 1156 2873 1216 illam
2922 1158 3374 1232 necessitatem,
3432 1194 3533 1246 Qum
3583 1192 3616 1234 ᾗ
3654 1203 3726 1233 mx

1851 1266 1963 1327 pro
1994 1267 2118 1327 qua
2147 1249 2452 1310 tributum
2481 1250 2734 1329 petitur,
2771 1269 2893 1329 quo
2927 1269 3073 1311 casu
3108 1249 3273 1329 juste
3321 1256 3384 1311 et
3434 1228 3553 1342 b⁰¹¹⁰¹¹
3583 1246 3727 1342 ,⁸¹¹³{m’

1853 1341 2055 1402 valide
2083 1342 2386 1403 tributum
2416 1343 2739 1422 accipitur,
2773 1347 2836 1404 et
2862 1348 3080 1422 postea
3104 1344 3182 1405 de
3220 1344 3383 1404 facto
3434 1313 3579 1412 poffess
3603 1314 3729 1395 ’nimie

1852 1436 2015 1496 male
2045 1435 2198 1495 illud
2229 1436 2561 1516 expendat,
2596 1455 2674 1498 aa
2707 1441 2996 1498 teneatur
3024 1456 3147 1498 non
3183 1437 3387 1498 solum
3480 1407 3695 1462 ⁰⁸p⁰”‘¹‘¹¹'

1854 1528 1934 1589 ad
1965 1528 2198 1589 damna
2224 1529 2644 1605 resarcienda,
2680 1530 2789 1589 sed
2847 1530 3034 1591 etiam
3069 1530 3149 1590 ad
3191 1530 3389 1591 tribu-

1854 1626 1988 1683 tum
2046 1625 2374 1700 acceptum
2428 1621 2845 1699 reddendum,
2907 1622 3101 1682 videri
3151 1626 3384 1702 posset,

1854 1715 2056 1775 solum
2085 1713 2283 1776 teneri
2314 1714 2395 1774 ad
2426 1714 2659 1775 damna
2701 1716 3101 1777 resarcienda
3143 1718 3224 1777 ob
3257 1735 3392 1776 ma-

1854 1808 1984 1867 lum
2037 1806 2253 1867 tributi
2296 1825 2478 1868 usum
2534 1812 2794 1869 secuta:
2826 1808 2986 1869 sicut
3040 1816 3246 1870 custos
3286 1808 3391 1888 qui

1856 1899 2116 1978 negligit
2155 1899 2503 1961 custodiam
2530 1900 2729 1961 vineae
2775 1920 2900 1963 non
2940 1906 3260 1965 teneretur
3312 1901 3396 1963 ad

1855 1992 2305 2054 restituendam
2353 1994 2709 2054 mercedem
2764 1999 3108 2074 acceptam,
3156 1996 3266 2056 sed
3315 1994 3396 2055 ad

1858 2084 2258 2146 resarcienda
2288 2085 2520 2146 damna
2548 2086 2802 2147 domino
2833 2105 2906 2147 ex
2937 2106 3052 2148 sua
3080 2088 3401 2167 negligen-

1859 2178 1947 2239 tia
2009 2182 2246 2253 secuta,
2306 2178 2452 2239 licet
2504 2178 2859 2258 peccaverit
2912 2180 3099 2241 etiam
3171 2198 3400 2240 munus
3485 2179 3498 2190 ‘

1861 2289 2042 2332 suum
2073 2289 2197 2331 non
2229 2271 2617 2351 exequendo,
2643 2272 2809 2352 quod
2841 2273 3027 2335 etiam
3057 2274 3283 2335 docere
3314 2273 3403 2333 vi·

1862 2365 2047 2425 detur
2072 2364 2305 2424 Molina
2352 2364 2514 2443 disp.
2548 2369 2687 2427 667.
2724 2386 2788 2427 n.
2818 2369 2875 2429 3.
2922 2366 3143 2429 Verius
3186 2373 3400 2428 tamen

1862 2457 2110 2517 videtur
2137 2457 2224 2533 id,
2258 2457 2425 2536 quod
2457 2458 2644 2536 Vasq.
2681 2478 2785 2519 nu.
2839 2462 2939 2520 54.
2996 2463 3060 2522 et
3106 2460 3395 2521 Turrian.

1864 2552 2013 2611 dub.
2043 2568 2127 2611 tv.
2162 2569 2225 2610 n.
2249 2554 2307 2611 7.
2339 2550 2574 2627 dicunt,
2603 2551 2833 2611 debere
2855 2551 3044 2612 etiam
3074 2553 3403 2614 restituere

1865 2644 2167 2706 tributum
2215 2648 2542 2721 acceptum
2569 2663 2582 2704 ε
2636 2644 2802 2723 quod
2853 2648 3062 2706 tamen
3119 2647 3405 2723 vasquez

1866 2756 1990 2798 non
2022 2736 2110 2797 ita
2154 2736 2527 2814 generaliter
2574 2736 2743 2813 dicit,
2793 2739 2901 2798 sed
2934 2738 3163 2799 debere
3189 2738 3252 2798 id
3290 2738 3406 2799 ite-

1866 2849 2007 2891 rum
2037 2830 2392 2909 expendere
2418 2829 2483 2888 in
2512 2829 2664 2889 illud
2698 2848 2856 2909 opus
2885 2848 2997 2909 pro
3029 2848 3152 2909 quo
3185 2830 3406 2892 datum

1868 2923 2004 2999 fuit,
2039 2921 2098 2982 id
2130 2926 2340 2983 tamen
2390 2921 2650 3000 intelligi
2719 2923 2930 2999 debet,
2982 2923 3031 2983 si
3089 2924 3297 2984 adhuc
3341 2923 3405 2982 in

1870 3017 2059 3093 idem,
2093 3016 2191 3077 vel
2221 3016 2422 3075 simile
2452 3034 2607 3094 opus
2636 3016 2901 3094 expendi
2950 3019 3172 3094 potest.
3229 3017 3406 3078 Ratio

1872 3116 2082 3172 autem
2112 3113 2226 3185 est,
2261 3108 2408 3188 quia
2433 3127 2557 3169 non
2586 3109 2673 3169 ita
2704 3108 2891 3170 datur
2906 3109 3210 3171 tributum
3239 3109 3411 3188 prin-

1871 3204 1990 3282 cipi
2022 3203 2101 3262 ad
2134 3202 2569 3264 necessitatem
2608 3202 2800 3279 illam,
2832 3203 2994 3264 sicut
3038 3204 3224 3265 datur
3270 3223 3412 3265 cus·

1871 3296 2000 3358 todi
2031 3295 2229 3356 vineoe
2257 3314 2498 3355 merces
2515 3296 2821 3374 promissa
2847 3317 2861 3369 ;
2894 3296 3004 3357 sed
3028 3297 3233 3376 potius
3251 3298 3414 3359 sicut

1873 3390 2059 3451 datur
2103 3387 2288 3448 alicui
2347 3389 2633 3467 pecunia,
2686 3392 2757 3450 ut
2794 3408 2860 3449 se
2908 3390 3143 3470 obliget
3188 3391 3266 3450 ad
3306 3390 3414 3451 ali-

1873 3487 2085 3543 menta
2112 3481 2470 3561 praestanda
2500 3481 2813 3561 aliquibus
2842 3483 2961 3544 hoc
2991 3501 3180 3561 anno,
3215 3484 3319 3563 qui
3363 3482 3413 3544 si

1874 3575 2174 3636 alimenta
2204 3591 2327 3634 non
2354 3578 2631 3653 praestat,
2679 3574 2867 3637 debet
2911 3577 3243 3654 pecuniam
3271 3576 3417 3636 red-

1875 3670 2023 3728 dere
2057 3688 2070 3728 :
2106 3668 2291 3728 datur
2317 3666 2484 3727 enim
2527 3667 2607 3727 ad
2663 3673 2904 3730 certum
2935 3689 3159 3744 usum3
3220 3688 3415 3749 quare

1875 3762 2100 3822 modus
2128 3761 2229 3821 ille
2260 3759 2508 3822 videtur
2560 3763 2783 3821 afferre
2818 3780 3030 3822 secum
3073 3763 3422 3824 revocatio·-

1878 3873 2023 3915 nem
2053 3853 2428 3929 donationis,
2463 3853 2514 3914 si
2537 3872 2662 3915 non
2693 3854 2779 3915 ita
2806 3856 3216 3933 expendatur,
3240 3856 3422 3936 juxta

1883 3966 1958 4008 ea
1996 3966 2137 4027 quae
2168 3947 2245 4006 de
2276 3946 2612 4007 donatione
2643 3966 2784 4007 cum
2815 3948 3005 4010 modo
3050 3949 3217 4011 facta
3264 3949 3424 4010 dixi·

1883 4059 2023 4102 mus
2069 4040 2230 4118 disp.
2264 4056 2443 4101 xxm.
2479 4039 2549 4100 de
2574 4039 2772 4101 donat.
2808 4046 2959 4103 sect.
2993 4046 3052 4103 7.

1963 4134 2072 4194 His
2097 4132 2336 4212 positiS,
2371 4136 2611 4194 restant
2639 4132 2851 4214 aliqua
2881 4134 3094 4196 dubia.

1964 4227 2173 4288 Primo
2204 4225 2478 4288 dubitari
2508 4227 2687 4302 solet,
2722 4246 2803 4288 an
2838 4227 2887 4288 si
2921 4227 3215 4289 venditor
3245 4246 3417 4306 casu,
3571 4237 3650 4295 64

1885 4338 2009 4401 quo
2036 4338 2112 4379 ex
2131 4319 2491 4381 venditione
2513 4319 2784 4382 debebat
2812 4320 3055 4382 solvere
3084 4322 3419 4401 gabellam‚
3529 4364 3593 4406 Ad
3625 4362 3719 4418 quid

1886 4414 2129 4476 occulte
2158 4430 2292 4473 rem
2334 4412 2444 4474 tibi
2499 4413 2734 4474 vendat
2786 4413 2868 4475 ad
2925 4413 3427 4476 defraudandam
3476 4420 3662 4460 ¹0⁰⁶⁸¹¹¹r
3681 4430 3775 4460 0¹¹¹·

1885 4506 2221 4586 gabellum,
2254 4512 2321 4567 tu
2352 4506 2582 4566 debeas
2612 4506 2936 4568 restituere
2959 4526 3032 4570 eo
3063 4509 3234 4587 quod
3264 4510 3428 4569 frau-
3477 4472 3774 4567 ⁹²221ffl¹222d⁰

1888 4599 2123 4661 dationi
2153 4604 2523 4678 cooperatus
2553 4599 2787 4661 fueris?
2814 4602 3104 4664 Affirmat
3134 4602 3432 4663 Silvester
3522 4578 3738 4675 ffifflffi'f

1887 4693 2063 4754 verb.
2095 4691 2329 4772 yabella
2357 4709 2451 4753 111.
2489 4711 2549 4753 n.
2588 4696 2682 4754 18.
2709 4692 2770 4752 in
2803 4694 2948 4768 fine,
2998 4694 3214 4755 dicens
3244 4714 3432 4772 gene-

1888 4785 2103 4848 raliter
2133 4804 2278 4846 eum
2308 4785 2387 4845 ad
2421 4803 2607 4865 quem
2637 4804 2877 4846 merces
2893 4786 3074 4847 titulo
3099 4787 3433 4865 emptionis

1888 4878 2168 4954 veniunt,
2203 4897 2326 4939 non
2357 4879 2560 4939 soluta
2606 4879 2848 4957 gabella
2908 4879 3120 4940 debita
3164 4898 3237 4940 ex
3284 4899 3432 4940 ven-

1891 4971 2149 5046 dit-ione,
2184 4970 2415 5031 debere
2447 4971 2508 5031 in
2541 4971 2921 5032 conscicntia
2976 4990 3117 5032 eam
3164 4972 3428 5050 solvere,

1894 5064 2040 5145 quia
2072 5069 2167 5125 est
2195 5082 2353 5125 onus
2382 5065 2573 5141 reale,
2610 5065 2779 5144 quod
2810 5065 3034 5127 transit
3087 5084 3230 5126 cum
3284 5066 3433 5145 ipsis

1893 5158 2232 5220 mercibuS.

1974 5251 2366 5313 Contrariam
2415 5252 2791 5313 sententiam
2853 5253 3036 5315 docet
3083 5255 3313 5315 Sanch.
3366 5254 3427 5314 d.

1894 5364 1949 5407 c.
1999 5363 2085 5406 ιν.
2123 5345 2274 5406 dub.
2307 5362 2418 5406 xn.
2446 5349 2509 5406 et
2527 5364 2602 5405 ex
2630 5350 2808 5424 parte
2837 5346 3069 5407 Molina
3097 5347 3258 5426 disp.
3292 5351 3431 5408 675.

1896 5445 1958 5501 et
1986 5442 2153 5500 Less.
2190 5439 2252 5500 d.
2290 5458 2343 5500 c.
2378 5455 2596 5500 xxxin.
2634 5457 2694 5500 n.
2727 5444 2785 5500 9.
2823 5439 2886 5499 hi
2914 5443 3124 5500 tamen
3156 5441 3278 5502 duo
3311 5459 3434 5502 non

1893 5535 2241 5613 loquuntur
2268 5550 2581 5611 expresse,
2617 5533 2867 5611 quando
2900 5533 3189 5594 venditor
3231 5552 3303 5594 ex
3346 5535 3438 5594 in-
