4263 6376
642 3002 752 3061 281

571 3128 636 3168 Αη
661 3126 814 3169 sibiut

542 3193 840 3275 112311‘0‘11‘08-

572 3235 813 3343 ‘aptast'

644 5423 759 5482 282

896 298 1011 358 144

885 473 1105 535 beram
1160 472 1414 534 omnino
1462 471 1822 533 facultatem
1864 469 2134 549 eligendi
2166 473 2427 531 testator

885 567 1062 628 dedit
1092 587 1105 628 :
1141 566 1268 626 imo
1299 571 1362 628 et
1397 564 1647 646 quando
1676 564 1739 624 in
1769 564 2096 625 arbitrium
2127 584 2237 625 seu
2259 564 2425 644 judi-

887 661 1052 723 cium
1083 658 1532 722 testamentarii
1562 657 1823 732 remisit,
1857 676 1982 718 non
2011 658 2263 719 videtur
2289 676 2423 718 esse

878 751 1064 832 juxta
1093 756 1368 814 mentem
1397 751 1713 813 testatoris
1732 796 1748 826 ,
1800 750 1970 829 quod
2013 750 2078 810 id
2108 750 2279 829 quod
2308 750 2425 811 dis·

886 845 1070 906 tribui
1101 844 1386 925 praecipit
1413 844 1576 906 inter
1601 862 1908 922 pauperes
1932 889 1947 920 ,
2001 844 2186 905 detur
2223 848 2424 905 totum

885 937 1130 999 duobus
1158 937 1305 999 solis
1333 936 1813 1016 consanguineis
1842 936 2253 1017 pauperibuS,
2287 937 2425 998 aliis

884 1031 1174 1093 omnibus
1203 1030 1522 1109 neglectis,

967 1128 1235 1200 RursuS,
1293 1142 1371 1183 an
1415 1123 1612 1202 possit
1661 1122 1969 1201 ejusmodi
2012 1123 2245 1184 elector
2272 1122 2423 1183 dare

884 1218 1012 1280 suis
1040 1217 1308 1296 propriis
1338 1216 1908 1294 consanguine18,si
1936 1235 2246 1294 pauperes
2275 1216 2418 1288 sint;

885 1315 1120 1389 negant
1148 1309 1342 1388 aliqui
1371 1327 1528 1388 quos
1556 1309 1746 1370 refert
1776 1309 2055 1370 Sanchez
2083 1309 2192 1370 lib.
2227 1311 2329 1371 vl.
2365 1309 2424 1368 in

884 1404 1163 1483 Decaloq.
1199 1421 1336 1481 cap.
1371 1419 1456 1462 xl.
1492 1405 1864 1463 num.5l.et
1881 1406 1978 1464 52.
2015 1421 2284 1483 quorum
2313 1403 2426 1463 ali-

887 1498 997 1576 qui
1025 1497 1087 1556 id
1117 1495 1470 1572 intelligunt
1506 1495 1584 1554 de
1614 1495 1761 1555 solis
1790 1495 2271 1574 consanguineis
2297 1496 2426 1555 val-

887 1590 966 1650 de
997 1588 1375 1668 conjunctis,
1412 1587 1518 1648 alii
1547 1587 1624 1647 dc
1655 1588 1801 1648 solis
1829 1587 1969 1648 filiis
1992 1635 2007 1663 ,
2042 1589 2147 1649 alii
2179 1589 2255 1649 de
2284 1588 2425 1650 filiis

887 1683 996 1763 qui
1041 1688 1187 1744 sunt
1237 1682 1301 1741 in
1349 1684 1655 1761 potestate
1709 1681 2014 1760 eligentis,
2076 1682 2224 1762 quia
2276 1685 2426 1743 ωηο

888 1777 1275 1836 ususfructus
1328 1774 1711 1835 redundaret
1765 1775 1829 1835 in
1887 1775 2090 1853 ipsum
2153 1780 2419 1854 patrem.

886 1868 1006 1929 Alii
1037 1886 1184 1928 vero
1220 1887 1376 1947 quos
1406 1867 1688 1946 sequitur
1710 1867 1841 1946 ipse
1874 1867 2155 1928 Sanchez
2186 1868 2268 1928 ibi
2295 1914 2309 1943 ‚
2363 1868 2425 1928 id

886 1961 1110 2021 melius
1138 1961 1512 2035 concedunt,
1545 1959 1849 2039 quiajam
1879 1963 2026 2020 tunc
2065 1965 2159 2022 est
2204 1961 2422 2021 distin-

886 2054 1007 2116 ctio
1038 2054 1200 2115 intcr
1228 2054 1481 2114 dantem
1511 2057 1572 2114 et
1600 2053 2031 2132 accipientem,
2057 2054 2226 2133 quod
2255 2055 2428 2115 suffi-

888 2147 972 2209 cit
1018 2146 1100 2207 ad
1157 2145 1661 2208 satisfaciendum
1713 2151 2028 2225 praecepto
2086 2148 2422 2209 testatoris.

892 2240 1072 2303 Unde
1101 2239 1289 2301 infert
1344 2258 1515 2300 uum.
1567 2242 1665 2300 59.
1727 2257 1907 2317 posse
1937 2239 2297 2319 religiosum
2327 2242 2425 2302 cui

890 2333 1224 2395 commissa
1254 2337 1347 2392 est
1376 2331 1730 2392 distributio
1761 2331 1923 2393 inter
1951 2351 2283 2412 paupereS‚
2317 2353 2425 2412 ap-

890 2427 1125 2505 plicare
1154 2428 1399 2505 partem
1432 2443 1543 2484 suo
1574 2424 1953 2486 monasterio
1976 2427 2260 2504 pauperi,
2284 2445 2426 2487 con-

886 2525 986 2582 tra
1010 2519 1166 2580 alios
1196 2516 1300 2597 qui
1330 2517 1393 2577 id
1424 2521 1677 2595 negant,
1703 2518 1923 2578 saltem
1953 2518 2030 2578 de
2052 2518 2303 2594 abbate,
2327 2520 2426 2580 vel

888 2614 1145 2691 praelato
1176 2610 1561 2671 monasterii.
1606 2611 1783 2671 Ratio
1814 2614 2026 2671 autem
2057 2612 2428 2672 universalis

891 2711 1003 2782 est,
1038 2705 1186 2784 quia
1215 2704 1344 2765 sive
1377 2704 1455 2765 sit
1482 2706 1774 2783 proelatus
1802 2703 1932 2764 sive
1962 2703 2271 2780 subdituS,
2308 2705 2427 2765 dis-

886 2799 1195 2878 tinguitur
1220 2802 1430 2859 tamen
1459 2796 1520 2856 in
1552 2796 1931 2857 monasterio
1979 2797 2079 2858 cui
2127 2797 2421 2876 applicat,

888 2896 951 2954 et.
975 2890 1423 2954 monasterium
1453 2908 1695 2969 pauper
1722 2892 1836 2950 est.

969 2984 1171 3065 Major
1199 2989 1293 3045 est
1320 2982 1654 3043 difficultas
1677 3028 1693 3058 ,
1726 3001 1808 3043 an
1837 2983 2033 3063 possit
2059 2983 2199 3045 talis
2228 2982 2430 3045 distri-

886 3079 1076 3140 butor
1101 3077 1413 3157 applicare
1443 3080 1686 3156 partem
1713 3075 1851 3151 sibi,
1887 3077 2140 3156 quando
2170 3077 2301 3156 ipse
2331 3095 2430 3136 re-

895 3192 1041 3234 vera
1067 3175 1160 3234 cst
1187 3170 1467 3250 pauper?
1513 3172 1759 3249 Negant
1786 3169 2025 3248 plureS,
2061 3188 2220 3250 quos
2251 3170 2431 3232 affert

888 3267 1056 3328 idem
1089 3264 1316 3328 Sancb.
1352 3264 1500 3325 dict.
1536 3283 1674 3342 cap.
1710 3281 1795 3325 xl.
1831 3283 1936 3325 nu.
1971 3268 2070 3326 51.
2122 3263 2428 3343 quiajam

886 3365 1035 3423 tunc
1070 3377 1195 3419 non
1225 3362 1389 3420 esset
1418 3357 1731 3419 distinctio
1764 3357 1927 3420 inter
1954 3357 2209 3419 dantem
2240 3362 2301 3419 et
2331 3375 2429 3417 ac-

887 3453 1243 3532 cipientem,
1262 3454 1325 3513 et
1351 3454 1611 3513 testator
1629 3450 1826 3512 voluit
1852 3451 2021 3531 quod
2051 3450 2232 3513 daret
2257 3451 2426 3511 illam

886 3563 1196 3608 summam
1234 3544 1650 3623 pauperibus3
1712 3562 1904 3624 quare
1946 3544 2080 3623 ipse
2131 3547 2429 3605 executor

888 3640 1174 3701 exclusus
1214 3636 1463 3698 videtur
1511 3654 1548 3696 a
1588 3640 1884 3697 testatore
1941 3656 2016 3697 ex
2070 3637 2145 3697 iis
2202 3636 2427 3715 quibus

887 3732 1098 3793 danda
1127 3736 1239 3791 est.
1273 3730 1395 3790 Alii
1425 3734 1659 3804 tamen,
1682 3748 1837 3808 quos
1865 3731 2047 3792 affert
2073 3729 2243 3790 idem
2275 3731 2427 3790 San-

886 3825 1037 3888 chez
1066 3843 1238 3885 num.
1271 3826 1371 3883 54.
1406 3822 1467 3882 id
1499 3823 1872 3898 concedunt,
1908 3821 2056 3903 quia
2085 3840 2210 3883 non
2241 3822 2428 3883 debet

885 3919 1040 3998 ipse,
1092 3919 1143 3979 si
1172 3935 1413 3997 pauper
1441 3918 1572 3991 est,
1624 3914 1855 3995 pejoris
1886 3934 2021 3976 esse
2052 3914 2427 3976 conditionis

888 4031 1077 4091 quam
1103 4011 1202 4071 alii
1233 4026 1545 4090 pauperes
1597 4028 1610 4068 ε
1670 4008 1804 4087 ipse
1832 4025 1983 4069 vero
2014 4007 2247 4069 Sanch.
2282 4025 2426 4068 cum

888 4104 1263 4185 quibusdam
1294 4103 1429 4163 aliis
1458 4121 1519 4164 η.
1552 4104 1652 4162 55.
1686 4100 1806 4163 hoc
1835 4100 2139 4177 admittit,
2174 4100 2426 4179 quando

887 4196 1023 4276 ejus
1050 4200 1387 4276 paupertas
1417 4212 1542 4255 non
1573 4197 1709 4256 erat
1754 4198 1903 4255 nota
1953 4193 2276 4269 testatori,
2328 4192 2427 4253 vel

888 4295 1054 4350 certe
1088 4288 1444 4351 notabiliter
1489 4286 1694 4366 major
1739 4290 2076 4365 paupertas
2126 4285 2181 4345 ei
2212 4304 2428 4364 super-

886 4383 1058 4443 venit
1104 4401 1293 4461 quam
1344 4380 1597 4459 cognita
1624 4379 1844 4441 fuisset
1870 4377 2149 4441 testatori
2187 4398 2199 4439 :
2236 4380 2428 4439 Secus

887 4477 940 4538 si
968 4476 1219 4556 cognita
1249 4478 1402 4551 erat,
1429 4474 1577 4553 quia
1604 4473 1655 4533 si
1686 4476 1946 4535 testator
1973 4472 2181 4551 ipsum
2201 4470 2428 4532 voluis-

886 4574 983 4632 set
1009 4569 1357 4645 includere,
1391 4585 1535 4628 cum
1565 4566 1699 4646 ejus
1729 4569 2165 4645 paupertatem
2196 4568 2423 4640 nosset,

888 4663 973 4724 illi
1003 4661 1242 4742 aliquid
1288 4661 1599 4739 legasset,
1654 4677 1770 4719 nec
1811 4659 2196 4721 contrarium
2241 4657 2432 4719 audet

887 4756 1094 4817 dicere
1124 4753 1469 4834 probabile.
1529 4754 1706 4814 Hanc
1743 4756 1952 4813 tamen
1991 4750 2430 4813 limitationem

886 4848 1178 4930 rejiciunt
1229 4848 1502 4910 Joannes
1560 4845 1822 4908 Saucius
1878 4845 1942 4906 in
1998 4844 2210 4905 select.
2265 4844 2424 4923 disp.

885 4961 1014 5005 κη’.
1052 4960 1224 5003 num.
1261 4944 1358 5003 18.
1418 4944 1480 5001 et
1519 4939 1717 5003 Diana
1746 4944 1897 5000 tom.
1932 4939 2036 5000 IV.
2069 4942 2252 4999 tract.
2289 4954 2427 4999 rm.

885 5037 956 5099 de
980 5037 1336 5117 eleemosyna
1366 5034 1620 5096 resolut.
1655 5036 1751 5094 38.
1814 5035 1876 5093 et
1923 5031 2093 5109 prius
2140 5049 2429 5111 expresse

886 5131 1194 5211 rejecerat
1237 5128 1524 5190 Ledesm.
1572 5130 1722 5186 tom.
1759 5126 1833 5186 Il.
1882 5129 2129 5186 tractat.
2167 5141 2252 5184 lv.
2288 5142 2426 5202 cap.

892 5241 988 5286 111.
1022 5223 1297 5285 concluS.
1333 5224 1430 5281 16.
1490 5219 1637 5279 licet
1673 5216 2060 5278 contrarium
2106 5216 2431 5296 probabile

894 5317 1082 5379 etiam
1112 5318 1308 5395 putet.

972 5409 1364 5471 Conveniunt
1391 5406 1519 5466 fere
1551 5422 1768 5465 omncs
1799 5403 1999 5481 primo
2024 5448 2039 5478 ,
2092 5402 2144 5462 si
2173 5406 2436 5464 testator

891 5502 1141 5581 cognita
1168 5502 1536 5580 paupertate
1566 5496 1729 5558 illius
1756 5495 2064 5571 electoriS,
2090 5495 2179 5555 illi
2200 5493 2432 5575 aliquid

2022 293 2124 353 DE
2166 293 2520 355 JUSTITIA
2565 293 2665 354 ΕΤ
2708 294 2906 355 JURE

2523 468 2784 548 legavit,
2819 486 2941 530 non
2972 486 3154 548 posse
3192 473 3406 549 postea
3436 475 3677 550 partem
3705 473 3820 533 sibi
3846 473 4009 536 distri-

2522 561 2919 623 buendorum
2948 563 3254 642 accipere,
3288 564 3435 643 quia
3466 563 3676 625 dando
3707 565 3791 625 illi
3820 566 4007 645 aliquid

2525 655 2818 732 seorsim,
2868 656 3119 717 videtur
3161 660 3423 717 testator
3459 657 3634 717 illurn
3661 658 4011 721 exclusisses

2524 747 2962 810 distributione
2994 749 3074 809 ab
3103 749 3238 828 ipso
3267 749 3578 810 facienda.
3627 752 3705 811 Et
3747 751 3899 811 idem
3924 759 4007 827 est,

2522 841 2575 901 si
2620 845 2883 903 testator
2925 842 3114 902 alicui
3159 843 3421 921 pauperi
3461 844 3697 921 legavit
3720 850 3947 906 centum
3970 852 4011 907 ct

2524 934 2646 995 alia
2672 934 2866 995 millia
2887 934 3075 1014 jussit
3119 935 3409 998 distribui
3456 937 3873 1016 pauperibus;
3921 958 4012 1018 quo

2523 1045 2672 1088 casu
2701 1027 2802 1088 ille
2834 1028 3074 1106 primus
3110 1047 3351 1110 pauper
3392 1030 3678 1092 exclusus
3707 1030 3937 1093 videtur
3957 1032 4013 1093 ab

2524 1119 2643 1181 hac
2690 1120 3159 1198 distributione,
3213 1126 3280 1183 ut
3325 1141 3468 1183 cum
3515 1124 3833 1184 communi
3872 1123 4016 1186 docet

2527 1213 2757 1276 Sanch.
2791 1213 2900 1274 lib.
2935 1216 3038 1276 IV.
3079 1213 3300 1277 Consil.
3335 1234 3471 1294 cap.
3508 1234 3551 1276 1.
3588 1216 3738 1277 dub.
3774 1233 3906 1278 Lvn.
3933 1219 4015 1279 Se·

2525 1305 2729 1366 cundo
2771 1307 2821 1367 si
2853 1311 3217 1368 executores
3259 1310 3615 1372 testamenti
3662 1310 3788 1370 sint
3829 1312 4012 1389 plureS,

2525 1403 2589 1459 et
2614 1398 2757 1476 alii,
2791 1401 3044 1478 cognita
3074 1406 3443 1480 paupertate
3476 1402 3661 1464 unius
3687 1448 3703 1478 ,
3758 1403 3840 1462 illi
3866 1404 4017 1483 appli-

2524 1496 2742 1553 carent
2768 1498 3011 1571 partem
3045 1539 3061 1570 ,
3095 1512 3278 1572 posse
3307 1495 3370 1554 id
3397 1496 3536 1557 fieri
3564 1542 3580 1573 ,
3628 1497 3779 1576 quia
3798 1495 3920 1576 jam
3941 1499 4017 1556 alii

2524 1602 2648 1645 non
2676 1585 3066 1665 applicarent
3088 1587 3227 1663 sibi,
3255 1586 3364 1647 sed
3381 1588 3584 1650 alteri.
3618 1589 3849 1665 Tertio,
3880 1590 3921 1648 si
3939 1589 4020 1649 ali·

2524 1678 2623 1739 cui
2653 1678 3024 1758 poenitentia
3051 1680 3346 1759 imposita
3388 1681 3508 1743 suit
3547 1681 3744 1744 dandi
3771 1683 4016 1762 pauperi-

2522 1771 2641 1832 bus
2669 1770 2887 1832 decem
2916 1791 3161 1849 aureOS,
3190 1791 3315 1834 ηοη
3344 1792 3524 1853 posse
3538 1774 3657 1835 sibi
3685 1780 3915 1854 partem
3938 1794 4020 1854 ap-

2525 1864 2795 1942 plicare,
2845 1864 2897 1925 si
2937 1883 3176 1944 pauper
3223 1866 3338 1943 sit,
3389 1871 3459 1928 ut
3484 1867 3907 1946 poenitentiam
3930 1869 4017 1927 im·

2525 1956 2722 2036 pleat;
2772 1958 2917 2036 quia
2946 1958 2995 2018 si
3026 1977 3249 2019 revera
3292 1978 3366 2019 ea
3403 1960 3776 2038 poenitentia
3803 1961 4015 2038 obligat,

2526 2048 2717 2110 debet
2758 2050 3006 2128 impleri
3043 2069 3157 2129 per
3203 2070 3360 2131 opus
3388 2053 3637 2133 poenale
3660 2100 3676 2130 ,
3731 2053 3904 2135 quale
3927 2073 4019 2113 non

2528 2146 2622 2204 est
2649 2142 2964 2222 applicare
2993 2144 3134 2205 sibi.
3189 2144 3389 2223 Adde,
3437 2163 3555 2207 nec
3579 2149 3732 2207 tune
3760 2146 4018 2206 verificari

2528 2235 2694 2314 quod
2725 2234 2905 2296 daret
2930 2236 3311 2315 pauperibus
3337 2285 3352 2314 ‚
3404 2257 3548 2299 cum
3591 2257 3777 2301 nemo
3806 2240 3910 2300 sibi
3935 2239 4020 2318 ipsi

2528 2329 2677 2389 dare
2708 2329 2926 2407 possit.

2606 2421 2758 2483 Mihi
2788 2422 2995 2501 placet
3022 2424 3300 2484 secunda
3327 2426 3672 2503 sententia,
3718 2426 3879 2508 quod
3918 2445 4021 2505 pos-

2529 2514 2607 2576 sit
2634 2519 2874 2594 partem
2904 2516 3023 2576 sibi
3070 2517 3421 2596 applicare,
3475 2519 3733 2598 quando
3779 2521 4022 2581 voluntas

2526 2608 2840 2669 testatoris
2888 2607 2965 2669 de
3010 2609 3116 2671 illo
3164 2611 3552 2673 excludendo
3603 2630 3730 2674 non
3760 2612 4024 2690 colligitur

2527 2720 2603 2762 ex
2633 2701 2769 2762 aliis
2801 2702 3217 2782 conjecturis,
3270 2723 3382 2764 nec
3403 2703 3619 2784 judico
3653 2707 4023 2766 necessariam

2525 2795 2963 2857 limitationem
2988 2797 3246 2857 Thomae
3280 2798 3582 2859 Sanchez.
3647 2800 3826 2861 Ratio
3853 2805 4023 2860 autem

2526 2892 2621 2950 est
2639 2935 2655 2966 ,
2691 2888 2838 2969 quia
2877 2892 3026 2950 tunc
3054 2909 3202 2950 vere
3230 2890 3524 2971 impletur
3550 2895 3755 2954 totum
3784 2893 3934 2972 quod
3957 2896 4024 2953 te-

2529 2985 2727 3042 stator
2754 2983 2970 3060 voluit,
3007 2999 3232 3062 nempe
3264 2983 3432 3063 quod
3468 2985 3838 3047 dareturvel
3858 2985 4024 3046 distri-

2527 3075 2827 3138 bueretur
2853 3095 3100 3136 summa
3125 3077 3231 3137 illa
3252 3079 3655 3157 pauperibu3‚
3672 3098 3871 3160 neque
3896 3078 4023 3139 enim
4149 3089 4150 3158 ξ

2528 3168 2609 3229 ad
2640 3168 2759 3230 hoc
2789 3169 3126 3249 requiritur
3153 3169 3468 3232 distinctio
3499 3171 3664 3233 inter
3693 3171 4025 3234 distribuen-

2529 3266 2659 3323 tem
2707 3265 2770 3322 et
2806 3263 3215 3341 accipientem
3267 3281 3281 3326 ε
3344 3283 3487 3323 nam
3538 3265 3898 3327 distributor
3931 3282 4024 3324 non

2528 3354 2657 3432 dat,
2691 3355 2801 3416 sed
2832 3356 2932 3416 ille
2963 3356 3141 3435 cujus
3172 3358 3421 3417 nomine
3451 3359 3521 3418 fit
3549 3358 3921 3431 distributim
3950 3376 4025 3417 ne·

2526 3465 2630 3508 mo
2661 3448 2828 3508 enim
2857 3448 3005 3509 dare
3034 3454 3240 3530 potest
3281 3450 3343 3509 id
3384 3452 3562 3529 cujus
3592 3470 3717 3512 non
3750 3458 3842 3513 est
3865 3450 4025 3511 domi·

2528 3560 2665 3601 nuS.
2699 3540 2973 3621 Ideoque
3004 3561 3194 3621 supra
3222 3543 3512 3616 diximus,
3539 3563 3724 3623 posse
3745 3545 3902 3605 hunc
3921 3562 4025 3603 exe·

2528 3639 2809 3696 cutorem
2842 3634 3158 3713 applicare
3188 3640 3431 3715 partem
3460 3637 3627 3698 illius
3657 3639 4025 3716 eleemosyna!

2525 3726 2652 3787 filio
2684 3746 2796 3787 suo
2828 3728 3040 3805 spurio
3070 3729 3367 3808 pauperi3
3421 3730 3571 3809 quia
3601 3737 3783 3810 pater
3809 3750 3921 3792 non
3946 3730 4026 3788 dat
4151 3802 4152 3813 ἵ

2527 3819 2635 3879 sed
2668 3819 2998 3882 defunctus
3046 3822 3226 3899 cujus
3255 3821 3508 3883 nomine
3553 3823 3742 3885 datur
3787 3842 3859 3884 ea
3899 3823 4029 3883 elee-

2528 3931 2813 3991 mosyna.
2871 3913 3172 3974 Similiter
3213 3915 3321 3993 qui
3368 3914 3580 3977 debita
3623 3918 3855 3979 incerta
3879 3916 4030 3976 debet
4150 3922 4152 3943 ²

2528 4006 2678 4067 dare
2709 4006 3124 4085 pauperibuS,
3176 4012 3381 4086 potest
3425 4009 3648 4071 saltem
3694 4010 3773 4071 de
3814 4008 4027 4071 consilio

2528 4099 2889 4161 confessarii
2917 4099 3034 4160 sibi
3066 4100 3405 4180 applicare,
3427 4102 3477 4162 si
3504 4122 3750 4183 pauper
3776 4104 3881 4176 sit;
3913 4101 4030 4182 quia
4150 4096 4152 4105 ’

2527 4196 2734 4253 totum
2780 4192 2844 4252 id
2911 4193 3061 4254 facit
3105 4194 3356 4254 nomine
3385 4195 3634 4256 illorum
3663 4197 3746 4257 ad
3775 4215 3919 4277 quos
3943 4196 4029 4255 bo—

2529 4304 2609 4346 na
2639 4285 2742 4345 illa
2770 4285 3104 4364 pertinent.
3137 4288 3291 4347 Cum
3322 4305 3469 4366 ergo
3492 4289 3840 4367 reperiatur
3854 4286 4029 4349 distin·

2529 4378 2649 4439 ctio
2681 4379 2841 4440 inter
2868 4379 3124 4441 dantem
3154 4384 3215 4441 et
3242 4380 3677 4459 accipientem,
3699 4400 3820 4443 non
3838 4387 3923 4443 est
3944 4397 4031 4440 cur

2529 4472 2695 4532 circa
2722 4490 2788 4533 se
2818 4471 3024 4550 ipsum
3052 4491 3178 4533 non
3206 4474 3404 4552 possit
3430 4474 3494 4534 id
3525 4476 3694 4554 quod
3724 4480 3920 4556 potest
3941 4474 4030 4533 cir-

2529 4583 2602 4625 ca
2633 4565 2805 4626 alios..
2867 4569 3255 4643 Argumenta
3282 4585 3432 4628 vero
3480 4568 3700 4646 primm
3747 4566 4029 4631 sententia>

2531 4662 2750 4719 contra
2777 4657 2941 4718 hanc
2968 4662 3211 4738 partem
3241 4659 3400 4721 bene
3429 4661 3617 4723 solvit
3644 4662 3916 4723 Sanchez
3941 4678 4031 4719 nu-

2530 4768 2702 4812 mero
2731 4753 2830 4812 54.

2612 4845 2762 4917 Quae
2813 4847 3027 4905 autem
3074 4845 3205 4925 ipse
3235 4846 3520 4908 Sanchez
3574 4850 3762 4910 affert
3795 4848 3872 4910 ad
3914 4862 4030 4926 pro·

2532 4937 2815 4998 bandum
2845 4937 2964 4998 hoc
2993 4957 3118 5000 non
3147 4940 3492 5018 procedere
3523 4942 3776 5020 quando
3799 4958 4030 5021 pauper·

2530 5036 2627 5093 tas
2657 5034 2794 5092 erat
2841 5035 2989 5091 nota
3034 5033 3341 5110 testatori,
3398 5039 3660 5113 possunt
3707 5036 3888 5098 etiam
3931 5049 4026 5091 non

2533 5124 2786 5183 difficile
2831 5124 3008 5185 solvi.
3067 5127 3266 5188 Affert
3311 5128 3478 5187 enim
3509 5129 3712 5206 primo
3752 5127 4029 5207 conjectu·

2529 5236 2666 5278 ram
2709 5216 2880 5277 illam
2929 5237 3003 5279 ex
3033 5224 3106 5280 eo
3137 5219 3307 5299 quod
3335 5238 3479 5280 cum
3528 5228 3761 5301 posset,
3815 5220 3951 5282 nihil
3985 5216 4029 5277 ei

2533 5309 2790 5389 legavit,
2826 5329 3014 5391 quem
3068 5312 3308 5374 sciehat
3357 5332 3728 5394 pauperem.
3781 5309 4028 5377 Secundo

2538 5404 2765 5481 arguit,
2783 5405 2932 5484 quia
2960 5407 3428 5468 commissarius
3458 5408 3538 5469 ad
3561 5409 3905 5486 eligendum
3922 5422 4028 5466 suc·

2535 5514 2848 5559 cessorem
2877 5498 3224 5580 majoratus
3251 5518 3377 5562 non
3410 5506 3617 5580 potest
3643 5521 3711 5563 se
3733 5502 3920 5581 ipsum
3946 5495 4027 5557 cli·
