<?xml version="1.0" encoding="UTF-8"?>
<!DOCTYPE html PUBLIC "-//W3C//DTD XHTML 1.0 Transitional//EN"
    "http://www.w3.org/TR/xhtml1/DTD/xhtml1-transitional.dtd">
<html xmlns="http://www.w3.org/1999/xhtml" xml:lang="en" lang="en">
 <head>
  <title>
</title>
<meta http-equiv="Content-Type" content="text/html;charset=utf-8" />
  <meta name='ocr-system' content='tesseract 3.04.00' />
  <meta name='ocr-capabilities' content='ocr_page ocr_carea ocr_par ocr_line ocrx_word'/>
</head>
<body>
  <div class='ocr_page' id='page_1' title='image "./joannisdelugodi00lugogoog_0202.png"; bbox 0 0 4263 6376; ppageno 0'>
   <div class='ocr_carea' id='block_1_1' title="bbox 844 321 2886 388">
    <p class='ocr_par' dir='ltr' id='par_1_1' title="bbox 844 321 2886 388">
     <span class='ocr_line' id='line_1_1' title="bbox 844 321 2886 388; baseline -0.001 -5"><span class='ocrx_word' id='word_1_1' title='bbox 844 324 960 383; x_wconf 77' lang='lat'>186</span> <span class='ocrx_word' id='word_1_2' title='bbox 1998 328 2100 387; x_wconf 87' lang='lat' dir='ltr'>DE</span> <span class='ocrx_word' id='word_1_3' title='bbox 2144 324 2491 388; x_wconf 82' lang='lat' dir='ltr'>JUSTITIA</span> <span class='ocrx_word' id='word_1_4' title='bbox 2544 322 2645 381; x_wconf 76' lang='lat' dir='ltr'>ET</span> <span class='ocrx_word' id='word_1_5' title='bbox 2686 321 2886 382; x_wconf 77' lang='lat' dir='ltr'>JURE</span> 
     </span>
    </p>
   </div>
   <div class='ocr_carea' id='block_1_2' title="bbox 500 492 4139 5487">
    <p class='ocr_par' dir='ltr' id='par_1_2' title="bbox 500 492 4139 5487">
     <span class='ocr_line' id='line_1_2' title="bbox 843 492 3969 583; baseline -0.003 -22"><span class='ocrx_word' id='word_1_6' title='bbox 843 498 1073 572; x_wconf 83' lang='lat' dir='ltr'>tentia,</span> <span class='ocrx_word' id='word_1_7' title='bbox 1115 500 1569 562; x_wconf 87' lang='lat' dir='ltr'>restituendum</span> <span class='ocrx_word' id='word_1_8' title='bbox 1616 521 1749 563; x_wconf 90' lang='lat' dir='ltr'>esse</span> <span class='ocrx_word' id='word_1_9' title='bbox 1795 502 2031 583; x_wconf 87' lang='lat' dir='ltr'>aliquid</span> <span class='ocrx_word' id='word_1_10' title='bbox 2082 521 2194 582; x_wconf 84' lang='lat' dir='ltr'>pro</span> <span class='ocrx_word' id='word_1_11' title='bbox 2241 502 2375 582; x_wconf 89' lang='lat' dir='ltr'>ipso</span> <span class='ocrx_word' id='word_1_12' title='bbox 2474 501 2577 559; x_wconf 90' lang='lat' dir='ltr'>cat</span> <span class='ocrx_word' id='word_1_13' title='bbox 2604 496 2922 576; x_wconf 84' lang='lat' dir='ltr'>operarios</span> <span class='ocrx_word' id='word_1_14' title='bbox 2967 496 3105 557; x_wconf 91' lang='lat' dir='ltr'>illos</span> <span class='ocrx_word' id='word_1_15' title='bbox 3134 514 3247 574; x_wconf 90' lang='lat' dir='ltr'>pro</span> <span class='ocrx_word' id='word_1_16' title='bbox 3278 498 3562 574; x_wconf 88' lang='lat' dir='ltr'>tempore</span> <span class='ocrx_word' id='word_1_17' title='bbox 3590 492 3807 554; x_wconf 86' lang='lat' dir='ltr'>messis</span> <span class='ocrx_word' id='word_1_18' title='bbox 3831 493 3969 553; x_wconf 80' lang='lat' dir='ltr'>futu-</span> 
     </span>
     <span class='ocr_line' id='line_1_3' title="bbox 844 587 4020 675; baseline -0.003 -23"><span class='ocrx_word' id='word_1_19' title='bbox 844 593 1213 671; x_wconf 83' lang='lat' dir='ltr'>gravamine</span> <span class='ocrx_word' id='word_1_20' title='bbox 1245 595 1569 672; x_wconf 86' lang='lat' dir='ltr'>imposit0‚</span> <span class='ocrx_word' id='word_1_21' title='bbox 1606 597 1820 674; x_wconf 89' lang='lat' dir='ltr'>quanti</span> <span class='ocrx_word' id='word_1_22' title='bbox 1852 597 2176 675; x_wconf 84' lang='lat' dir='ltr'>prudentis</span> <span class='ocrx_word' id='word_1_23' title='bbox 2207 597 2377 655; x_wconf 83' lang='lat' dir='ltr'>arbi-</span> <span class='ocrx_word' id='word_1_24' title='bbox 2475 609 2559 650; x_wconf 84' lang='lat' dir='ltr'>rae</span> <span class='ocrx_word' id='word_1_25' title='bbox 2580 637 2595 667; x_wconf 98' lang='lat'>,</span> <span class='ocrx_word' id='word_1_26' title='bbox 2648 593 2709 649; x_wconf 88' lang='lat' dir='ltr'>et</span> <span class='ocrx_word' id='word_1_27' title='bbox 2754 590 3095 667; x_wconf 86' lang='lat' dir='ltr'>anticipata</span> <span class='ocrx_word' id='word_1_28' title='bbox 3140 588 3447 649; x_wconf 80' lang='lat' dir='ltr'>solutione</span> <span class='ocrx_word' id='word_1_29' title='bbox 3479 587 3747 665; x_wconf 84' lang='lat' dir='ltr'>pretium</span> <span class='ocrx_word' id='word_1_30' title='bbox 3776 604 3968 663; x_wconf 88' lang='lat' dir='ltr'>opera-</span> <span class='ocrx_word' id='word_1_31' title='bbox 4011 653 4020 657; x_wconf 46' lang='grc'><em>,</em></span> 
     </span>
     <span class='ocr_line' id='line_1_4' title="bbox 846 678 3972 767; baseline -0.003 -21"><span class='ocrx_word' id='word_1_32' title='bbox 846 685 965 746; x_wconf 86' lang='lat' dir='ltr'>trio</span> <span class='ocrx_word' id='word_1_33' title='bbox 998 686 1293 747; x_wconf 84' lang='lat' dir='ltr'>aestimari</span> <span class='ocrx_word' id='word_1_34' title='bbox 1320 691 1605 766; x_wconf 86' lang='lat' dir='ltr'>poterat,</span> <span class='ocrx_word' id='word_1_35' title='bbox 1659 692 1721 748; x_wconf 85' lang='lat' dir='ltr'>ct</span> <span class='ocrx_word' id='word_1_36' title='bbox 1766 689 1979 767; x_wconf 87' lang='lat' dir='ltr'>quanti</span> <span class='ocrx_word' id='word_1_37' title='bbox 2024 690 2087 748; x_wconf 91' lang='lat' dir='ltr'>in</span> <span class='ocrx_word' id='word_1_38' title='bbox 2133 688 2220 748; x_wconf 87' lang='lat' dir='ltr'>eis</span> <span class='ocrx_word' id='word_1_39' title='bbox 2264 688 2380 748; x_wconf 89' lang='lat' dir='ltr'>cir·</span> <span class='ocrx_word' id='word_1_40' title='bbox 2473 701 2612 744; x_wconf 89' lang='lat' dir='ltr'>rum</span> <span class='ocrx_word' id='word_1_41' title='bbox 2636 682 2723 742; x_wconf 91' lang='lat' dir='ltr'>eis</span> <span class='ocrx_word' id='word_1_42' title='bbox 2742 683 2971 754; x_wconf 81' lang='lat' dir='ltr'>solvat3</span> <span class='ocrx_word' id='word_1_43' title='bbox 3006 683 3124 741; x_wconf 87' lang='lat' dir='ltr'>hac</span> <span class='ocrx_word' id='word_1_44' title='bbox 3144 680 3309 741; x_wconf 91' lang='lat' dir='ltr'>enim</span> <span class='ocrx_word' id='word_1_45' title='bbox 3333 681 3453 756; x_wconf 88' lang='lat' dir='ltr'>via,</span> <span class='ocrx_word' id='word_1_46' title='bbox 3480 684 3541 740; x_wconf 90' lang='lat' dir='ltr'>et</span> <span class='ocrx_word' id='word_1_47' title='bbox 3566 679 3652 738; x_wconf 91' lang='lat' dir='ltr'>illi</span> <span class='ocrx_word' id='word_1_48' title='bbox 3673 678 3972 757; x_wconf 83' lang='lat' dir='ltr'>pecuniam</span> 
     </span>
     <span class='ocr_line' id='line_1_5' title="bbox 848 770 3972 860; baseline -0.003 -23"><span class='ocrx_word' id='word_1_49' title='bbox 848 778 1235 839; x_wconf 88' lang='lat' dir='ltr'>cumstantiis</span> <span class='ocrx_word' id='word_1_50' title='bbox 1265 797 1299 837; x_wconf 88' lang='lat' dir='ltr'>a</span> <span class='ocrx_word' id='word_1_51' title='bbox 1332 779 1637 856; x_wconf 77' lang='lat' dir='ltr'>prudente.</span> <span class='ocrx_word' id='word_1_52' title='bbox 1666 781 1887 840; x_wconf 85' lang='lat' dir='ltr'><strong>redimi</strong></span> <span class='ocrx_word' id='word_1_53' title='bbox 1918 782 2241 860; x_wconf 88' lang='lat' dir='ltr'>potuisset.</span> <span class='ocrx_word' id='word_1_54' title='bbox 2474 781 2846 855; x_wconf 84' lang='lat' dir='ltr'>praesentem</span> <span class='ocrx_word' id='word_1_55' title='bbox 2879 774 3224 852; x_wconf 91' lang='lat' dir='ltr'>accipient,</span> <span class='ocrx_word' id='word_1_56' title='bbox 3276 777 3339 833; x_wconf 89' lang='lat' dir='ltr'>et</span> <span class='ocrx_word' id='word_1_57' title='bbox 3377 772 3629 850; x_wconf 84' lang='lat' dir='ltr'>obligati</span> <span class='ocrx_word' id='word_1_58' title='bbox 3658 770 3972 830; x_wconf 85' lang='lat' dir='ltr'>manebunt</span> 
     </span>
     <span class='ocr_line' id='line_1_6' title="bbox 598 863 3973 951; baseline -0.001 -26"><span class='ocrx_word' id='word_1_59' title='bbox 598 867 672 926; x_wconf 84' lang='lat'>51</span> <span class='ocrx_word' id='word_1_60' title='bbox 931 869 1161 941; x_wconf 85' lang='lat' dir='ltr'>Quarto</span> <span class='ocrx_word' id='word_1_61' title='bbox 1196 869 1523 948; x_wconf 84' lang='lat' dir='ltr'>objicitur,</span> <span class='ocrx_word' id='word_1_62' title='bbox 1571 873 1723 951; x_wconf 81' lang='lat' dir='ltr'>quia</span> <span class='ocrx_word' id='word_1_63' title='bbox 1765 873 1812 932; x_wconf 90' lang='lat' dir='ltr'>si</span> <span class='ocrx_word' id='word_1_64' title='bbox 1858 872 2164 951; x_wconf 87' lang='lat' dir='ltr'>ejusmodi</span> <span class='ocrx_word' id='word_1_65' title='bbox 2197 876 2381 951; x_wconf 88' lang='lat' dir='ltr'>pacta</span> <span class='ocrx_word' id='word_1_66' title='bbox 2478 887 2554 929; x_wconf 80' lang='lat' dir='ltr'>ex</span> <span class='ocrx_word' id='word_1_67' title='bbox 2599 869 2657 927; x_wconf 81' lang='lat' dir='ltr'>vi</span> <span class='ocrx_word' id='word_1_68' title='bbox 2701 867 3025 928; x_wconf 82' lang='lat' dir='ltr'>locationis</span> <span class='ocrx_word' id='word_1_69' title='bbox 3053 867 3231 927; x_wconf 83' lang='lat' dir='ltr'>factae</span> <span class='ocrx_word' id='word_1_70' title='bbox 3273 866 3352 926; x_wconf 87' lang='lat' dir='ltr'>ad</span> <span class='ocrx_word' id='word_1_71' title='bbox 3398 883 3622 943; x_wconf 83' lang='lat' dir='ltr'>operas</span> <span class='ocrx_word' id='word_1_72' title='bbox 3662 882 3808 924; x_wconf 89' lang='lat' dir='ltr'>suas</span> <span class='ocrx_word' id='word_1_73' title='bbox 3833 863 3973 922; x_wconf 87' lang='lat' dir='ltr'>exhi-</span> 
     </span>
     <span class='ocr_line' id='line_1_7' title="bbox 500 956 3976 1047; baseline -0.003 -23"><span class='ocrx_word' id='word_1_74' title='bbox 500 992 799 1047; x_wconf 50' lang='lat' dir='ltr'>numquam</span> <span class='ocrx_word' id='word_1_75' title='bbox 848 961 1134 1021; x_wconf 88' lang='lat' dir='ltr'>usuraria</span> <span class='ocrx_word' id='word_1_76' title='bbox 1160 967 1325 1038; x_wconf 87' lang='lat' dir='ltr'>sunt,</span> <span class='ocrx_word' id='word_1_77' title='bbox 1361 964 1701 1023; x_wconf 86' lang='lat' dir='ltr'>damnandi</span> <span class='ocrx_word' id='word_1_78' title='bbox 1733 970 1915 1026; x_wconf 89' lang='lat' dir='ltr'>erunt</span> <span class='ocrx_word' id='word_1_79' title='bbox 1943 983 2241 1044; x_wconf 83' lang='lat' dir='ltr'>agrorum</span> <span class='ocrx_word' id='word_1_80' title='bbox 2268 965 2382 1026; x_wconf 92' lang='lat' dir='ltr'>do-</span> <span class='ocrx_word' id='word_1_81' title='bbox 2477 961 2717 1021; x_wconf 89' lang='lat' dir='ltr'>bendas</span> <span class='ocrx_word' id='word_1_82' title='bbox 2764 966 3045 1038; x_wconf 89' lang='lat' dir='ltr'>tempore</span> <span class='ocrx_word' id='word_1_83' title='bbox 3081 959 3302 1019; x_wconf 90' lang='lat' dir='ltr'>messis</span> <span class='ocrx_word' id='word_1_84' title='bbox 3336 980 3348 1020; x_wconf 91' lang='lat'>:</span> <span class='ocrx_word' id='word_1_85' title='bbox 3403 956 3866 1019; x_wconf 83' lang='lat' dir='ltr'>observandum</span> <span class='ocrx_word' id='word_1_86' title='bbox 3901 962 3976 1014; x_wconf 85' lang='lat' dir='ltr'>ta-</span> 
     </span>
     <span class='ocr_line' id='line_1_8' title="bbox 503 1046 3977 1143; baseline -0.003 -26"><span class='ocrx_word' id='word_1_87' title='bbox 503 1046 783 1143; x_wconf 44' lang='lat' dir='ltr'>1³:350ssssss</span> <span class='ocrx_word' id='word_1_88' title='bbox 848 1052 1040 1128; x_wconf 86' lang='lat' dir='ltr'>mini,</span> <span class='ocrx_word' id='word_1_89' title='bbox 1077 1054 1180 1132; x_wconf 84' lang='lat' dir='ltr'>qui</span> <span class='ocrx_word' id='word_1_90' title='bbox 1212 1056 1443 1133; x_wconf 89' lang='lat' dir='ltr'>passim</span> <span class='ocrx_word' id='word_1_91' title='bbox 1478 1056 1713 1117; x_wconf 87' lang='lat' dir='ltr'>colonis</span> <span class='ocrx_word' id='word_1_92' title='bbox 1745 1057 2074 1135; x_wconf 84' lang='lat' dir='ltr'>pecuniam</span> <span class='ocrx_word' id='word_1_93' title='bbox 2095 1103 2111 1134; x_wconf 93' lang='lat'>‚</span> <span class='ocrx_word' id='word_1_94' title='bbox 2164 1061 2227 1118; x_wconf 90' lang='lat' dir='ltr'>et</span> <span class='ocrx_word' id='word_1_95' title='bbox 2252 1057 2382 1117; x_wconf 83' lang='lat' dir='ltr'>fru-</span> <span class='ocrx_word' id='word_1_96' title='bbox 2478 1072 2624 1113; x_wconf 85' lang='lat' dir='ltr'>men</span> <span class='ocrx_word' id='word_1_97' title='bbox 2673 1057 2767 1113; x_wconf 87' lang='lat' dir='ltr'>est</span> <span class='ocrx_word' id='word_1_98' title='bbox 2791 1098 2807 1128; x_wconf 93' lang='lat'>,</span> <span class='ocrx_word' id='word_1_99' title='bbox 2851 1056 2919 1112; x_wconf 88' lang='lat' dir='ltr'>ut</span> <span class='ocrx_word' id='word_1_100' title='bbox 2945 1053 3215 1130; x_wconf 86' lang='lat' dir='ltr'>pretium</span> <span class='ocrx_word' id='word_1_101' title='bbox 3246 1051 3416 1131; x_wconf 89' lang='lat' dir='ltr'>quod</span> <span class='ocrx_word' id='word_1_102' title='bbox 3444 1050 3631 1110; x_wconf 88' lang='lat' dir='ltr'>datur</span> <span class='ocrx_word' id='word_1_103' title='bbox 3655 1067 3769 1127; x_wconf 88' lang='lat' dir='ltr'>pro</span> <span class='ocrx_word' id='word_1_104' title='bbox 3800 1048 3977 1126; x_wconf 82' lang='lat' dir='ltr'>operis</span> 
     </span>
     <span class='ocr_line' id='line_1_9' title="bbox 557 1132 3979 1248; baseline 0 -52"><span class='ocrx_word' id='word_1_105' title='bbox 557 1132 798 1248; x_wconf 47' lang='lat' dir='ltr'>utggrost&#39;</span> <span class='ocrx_word' id='word_1_106' title='bbox 848 1151 1128 1206; x_wconf 82' lang='lat' dir='ltr'>mentum</span> <span class='ocrx_word' id='word_1_107' title='bbox 1158 1153 1487 1223; x_wconf 76' lang='lat' dir='ltr'><strong>mutuant,</strong></span> <span class='ocrx_word' id='word_1_108' title='bbox 1541 1167 1613 1208; x_wconf 86' lang='lat' dir='ltr'>eo</span> <span class='ocrx_word' id='word_1_109' title='bbox 1671 1153 1854 1228; x_wconf 85' lang='lat' dir='ltr'>pacto</span> <span class='ocrx_word' id='word_1_110' title='bbox 1903 1156 1972 1211; x_wconf 87' lang='lat' dir='ltr'>ut</span> <span class='ocrx_word' id='word_1_111' title='bbox 2015 1169 2201 1229; x_wconf 84' lang='lat' dir='ltr'>agros</span> <span class='ocrx_word' id='word_1_112' title='bbox 2246 1168 2381 1211; x_wconf 89' lang='lat' dir='ltr'>mu·</span> <span class='ocrx_word' id='word_1_113' title='bbox 2477 1146 2724 1222; x_wconf 77' lang='lat' dir='ltr'>futuriS‚</span> <span class='ocrx_word' id='word_1_114' title='bbox 2758 1163 2885 1204; x_wconf 91' lang='lat' dir='ltr'>non</span> <span class='ocrx_word' id='word_1_115' title='bbox 2914 1146 2994 1205; x_wconf 89' lang='lat' dir='ltr'>sit</span> <span class='ocrx_word' id='word_1_116' title='bbox 3015 1145 3176 1204; x_wconf 86' lang='lat' dir='ltr'>infra</span> <span class='ocrx_word' id='word_1_117' title='bbox 3191 1143 3453 1222; x_wconf 85' lang='lat' dir='ltr'>justum.</span> <span class='ocrx_word' id='word_1_118' title='bbox 3479 1142 3979 1220; x_wconf 80' lang='lat' dir='ltr'>Aliaargumenta</span> 
     </span>
     <span class='ocr_line' id='line_1_10' title="bbox 533 1219 3979 1319; baseline -0.001 -22"><span class='ocrx_word' id='word_1_119' title='bbox 533 1219 609 1249; x_wconf 76' lang='lat'>⁰⁰¹¹</span> <span class='ocrx_word' id='word_1_120' title='bbox 638 1219 777 1250; x_wconf 71' lang='lat'>&#39;²⁰⁸⁰&#39;</span> <span class='ocrx_word' id='word_1_121' title='bbox 847 1237 1079 1298; x_wconf 89' lang='lat' dir='ltr'>tuantis</span> <span class='ocrx_word' id='word_1_122' title='bbox 1111 1239 1360 1316; x_wconf 89' lang='lat' dir='ltr'>colant,</span> <span class='ocrx_word' id='word_1_123' title='bbox 1415 1258 1573 1319; x_wconf 81' lang='lat' dir='ltr'>quos</span> <span class='ocrx_word' id='word_1_124' title='bbox 1617 1241 1748 1301; x_wconf 90' lang='lat' dir='ltr'>sine</span> <span class='ocrx_word' id='word_1_125' title='bbox 1791 1242 1893 1303; x_wconf 88' lang='lat' dir='ltr'>illo</span> <span class='ocrx_word' id='word_1_126' title='bbox 1924 1246 2144 1304; x_wconf 90' lang='lat' dir='ltr'>mutuo</span> <span class='ocrx_word' id='word_1_127' title='bbox 2176 1243 2380 1304; x_wconf 90' lang='lat' dir='ltr'>colere</span> <span class='ocrx_word' id='word_1_128' title='bbox 2478 1244 2695 1300; x_wconf 84' lang='lat' dir='ltr'>contra</span> <span class='ocrx_word' id='word_1_129' title='bbox 2741 1237 3206 1299; x_wconf 80' lang='lat' dir='ltr'>conclusionem</span> <span class='ocrx_word' id='word_1_130' title='bbox 3237 1237 3504 1315; x_wconf 79' lang='lat' dir='ltr'>positam</span> <span class='ocrx_word' id='word_1_131' title='bbox 3546 1234 3783 1295; x_wconf 83' lang='lat' dir='ltr'>leviora</span> <span class='ocrx_word' id='word_1_132' title='bbox 3808 1231 3979 1292; x_wconf 82' lang='lat' dir='ltr'>videri</span> 
     </span>
     <span class='ocr_line' id='line_1_11' title="bbox 847 1326 3978 1415; baseline -0.002 -25"><span class='ocrx_word' id='word_1_133' title='bbox 847 1333 910 1391; x_wconf 89' lang='lat' dir='ltr'>et</span> <span class='ocrx_word' id='word_1_134' title='bbox 938 1330 1289 1391; x_wconf 83' lang='lat' dir='ltr'>conducere</span> <span class='ocrx_word' id='word_1_135' title='bbox 1321 1351 1442 1393; x_wconf 91' lang='lat' dir='ltr'>non</span> <span class='ocrx_word' id='word_1_136' title='bbox 1472 1339 1746 1412; x_wconf 86' lang='lat' dir='ltr'>possent.</span> <span class='ocrx_word' id='word_1_137' title='bbox 1783 1334 1878 1394; x_wconf 84' lang='lat' dir='ltr'>Ad</span> <span class='ocrx_word' id='word_1_138' title='bbox 1903 1335 2023 1395; x_wconf 90' lang='lat' dir='ltr'>hoc</span> <span class='ocrx_word' id='word_1_139' title='bbox 2044 1334 2381 1415; x_wconf 83' lang='lat' dir='ltr'>respondet</span> <span class='ocrx_word' id='word_1_140' title='bbox 2476 1333 2736 1409; x_wconf 79' lang='lat' dir='ltr'>pessunt</span> <span class='ocrx_word' id='word_1_141' title='bbox 2755 1328 2920 1407; x_wconf 89' lang='lat' dir='ltr'>apud</span> <span class='ocrx_word' id='word_1_142' title='bbox 2950 1329 3284 1408; x_wconf 88' lang='lat' dir='ltr'>praedictos</span> <span class='ocrx_word' id='word_1_143' title='bbox 3313 1331 3621 1390; x_wconf 76' lang='lat' dir='ltr'>auctores,</span> <span class='ocrx_word' id='word_1_144' title='bbox 3673 1329 3849 1387; x_wconf 88' lang='lat' dir='ltr'>Nunc</span> <span class='ocrx_word' id='word_1_145' title='bbox 3882 1326 3978 1385; x_wconf 82' lang='lat' dir='ltr'>hac</span> 
     </span>
     <span class='ocr_line' id='line_1_12' title="bbox 846 1422 2820 1502; baseline 0 -17"><span class='ocrx_word' id='word_1_146' title='bbox 846 1423 1079 1485; x_wconf 88' lang='lat' dir='ltr'>Molina</span> <span class='ocrx_word' id='word_1_147' title='bbox 1109 1423 1268 1502; x_wconf 87' lang='lat' dir='ltr'>disp.</span> <span class='ocrx_word' id='word_1_148' title='bbox 1305 1427 1442 1485; x_wconf 89' lang='lat'><strong>310.</strong></span> <span class='ocrx_word' id='word_1_149' title='bbox 1479 1426 1596 1487; x_wconf 90' lang='lat' dir='ltr'>col.</span> <span class='ocrx_word' id='word_1_150' title='bbox 1633 1430 1689 1487; x_wconf 82' lang='lat'>1.</span> <span class='ocrx_word' id='word_1_151' title='bbox 1724 1428 1775 1486; x_wconf 92' lang='lat' dir='ltr'>si</span> <span class='ocrx_word' id='word_1_152' title='bbox 1805 1428 2005 1488; x_wconf 90' lang='lat' dir='ltr'>coloni</span> <span class='ocrx_word' id='word_1_153' title='bbox 2027 1428 2379 1488; x_wconf 85' lang='lat' dir='ltr'>conducere</span> <span class='ocrx_word' id='word_1_154' title='bbox 2473 1422 2820 1485; x_wconf 81' lang='lat' dir='ltr'>occasione.</span> 
     </span>
     <span class='ocr_line' id='line_1_13' title="bbox 849 1514 4119 1596; baseline -0.002 -21"><span class='ocrx_word' id='word_1_155' title='bbox 849 1534 974 1577; x_wconf 89' lang='lat' dir='ltr'>non</span> <span class='ocrx_word' id='word_1_156' title='bbox 1004 1516 1301 1578; x_wconf 85' lang='lat' dir='ltr'>volebant</span> <span class='ocrx_word' id='word_1_157' title='bbox 1331 1537 1516 1596; x_wconf 82' lang='lat' dir='ltr'>agros</span> <span class='ocrx_word' id='word_1_158' title='bbox 1537 1564 1552 1595; x_wconf 92' lang='lat'>,</span> <span class='ocrx_word' id='word_1_159' title='bbox 1595 1520 1705 1579; x_wconf 90' lang='lat' dir='ltr'>sed</span> <span class='ocrx_word' id='word_1_160' title='bbox 1749 1525 1960 1581; x_wconf 88' lang='lat' dir='ltr'>tamen</span> <span class='ocrx_word' id='word_1_161' title='bbox 1995 1525 2064 1582; x_wconf 92' lang='lat' dir='ltr'>ut</span> <span class='ocrx_word' id='word_1_162' title='bbox 2091 1525 2377 1582; x_wconf 91' lang='lat' dir='ltr'>mutuum</span> <span class='ocrx_word' id='word_1_163' title='bbox 2556 1516 2840 1576; x_wconf 83' lang='lat' dir='ltr'>Dubitari</span> <span class='ocrx_word' id='word_1_164' title='bbox 2867 1517 3071 1595; x_wconf 83' lang='lat' dir='ltr'>potest</span> <span class='ocrx_word' id='word_1_165' title='bbox 3096 1514 3320 1594; x_wconf 88' lang='lat' dir='ltr'>primo,</span> <span class='ocrx_word' id='word_1_166' title='bbox 3355 1533 3436 1575; x_wconf 89' lang='lat' dir='ltr'>an</span> <span class='ocrx_word' id='word_1_167' title='bbox 3464 1515 3545 1576; x_wconf 89' lang='lat' dir='ltr'>sit</span> <span class='ocrx_word' id='word_1_168' title='bbox 3562 1531 3775 1589; x_wconf 85' lang='lat' dir='ltr'>usura,</span> <span class='ocrx_word' id='word_1_169' title='bbox 3810 1530 3978 1591; x_wconf 89' lang='lat' dir='ltr'>quan·</span> <span class='ocrx_word' id='word_1_170' title='bbox 4077 1514 4119 1569; x_wconf 71' lang='lat'>52</span> 
     </span>
     <span class='ocr_line' id='line_1_14' title="bbox 849 1607 4104 1688; baseline -0.001 -21"><span class='ocrx_word' id='word_1_171' title='bbox 849 1607 1124 1668; x_wconf 87' lang='lat' dir='ltr'>habeant</span> <span class='ocrx_word' id='word_1_172' title='bbox 1175 1626 1281 1667; x_wconf 91' lang='lat' dir='ltr'>eos</span> <span class='ocrx_word' id='word_1_173' title='bbox 1335 1609 1732 1688; x_wconf 91' lang='lat' dir='ltr'>conducunt,</span> <span class='ocrx_word' id='word_1_174' title='bbox 1794 1615 2186 1674; x_wconf 88' lang='lat' dir='ltr'>contractum</span> <span class='ocrx_word' id='word_1_175' title='bbox 2245 1631 2378 1673; x_wconf 88' lang='lat' dir='ltr'>esse</span> <span class='ocrx_word' id='word_1_176' title='bbox 2478 1609 2557 1669; x_wconf 90' lang='lat' dir='ltr'>do</span> <span class='ocrx_word' id='word_1_177' title='bbox 2589 1627 2710 1669; x_wconf 92' lang='lat' dir='ltr'>non</span> <span class='ocrx_word' id='word_1_178' title='bbox 2733 1609 2890 1687; x_wconf 90' lang='lat' dir='ltr'>petis</span> <span class='ocrx_word' id='word_1_179' title='bbox 2918 1628 2952 1667; x_wconf 92' lang='lat' dir='ltr'>a</span> <span class='ocrx_word' id='word_1_180' title='bbox 2975 1611 3155 1669; x_wconf 89' lang='lat' dir='ltr'>Petro</span> <span class='ocrx_word' id='word_1_181' title='bbox 3178 1613 3248 1671; x_wconf 93' lang='lat' dir='ltr'>ut</span> <span class='ocrx_word' id='word_1_182' title='bbox 3275 1627 3339 1668; x_wconf 89' lang='lat' dir='ltr'>se</span> <span class='ocrx_word' id='word_1_183' title='bbox 3361 1608 3599 1686; x_wconf 85' lang='lat' dir='ltr'>obliget</span> <span class='ocrx_word' id='word_1_184' title='bbox 3616 1607 3695 1665; x_wconf 89' lang='lat' dir='ltr'>ad</span> <span class='ocrx_word' id='word_1_185' title='bbox 3719 1610 3977 1665; x_wconf 81' lang='lat' dir='ltr'>mutuan·</span> <span class='ocrx_word' id='word_1_186' title='bbox 4016 1638 4055 1677; x_wconf 55' lang='lat' dir='ltr'>A,</span> <span class='ocrx_word' id='word_1_187' title='bbox 4076 1639 4104 1676; x_wconf 49' lang='lat' dir='ltr'>‚a</span> 
     </span>
     <span class='ocr_line' id='line_1_15' title="bbox 850 1649 4139 1783; baseline -0.001 -24"><span class='ocrx_word' id='word_1_188' title='bbox 850 1701 1243 1777; x_wconf 88' lang='lat' dir='ltr'>usurarium,</span> <span class='ocrx_word' id='word_1_189' title='bbox 1292 1702 1439 1780; x_wconf 87' lang='lat' dir='ltr'>quia</span> <span class='ocrx_word' id='word_1_190' title='bbox 1487 1704 1718 1782; x_wconf 86' lang='lat' dir='ltr'>aliquid</span> <span class='ocrx_word' id='word_1_191' title='bbox 1769 1723 1882 1783; x_wconf 90' lang='lat' dir='ltr'>pro</span> <span class='ocrx_word' id='word_1_192' title='bbox 1912 1710 2130 1766; x_wconf 90' lang='lat' dir='ltr'>mutuo</span> <span class='ocrx_word' id='word_1_193' title='bbox 2163 1709 2375 1766; x_wconf 88' lang='lat' dir='ltr'>extor-</span> <span class='ocrx_word' id='word_1_194' title='bbox 2478 1702 2628 1762; x_wconf 92' lang='lat' dir='ltr'>dum</span> <span class='ocrx_word' id='word_1_195' title='bbox 2660 1701 2771 1763; x_wconf 91' lang='lat' dir='ltr'>tibi</span> <span class='ocrx_word' id='word_1_196' title='bbox 2799 1705 3051 1780; x_wconf 79' lang='lat' dir='ltr'>postea3</span> <span class='ocrx_word' id='word_1_197' title='bbox 3096 1720 3221 1761; x_wconf 90' lang='lat' dir='ltr'>non</span> <span class='ocrx_word' id='word_1_198' title='bbox 3262 1704 3474 1762; x_wconf 86' lang='lat' dir='ltr'>tamen</span> <span class='ocrx_word' id='word_1_199' title='bbox 3501 1699 3596 1759; x_wconf 84' lang='lat' dir='ltr'>vis</span> <span class='ocrx_word' id='word_1_200' title='bbox 3633 1705 3910 1758; x_wconf 84' lang='lat' dir='ltr'>mutuare</span> <span class='ocrx_word' id='word_1_201' title='bbox 3934 1698 3979 1756; x_wconf 80' lang='lat' dir='ltr'>ci</span> <span class='ocrx_word' id='word_1_202' title='bbox 4016 1649 4139 1782; x_wconf 44' lang='lat' dir='ltr'>g&amp;</span> 
     </span>
     <span class='ocr_line' id='line_1_16' title="bbox 849 1789 4139 1894; baseline -0.002 -42"><span class='ocrx_word' id='word_1_203' title='bbox 849 1798 1112 1871; x_wconf 86' lang='lat' dir='ltr'>quetur:</span> <span class='ocrx_word' id='word_1_204' title='bbox 1147 1794 1197 1852; x_wconf 92' lang='lat' dir='ltr'>si</span> <span class='ocrx_word' id='word_1_205' title='bbox 1228 1812 1375 1855; x_wconf 80' lang='lat' dir='ltr'>vcro</span> <span class='ocrx_word' id='word_1_206' title='bbox 1399 1813 1544 1855; x_wconf 76' lang='lat' dir='ltr'>vere</span> <span class='ocrx_word' id='word_1_207' title='bbox 1565 1814 1672 1857; x_wconf 90' lang='lat' dir='ltr'>eos</span> <span class='ocrx_word' id='word_1_208' title='bbox 1692 1798 1988 1858; x_wconf 82' lang='lat' dir='ltr'>volebant</span> <span class='ocrx_word' id='word_1_209' title='bbox 2005 1798 2376 1874; x_wconf 87' lang='lat' dir='ltr'>conducere,</span> <span class='ocrx_word' id='word_1_210' title='bbox 2478 1794 2773 1868; x_wconf 89' lang='lat' dir='ltr'>triticum,</span> <span class='ocrx_word' id='word_1_211' title='bbox 2808 1793 2925 1853; x_wconf 89' lang='lat' dir='ltr'>nisi</span> <span class='ocrx_word' id='word_1_212' title='bbox 2954 1792 3089 1872; x_wconf 89' lang='lat' dir='ltr'>ipse</span> <span class='ocrx_word' id='word_1_213' title='bbox 3117 1792 3391 1853; x_wconf 79' lang='lat' dir='ltr'>vicissim</span> <span class='ocrx_word' id='word_1_214' title='bbox 3416 1795 3661 1853; x_wconf 90' lang='lat' dir='ltr'>mutuet</span> <span class='ocrx_word' id='word_1_215' title='bbox 3685 1789 3795 1851; x_wconf 87' lang='lat' dir='ltr'>tibi</span> <span class='ocrx_word' id='word_1_216' title='bbox 3818 1791 3978 1850; x_wconf 85' lang='lat' dir='ltr'>etiam</span> <span class='ocrx_word' id='word_1_217' title='bbox 4017 1797 4139 1894; x_wconf 48' lang='lat' dir='ltr'>jx:</span> 
     </span>
     <span class='ocr_line' id='line_1_17' title="bbox 848 1881 4139 1969; baseline -0.001 -25"><span class='ocrx_word' id='word_1_218' title='bbox 848 1904 970 1945; x_wconf 89' lang='lat' dir='ltr'>non</span> <span class='ocrx_word' id='word_1_219' title='bbox 993 1890 1200 1946; x_wconf 90' lang='lat' dir='ltr'>tamen</span> <span class='ocrx_word' id='word_1_220' title='bbox 1222 1891 1512 1965; x_wconf 80' lang='lat' dir='ltr'>poterant</span> <span class='ocrx_word' id='word_1_221' title='bbox 1540 1889 1655 1948; x_wconf 91' lang='lat' dir='ltr'>nisi</span> <span class='ocrx_word' id='word_1_222' title='bbox 1686 1894 1974 1949; x_wconf 90' lang='lat' dir='ltr'>mutuum</span> <span class='ocrx_word' id='word_1_223' title='bbox 1997 1890 2376 1969; x_wconf 86' lang='lat' dir='ltr'>acciperent,</span> <span class='ocrx_word' id='word_1_224' title='bbox 2480 1906 2644 1947; x_wconf 91' lang='lat' dir='ltr'>nunc</span> <span class='ocrx_word' id='word_1_225' title='bbox 2700 1886 2937 1946; x_wconf 82' lang='lat' dir='ltr'>vinum.</span> <span class='ocrx_word' id='word_1_226' title='bbox 3017 1885 3550 1969; x_wconf 81' lang='lat' dir='ltr'>Distinguendum</span> <span class='ocrx_word' id='word_1_227' title='bbox 3597 1888 3733 1955; x_wconf 85' lang='lat' dir='ltr'>est;</span> <span class='ocrx_word' id='word_1_228' title='bbox 3807 1888 3981 1960; x_wconf 83' lang='lat' dir='ltr'>potest</span> <span class='ocrx_word' id='word_1_229' title='bbox 4036 1881 4139 1942; x_wconf 56' lang='lat' dir='ltr'>{ss-</span> 
     </span>
     <span class='ocr_line' id='line_1_18' title="bbox 848 1975 3981 2059; baseline -0.001 -23"><span class='ocrx_word' id='word_1_230' title='bbox 848 1994 971 2037; x_wconf 90' lang='lat' dir='ltr'>non</span> <span class='ocrx_word' id='word_1_231' title='bbox 1003 1995 1137 2037; x_wconf 88' lang='lat' dir='ltr'>esse</span> <span class='ocrx_word' id='word_1_232' title='bbox 1169 1997 1425 2038; x_wconf 89' lang='lat' dir='ltr'>usuram</span> <span class='ocrx_word' id='word_1_233' title='bbox 1451 2026 1466 2056; x_wconf 94' lang='lat'>,</span> <span class='ocrx_word' id='word_1_234' title='bbox 1513 1981 1663 2059; x_wconf 88' lang='lat' dir='ltr'>quia</span> <span class='ocrx_word' id='word_1_235' title='bbox 1706 1985 1856 2041; x_wconf 89' lang='lat' dir='ltr'>tunc</span> <span class='ocrx_word' id='word_1_236' title='bbox 1886 1981 2220 2042; x_wconf 86' lang='lat' dir='ltr'>conductio</span> <span class='ocrx_word' id='word_1_237' title='bbox 2254 2000 2379 2042; x_wconf 92' lang='lat' dir='ltr'>non</span> <span class='ocrx_word' id='word_1_238' title='bbox 2481 1980 2648 2040; x_wconf 88' lang='lat' dir='ltr'>enim</span> <span class='ocrx_word' id='word_1_239' title='bbox 2670 1979 2925 2058; x_wconf 83' lang='lat' dir='ltr'>peti,vel</span> <span class='ocrx_word' id='word_1_240' title='bbox 2943 1978 3238 2056; x_wconf 85' lang='lat' dir='ltr'>obligatio</span> <span class='ocrx_word' id='word_1_241' title='bbox 3252 1977 3332 2038; x_wconf 88' lang='lat' dir='ltr'>ad</span> <span class='ocrx_word' id='word_1_242' title='bbox 3353 1976 3770 2038; x_wconf 83' lang='lat' dir='ltr'>mutuandum</span> <span class='ocrx_word' id='word_1_243' title='bbox 3797 1975 3981 2034; x_wconf 79' lang='lat' dir='ltr'>vinum</span> 
     </span>
     <span class='ocr_line' id='line_1_19' title="bbox 848 2069 3981 2152; baseline -0.002 -20"><span class='ocrx_word' id='word_1_244' title='bbox 848 2070 1176 2132; x_wconf 85' lang='lat' dir='ltr'>ordinatur</span> <span class='ocrx_word' id='word_1_245' title='bbox 1200 2071 1280 2131; x_wconf 88' lang='lat' dir='ltr'>ad</span> <span class='ocrx_word' id='word_1_246' title='bbox 1310 2077 1597 2132; x_wconf 89' lang='lat' dir='ltr'>mutuum</span> <span class='ocrx_word' id='word_1_247' title='bbox 1623 2118 1638 2149; x_wconf 92' lang='lat'>,</span> <span class='ocrx_word' id='word_1_248' title='bbox 1685 2073 1793 2133; x_wconf 90' lang='lat' dir='ltr'>sed</span> <span class='ocrx_word' id='word_1_249' title='bbox 1843 2074 2050 2152; x_wconf 88' lang='lat' dir='ltr'>potius</span> <span class='ocrx_word' id='word_1_250' title='bbox 2090 2077 2380 2134; x_wconf 88' lang='lat' dir='ltr'>mutuum</span> <span class='ocrx_word' id='word_1_251' title='bbox 2477 2073 2579 2133; x_wconf 84' lang='lat' dir='ltr'>vel</span> <span class='ocrx_word' id='word_1_252' title='bbox 2605 2076 2848 2131; x_wconf 90' lang='lat' dir='ltr'>mtuum</span> <span class='ocrx_word' id='word_1_253' title='bbox 2877 2072 3104 2149; x_wconf 89' lang='lat' dir='ltr'>ipsum,</span> <span class='ocrx_word' id='word_1_254' title='bbox 3138 2075 3200 2132; x_wconf 91' lang='lat' dir='ltr'>et</span> <span class='ocrx_word' id='word_1_255' title='bbox 3220 2077 3553 2149; x_wconf 83' lang='lat' dir='ltr'>utrumque</span> <span class='ocrx_word' id='word_1_256' title='bbox 3575 2073 3782 2148; x_wconf 84' lang='lat' dir='ltr'>potest</span> <span class='ocrx_word' id='word_1_257' title='bbox 3797 2069 3911 2146; x_wconf 85' lang='lat' dir='ltr'>peti</span> <span class='ocrx_word' id='word_1_258' title='bbox 3930 2073 3981 2126; x_wconf 83' lang='lat' dir='ltr'>ut</span> 
     </span>
     <span class='ocr_line' id='line_1_20' title="bbox 848 2161 3980 2245; baseline -0.002 -22"><span class='ocrx_word' id='word_1_259' title='bbox 848 2162 1106 2241; x_wconf 88' lang='lat' dir='ltr'>ponitur</span> <span class='ocrx_word' id='word_1_260' title='bbox 1133 2167 1201 2224; x_wconf 91' lang='lat' dir='ltr'>ut</span> <span class='ocrx_word' id='word_1_261' title='bbox 1231 2163 1532 2241; x_wconf 77' lang='lat' dir='ltr'>medium,</span> <span class='ocrx_word' id='word_1_262' title='bbox 1566 2171 1634 2226; x_wconf 87' lang='lat' dir='ltr'>ut</span> <span class='ocrx_word' id='word_1_263' title='bbox 1662 2166 2013 2227; x_wconf 87' lang='lat' dir='ltr'>conducere</span> <span class='ocrx_word' id='word_1_264' title='bbox 2043 2165 2284 2245; x_wconf 85' lang='lat' dir='ltr'>possint</span> <span class='ocrx_word' id='word_1_265' title='bbox 2311 2170 2384 2227; x_wconf 89' lang='lat' dir='ltr'>ut</span> <span class='ocrx_word' id='word_1_266' title='bbox 2477 2165 2746 2243; x_wconf 86' lang='lat' dir='ltr'>pretium</span> <span class='ocrx_word' id='word_1_267' title='bbox 2774 2164 2996 2240; x_wconf 90' lang='lat' dir='ltr'>mutui,</span> <span class='ocrx_word' id='word_1_268' title='bbox 3030 2164 3124 2224; x_wconf 88' lang='lat' dir='ltr'>vel</span> <span class='ocrx_word' id='word_1_269' title='bbox 3150 2165 3350 2225; x_wconf 90' lang='lat' dir='ltr'>solum</span> <span class='ocrx_word' id='word_1_270' title='bbox 3384 2169 3455 2225; x_wconf 90' lang='grc' dir='ltr'>ιιι</span> <span class='ocrx_word' id='word_1_271' title='bbox 3474 2163 3774 2224; x_wconf 87' lang='lat' dir='ltr'>conditio.</span> <span class='ocrx_word' id='word_1_272' title='bbox 3805 2161 3980 2239; x_wconf 80' lang='lat' dir='ltr'>Aliqui</span> 
     </span>
     <span class='ocr_line' id='line_1_21' title="bbox 850 2257 3984 2338; baseline -0.001 -22"><span class='ocrx_word' id='word_1_273' title='bbox 850 2258 1088 2333; x_wconf 89' lang='lat' dir='ltr'>optant.</span> <span class='ocrx_word' id='word_1_274' title='bbox 1145 2257 1323 2317; x_wconf 83' lang='lat' dir='ltr'>Ratio</span> <span class='ocrx_word' id='word_1_275' title='bbox 1355 2262 1565 2317; x_wconf 83' lang='lat' dir='ltr'>autem</span> <span class='ocrx_word' id='word_1_276' title='bbox 1608 2276 1643 2317; x_wconf 93' lang='lat' dir='ltr'>a</span> <span class='ocrx_word' id='word_1_277' title='bbox 1673 2258 1865 2336; x_wconf 89' lang='lat' dir='ltr'>priori</span> <span class='ocrx_word' id='word_1_278' title='bbox 1897 2261 2027 2335; x_wconf 88' lang='lat' dir='ltr'>est,</span> <span class='ocrx_word' id='word_1_279' title='bbox 2080 2258 2228 2337; x_wconf 90' lang='lat' dir='ltr'>quia</span> <span class='ocrx_word' id='word_1_280' title='bbox 2256 2276 2381 2318; x_wconf 90' lang='lat' dir='ltr'>non</span> <span class='ocrx_word' id='word_1_281' title='bbox 2475 2257 2849 2338; x_wconf 84' lang='lat' dir='ltr'>generaliter</span> <span class='ocrx_word' id='word_1_282' title='bbox 2877 2257 3135 2332; x_wconf 86' lang='lat' dir='ltr'>docent,</span> <span class='ocrx_word' id='word_1_283' title='bbox 3188 2275 3314 2317; x_wconf 90' lang='lat' dir='ltr'>non</span> <span class='ocrx_word' id='word_1_284' title='bbox 3357 2275 3491 2316; x_wconf 89' lang='lat' dir='ltr'>esse</span> <span class='ocrx_word' id='word_1_285' title='bbox 3526 2274 3779 2317; x_wconf 84' lang='lat' dir='ltr'>usuram</span> <span class='ocrx_word' id='word_1_286' title='bbox 3822 2271 3984 2331; x_wconf 86' lang='lat' dir='ltr'>appo-</span> 
     </span>
     <span class='ocr_line' id='line_1_22' title="bbox 850 2338 3982 2429; baseline -0.001 -21"><span class='ocrx_word' id='word_1_287' title='bbox 850 2353 946 2408; x_wconf 87' lang='lat' dir='ltr'>est</span> <span class='ocrx_word' id='word_1_288' title='bbox 985 2365 1328 2426; x_wconf 83' lang='lat' dir='ltr'>gravamen</span> <span class='ocrx_word' id='word_1_289' title='bbox 1375 2349 1437 2408; x_wconf 86' lang='lat' dir='ltr'>id</span> <span class='ocrx_word' id='word_1_290' title='bbox 1485 2350 1653 2429; x_wconf 90' lang='lat' dir='ltr'>quod</span> <span class='ocrx_word' id='word_1_291' title='bbox 1700 2351 2116 2411; x_wconf 85' lang='lat' dir='ltr'>mutuatarius</span> <span class='ocrx_word' id='word_1_292' title='bbox 2146 2349 2385 2411; x_wconf 85' lang='lat' dir='ltr'>deside·</span> <span class='ocrx_word' id='word_1_293' title='bbox 2479 2369 2627 2411; x_wconf 89' lang='lat' dir='ltr'>nere</span> <span class='ocrx_word' id='word_1_294' title='bbox 2659 2338 2798 2409; x_wconf 82' lang='lat' dir='ltr'>eam</span> <span class='ocrx_word' id='word_1_295' title='bbox 2826 2350 3052 2427; x_wconf 83' lang='lat' dir='ltr'>legem,</span> <span class='ocrx_word' id='word_1_296' title='bbox 3109 2349 3414 2410; x_wconf 88' lang='lat' dir='ltr'>utstatim</span> <span class='ocrx_word' id='word_1_297' title='bbox 3461 2349 3623 2408; x_wconf 79' lang='lat' dir='ltr'>mihi</span> <span class='ocrx_word' id='word_1_298' title='bbox 3669 2351 3982 2421; x_wconf 52' lang='lat' dir='ltr'>remutues&#39;,</span> 
     </span>
     <span class='ocr_line' id='line_1_23' title="bbox 848 2439 3983 2522; baseline -0.001 -21"><span class='ocrx_word' id='word_1_299' title='bbox 848 2443 983 2514; x_wconf 87' lang='lat' dir='ltr'>rat,</span> <span class='ocrx_word' id='word_1_300' title='bbox 1034 2445 1097 2500; x_wconf 89' lang='lat' dir='ltr'>et</span> <span class='ocrx_word' id='word_1_301' title='bbox 1141 2442 1392 2501; x_wconf 80' lang='lat' dir='ltr'>aliunde</span> <span class='ocrx_word' id='word_1_302' title='bbox 1434 2442 1713 2503; x_wconf 86' lang='lat' dir='ltr'>facturus</span> <span class='ocrx_word' id='word_1_303' title='bbox 1761 2447 1962 2518; x_wconf 88' lang='lat' dir='ltr'>esset,</span> <span class='ocrx_word' id='word_1_304' title='bbox 2020 2442 2072 2504; x_wconf 91' lang='lat' dir='ltr'>si</span> <span class='ocrx_word' id='word_1_305' title='bbox 2120 2447 2331 2522; x_wconf 89' lang='lat' dir='ltr'>posset</span> <span class='ocrx_word' id='word_1_306' title='bbox 2364 2463 2377 2504; x_wconf 90' lang='lat'>:</span> <span class='ocrx_word' id='word_1_307' title='bbox 2480 2443 2568 2504; x_wconf 88' lang='lat' dir='ltr'>ita</span> <span class='ocrx_word' id='word_1_308' title='bbox 2586 2442 2880 2518; x_wconf 86' lang='lat' dir='ltr'>Victoria,</span> <span class='ocrx_word' id='word_1_309' title='bbox 2915 2444 3214 2518; x_wconf 89' lang='lat' dir='ltr'>Navarra,</span> <span class='ocrx_word' id='word_1_310' title='bbox 3249 2446 3311 2502; x_wconf 90' lang='lat' dir='ltr'>et</span> <span class='ocrx_word' id='word_1_311' title='bbox 3339 2440 3683 2516; x_wconf 79' lang='lat' dir='ltr'>ConraduS,</span> <span class='ocrx_word' id='word_1_312' title='bbox 3718 2439 3877 2519; x_wconf 89' lang='lat' dir='ltr'>apud</span> <span class='ocrx_word' id='word_1_313' title='bbox 3898 2440 3983 2500; x_wconf 87' lang='lat' dir='ltr'>Sa-</span> 
     </span>
     <span class='ocr_line' id='line_1_24' title="bbox 850 2533 3985 2614; baseline -0 -23"><span class='ocrx_word' id='word_1_314' title='bbox 850 2551 1044 2614; x_wconf 87' lang='lat' dir='ltr'>quare</span> <span class='ocrx_word' id='word_1_315' title='bbox 1074 2533 1227 2592; x_wconf 90' lang='lat' dir='ltr'>nihil</span> <span class='ocrx_word' id='word_1_316' title='bbox 1256 2553 1368 2612; x_wconf 86' lang='lat' dir='ltr'>pro</span> <span class='ocrx_word' id='word_1_317' title='bbox 1399 2553 1474 2595; x_wconf 87' lang='lat' dir='ltr'>ca</span> <span class='ocrx_word' id='word_1_318' title='bbox 1503 2535 1927 2596; x_wconf 82' lang='lat' dir='ltr'>conductione</span> <span class='ocrx_word' id='word_1_319' title='bbox 1956 2534 2145 2596; x_wconf 88' lang='lat' dir='ltr'>debet</span> <span class='ocrx_word' id='word_1_320' title='bbox 2171 2535 2227 2595; x_wconf 92' lang='lat' dir='ltr'>ei</span> <span class='ocrx_word' id='word_1_321' title='bbox 2253 2554 2384 2597; x_wconf 87' lang='lat' dir='ltr'>res-</span> <span class='ocrx_word' id='word_1_322' title='bbox 2479 2536 2571 2595; x_wconf 90' lang='lat' dir='ltr'>las</span> <span class='ocrx_word' id='word_1_323' title='bbox 2601 2534 2750 2594; x_wconf 91' lang='lat' dir='ltr'>dub.</span> <span class='ocrx_word' id='word_1_324' title='bbox 2782 2550 2843 2595; x_wconf 85' lang='lat' dir='ltr'>x.</span> <span class='ocrx_word' id='word_1_325' title='bbox 2876 2537 3047 2595; x_wconf 80' lang='lat' dir='ltr'>LesS.</span> <span class='ocrx_word' id='word_1_326' title='bbox 3093 2534 3243 2595; x_wconf 90' lang='lat' dir='ltr'>dub.</span> <span class='ocrx_word' id='word_1_327' title='bbox 3279 2551 3419 2596; x_wconf 79' lang='lat' dir='ltr'>vm.</span> <span class='ocrx_word' id='word_1_328' title='bbox 3466 2552 3618 2593; x_wconf 90' lang='lat' dir='ltr'>num</span> <span class='ocrx_word' id='word_1_329' title='bbox 3645 2535 3746 2594; x_wconf 70' lang='lat'>53.</span> <span class='ocrx_word' id='word_1_330' title='bbox 3780 2537 3841 2593; x_wconf 89' lang='lat' dir='ltr'>et</span> <span class='ocrx_word' id='word_1_331' title='bbox 3864 2549 3985 2610; x_wconf 82' lang='lat' dir='ltr'>pro-</span> 
     </span>
     <span class='ocr_line' id='line_1_25' title="bbox 846 2624 3980 2708; baseline -0.002 -20"><span class='ocrx_word' id='word_1_332' title='bbox 846 2625 1023 2697; x_wconf 84' lang='lat' dir='ltr'>titui;</span> <span class='ocrx_word' id='word_1_333' title='bbox 1058 2625 1166 2686; x_wconf 86' lang='lat' dir='ltr'>sed</span> <span class='ocrx_word' id='word_1_334' title='bbox 1198 2631 1345 2687; x_wconf 90' lang='lat' dir='ltr'>tunc</span> <span class='ocrx_word' id='word_1_335' title='bbox 1373 2628 1575 2687; x_wconf 88' lang='lat' dir='ltr'>solum</span> <span class='ocrx_word' id='word_1_336' title='bbox 1604 2633 1697 2689; x_wconf 82' lang='lat' dir='ltr'>est</span> <span class='ocrx_word' id='word_1_337' title='bbox 1725 2646 2092 2706; x_wconf 85' lang='lat' dir='ltr'>gravamen,</span> <span class='ocrx_word' id='word_1_338' title='bbox 2128 2627 2379 2708; x_wconf 90' lang='lat' dir='ltr'>quando</span> <span class='ocrx_word' id='word_1_339' title='bbox 2480 2627 2686 2688; x_wconf 84' lang='lat' dir='ltr'>babile</span> <span class='ocrx_word' id='word_1_340' title='bbox 2719 2630 2895 2704; x_wconf 86' lang='lat' dir='ltr'>putat</span> <span class='ocrx_word' id='word_1_341' title='bbox 2921 2629 3167 2687; x_wconf 88' lang='lat' dir='ltr'>Bannes</span> <span class='ocrx_word' id='word_1_342' title='bbox 3197 2627 3264 2686; x_wconf 92' lang='lat' dir='ltr'>in</span> <span class='ocrx_word' id='word_1_343' title='bbox 3293 2626 3585 2704; x_wconf 73' lang='lat' dir='ltr'>praesenti</span> <span class='ocrx_word' id='word_1_344' title='bbox 3639 2626 3813 2686; x_wconf 78' lang='lat' dir='ltr'>art-ic.</span> <span class='ocrx_word' id='word_1_345' title='bbox 3847 2641 3907 2683; x_wconf 86' lang='lat'>11.</span> <span class='ocrx_word' id='word_1_346' title='bbox 3936 2624 3980 2700; x_wconf 64' lang='lat' dir='ltr'>g.</span> 
     </span>
     <span class='ocr_line' id='line_1_26' title="bbox 847 2718 3984 2800; baseline -0.001 -23"><span class='ocrx_word' id='word_1_347' title='bbox 847 2718 911 2778; x_wconf 92' lang='lat' dir='ltr'>id</span> <span class='ocrx_word' id='word_1_348' title='bbox 940 2719 1140 2778; x_wconf 90' lang='lat' dir='ltr'>solum</span> <span class='ocrx_word' id='word_1_349' title='bbox 1172 2718 1422 2797; x_wconf 84' lang='lat' dir='ltr'>eligitur</span> <span class='ocrx_word' id='word_1_350' title='bbox 1451 2724 1520 2780; x_wconf 90' lang='lat' dir='ltr'>ut</span> <span class='ocrx_word' id='word_1_351' title='bbox 1538 2720 1818 2779; x_wconf 92' lang='lat' dir='ltr'>medium</span> <span class='ocrx_word' id='word_1_352' title='bbox 1850 2721 1929 2779; x_wconf 91' lang='lat' dir='ltr'>ad</span> <span class='ocrx_word' id='word_1_353' title='bbox 1951 2725 2240 2780; x_wconf 89' lang='lat' dir='ltr'>mutuum</span> <span class='ocrx_word' id='word_1_354' title='bbox 2273 2720 2385 2779; x_wconf 87' lang='lat' dir='ltr'>ha·</span> <span class='ocrx_word' id='word_1_355' title='bbox 2481 2719 2607 2782; x_wconf 77' lang='lat' dir='ltr'>Sed</span> <span class='ocrx_word' id='word_1_356' title='bbox 2631 2729 2712 2780; x_wconf 84' lang='lat' dir='ltr'>est</span> <span class='ocrx_word' id='word_1_357' title='bbox 2738 2719 3003 2800; x_wconf 80' lang='lat' dir='ltr'>specialis</span> <span class='ocrx_word' id='word_1_358' title='bbox 3029 2719 3374 2800; x_wconf 54' lang='lat' dir='ltr'>diffie-ulta&amp;</span> <span class='ocrx_word' id='word_1_359' title='bbox 3409 2720 3529 2781; x_wconf 82' lang='lat' dir='ltr'>Alii</span> <span class='ocrx_word' id='word_1_360' title='bbox 3551 2725 3765 2780; x_wconf 86' lang='lat' dir='ltr'>tamen</span> <span class='ocrx_word' id='word_1_361' title='bbox 3793 2718 3984 2777; x_wconf 85' lang='lat' dir='ltr'>dicunt</span> 
     </span>
     <span class='ocr_line' id='line_1_27' title="bbox 846 2810 3983 2892; baseline -0.001 -21"><span class='ocrx_word' id='word_1_362' title='bbox 846 2810 1147 2884; x_wconf 87' lang='lat' dir='ltr'>bendum,</span> <span class='ocrx_word' id='word_1_363' title='bbox 1174 2814 1236 2872; x_wconf 90' lang='lat' dir='ltr'>et</span> <span class='ocrx_word' id='word_1_364' title='bbox 1255 2811 1407 2871; x_wconf 88' lang='lat' dir='ltr'>alias</span> <span class='ocrx_word' id='word_1_365' title='bbox 1431 2812 1597 2872; x_wconf 91' lang='lat' dir='ltr'>nullo</span> <span class='ocrx_word' id='word_1_366' title='bbox 1619 2813 1807 2872; x_wconf 89' lang='lat' dir='ltr'>modo</span> <span class='ocrx_word' id='word_1_367' title='bbox 1831 2812 2186 2890; x_wconf 82' lang='lat' dir='ltr'>eligeretur.</span> <span class='ocrx_word' id='word_1_368' title='bbox 2213 2812 2384 2872; x_wconf 84' lang='lat' dir='ltr'>Alios</span> <span class='ocrx_word' id='word_1_369' title='bbox 2482 2832 2616 2874; x_wconf 86' lang='lat' dir='ltr'>esse</span> <span class='ocrx_word' id='word_1_370' title='bbox 2673 2831 2925 2872; x_wconf 89' lang='lat' dir='ltr'>usuram</span> <span class='ocrx_word' id='word_1_371' title='bbox 2952 2859 2968 2889; x_wconf 91' lang='lat'>,</span> <span class='ocrx_word' id='word_1_372' title='bbox 3029 2813 3080 2873; x_wconf 91' lang='lat' dir='ltr'>si</span> <span class='ocrx_word' id='word_1_373' title='bbox 3129 2814 3488 2892; x_wconf 88' lang='lat' dir='ltr'>imponatur</span> <span class='ocrx_word' id='word_1_374' title='bbox 3535 2812 3830 2890; x_wconf 84' lang='lat' dir='ltr'>obligatio</span> <span class='ocrx_word' id='word_1_375' title='bbox 3873 2827 3983 2868; x_wconf 89' lang='lat' dir='ltr'>mu-</span> 
     </span>
     <span class='ocr_line' id='line_1_28' title="bbox 847 2903 3982 2984; baseline -0.001 -22"><span class='ocrx_word' id='word_1_376' title='bbox 847 2903 1071 2963; x_wconf 90' lang='lat' dir='ltr'>modos</span> <span class='ocrx_word' id='word_1_377' title='bbox 1100 2903 1276 2964; x_wconf 88' lang='lat' dir='ltr'>addit</span> <span class='ocrx_word' id='word_1_378' title='bbox 1305 2904 1480 2964; x_wconf 87' lang='lat' dir='ltr'>Salas</span> <span class='ocrx_word' id='word_1_379' title='bbox 1520 2923 1693 2964; x_wconf 87' lang='lat' dir='ltr'>num.</span> <span class='ocrx_word' id='word_1_380' title='bbox 1727 2909 1786 2965; x_wconf 85' lang='lat'>5.</span> <span class='ocrx_word' id='word_1_381' title='bbox 1841 2905 2064 2983; x_wconf 89' lang='lat' dir='ltr'>quibus</span> <span class='ocrx_word' id='word_1_382' title='bbox 2093 2909 2384 2965; x_wconf 88' lang='lat' dir='ltr'>mut-uum</span> <span class='ocrx_word' id='word_1_383' title='bbox 2482 2905 2694 2984; x_wconf 83' lang='lat' dir='ltr'>tuandi</span> <span class='ocrx_word' id='word_1_384' title='bbox 2719 2924 2840 2965; x_wconf 91' lang='lat' dir='ltr'>non</span> <span class='ocrx_word' id='word_1_385' title='bbox 2863 2906 3063 2965; x_wconf 87' lang='lat' dir='ltr'>solum</span> <span class='ocrx_word' id='word_1_386' title='bbox 3085 2905 3144 2964; x_wconf 92' lang='lat' dir='ltr'>in</span> <span class='ocrx_word' id='word_1_387' title='bbox 3163 2905 3395 2981; x_wconf 80' lang='lat' dir='ltr'>futuro,</span> <span class='ocrx_word' id='word_1_388' title='bbox 3430 2905 3540 2964; x_wconf 89' lang='lat' dir='ltr'>sed</span> <span class='ocrx_word' id='word_1_389' title='bbox 3564 2906 3755 2964; x_wconf 89' lang='lat' dir='ltr'>etiam</span> <span class='ocrx_word' id='word_1_390' title='bbox 3777 2903 3982 2962; x_wconf 84' lang='lat' dir='ltr'>statim.</span> 
     </span>
     <span class='ocr_line' id='line_1_29' title="bbox 850 2994 3980 3077; baseline -0.001 -22"><span class='ocrx_word' id='word_1_391' title='bbox 850 3012 925 3055; x_wconf 87' lang='lat' dir='ltr'>eo</span> <span class='ocrx_word' id='word_1_392' title='bbox 954 3013 1102 3055; x_wconf 89' lang='lat' dir='ltr'>casu</span> <span class='ocrx_word' id='word_1_393' title='bbox 1130 3014 1256 3055; x_wconf 91' lang='lat' dir='ltr'>non</span> <span class='ocrx_word' id='word_1_394' title='bbox 1278 2996 1357 3057; x_wconf 88' lang='lat' dir='ltr'>sit</span> <span class='ocrx_word' id='word_1_395' title='bbox 1377 2997 1753 3057; x_wconf 88' lang='lat' dir='ltr'>usurarium.</span> <span class='ocrx_word' id='word_1_396' title='bbox 1791 2997 2020 3074; x_wconf 89' lang='lat' dir='ltr'>Primo,</span> <span class='ocrx_word' id='word_1_397' title='bbox 2053 2998 2102 3057; x_wconf 88' lang='lat' dir='ltr'>si</span> <span class='ocrx_word' id='word_1_398' title='bbox 2138 3003 2383 3058; x_wconf 86' lang='lat' dir='ltr'>contra·</span> <span class='ocrx_word' id='word_1_399' title='bbox 2481 2998 2713 3060; x_wconf 88' lang='lat' dir='ltr'>Molina</span> <span class='ocrx_word' id='word_1_400' title='bbox 2758 2997 2917 3075; x_wconf 90' lang='lat' dir='ltr'>disp.</span> <span class='ocrx_word' id='word_1_401' title='bbox 2969 3000 3108 3058; x_wconf 92' lang='grc'><strong>310.</strong></span> <span class='ocrx_word' id='word_1_402' title='bbox 3159 2998 3223 3057; x_wconf 91' lang='lat' dir='ltr'>in</span> <span class='ocrx_word' id='word_1_403' title='bbox 3270 2997 3468 3077; x_wconf 90' lang='lat' dir='ltr'>princ.</span> <span class='ocrx_word' id='word_1_404' title='bbox 3509 3000 3752 3077; x_wconf 89' lang='lat' dir='ltr'>Lopez,</span> <span class='ocrx_word' id='word_1_405' title='bbox 3799 2994 3980 3057; x_wconf 85' lang='lat' dir='ltr'>Salon.</span> 
     </span>
     <span class='ocr_line' id='line_1_30' title="bbox 850 3087 3987 3169; baseline -0.001 -20"><span class='ocrx_word' id='word_1_406' title='bbox 850 3091 985 3149; x_wconf 87' lang='lat' dir='ltr'>ctus</span> <span class='ocrx_word' id='word_1_407' title='bbox 1013 3087 1167 3148; x_wconf 88' lang='lat' dir='ltr'>fiant</span> <span class='ocrx_word' id='word_1_408' title='bbox 1211 3089 1517 3167; x_wconf 87' lang='lat' dir='ltr'>separati,</span> <span class='ocrx_word' id='word_1_409' title='bbox 1566 3096 1628 3149; x_wconf 89' lang='lat' dir='ltr'>et</span> <span class='ocrx_word' id='word_1_410' title='bbox 1678 3090 2173 3169; x_wconf 81' lang='lat' dir='ltr'>independentes</span> <span class='ocrx_word' id='word_1_411' title='bbox 2223 3109 2382 3149; x_wconf 92' lang='lat' dir='ltr'>unus</span> <span class='ocrx_word' id='word_1_412' title='bbox 2483 3093 2757 3168; x_wconf 81' lang='lat' dir='ltr'>Aragon.</span> <span class='ocrx_word' id='word_1_413' title='bbox 2790 3090 3079 3167; x_wconf 88' lang='lat' dir='ltr'>Medina,</span> <span class='ocrx_word' id='word_1_414' title='bbox 3133 3092 3316 3151; x_wconf 91' lang='lat' dir='ltr'>Sotus</span> <span class='ocrx_word' id='word_1_415' title='bbox 3340 3137 3356 3165; x_wconf 95' lang='lat'>,</span> <span class='ocrx_word' id='word_1_416' title='bbox 3409 3090 3602 3151; x_wconf 88' lang='lat' dir='ltr'>etalii</span> <span class='ocrx_word' id='word_1_417' title='bbox 3639 3107 3795 3168; x_wconf 85' lang='lat' dir='ltr'>quos</span> <span class='ocrx_word' id='word_1_418' title='bbox 3824 3087 3987 3147; x_wconf 81' lang='lat' dir='ltr'>refert</span> 
     </span>
     <span class='ocr_line' id='line_1_31' title="bbox 852 3179 3986 3263; baseline -0 -22"><span class='ocrx_word' id='word_1_419' title='bbox 852 3179 930 3241; x_wconf 89' lang='lat' dir='ltr'>ab</span> <span class='ocrx_word' id='word_1_420' title='bbox 962 3180 1080 3242; x_wconf 91' lang='lat' dir='ltr'>alio</span> <span class='ocrx_word' id='word_1_421' title='bbox 1101 3227 1116 3257; x_wconf 91' lang='lat'>,</span> <span class='ocrx_word' id='word_1_422' title='bbox 1167 3202 1226 3241; x_wconf 85' lang='lat' dir='ltr'>v.</span> <span class='ocrx_word' id='word_1_423' title='bbox 1261 3201 1322 3259; x_wconf 81' lang='lat' dir='ltr'>g.</span> <span class='ocrx_word' id='word_1_424' title='bbox 1373 3188 1661 3245; x_wconf 90' lang='lat' dir='ltr'>mutuum</span> <span class='ocrx_word' id='word_1_425' title='bbox 1690 3183 1886 3261; x_wconf 85' lang='lat' dir='ltr'>gratis</span> <span class='ocrx_word' id='word_1_426' title='bbox 1913 3183 2265 3262; x_wconf 83' lang='lat' dir='ltr'>praecedat,</span> <span class='ocrx_word' id='word_1_427' title='bbox 2325 3188 2388 3244; x_wconf 90' lang='lat' dir='ltr'>et</span> <span class='ocrx_word' id='word_1_428' title='bbox 2484 3191 2547 3247; x_wconf 89' lang='lat' dir='ltr'>et</span> <span class='ocrx_word' id='word_1_429' title='bbox 2573 3183 2854 3263; x_wconf 84' lang='lat' dir='ltr'>sequitur</span> <span class='ocrx_word' id='word_1_430' title='bbox 2898 3184 3075 3246; x_wconf 86' lang='lat' dir='ltr'>Salas</span> <span class='ocrx_word' id='word_1_431' title='bbox 3106 3183 3167 3245; x_wconf 91' lang='lat' dir='ltr'>d.</span> <span class='ocrx_word' id='word_1_432' title='bbox 3222 3184 3372 3245; x_wconf 90' lang='lat' dir='ltr'>dub.</span> <span class='ocrx_word' id='word_1_433' title='bbox 3407 3201 3466 3245; x_wconf 86' lang='lat' dir='ltr'>x.</span> <span class='ocrx_word' id='word_1_434' title='bbox 3515 3183 3579 3244; x_wconf 79' lang='lat' dir='ltr'>si</span> <span class='ocrx_word' id='word_1_435' title='bbox 3612 3187 3819 3243; x_wconf 86' lang='lat' dir='ltr'>autem</span> <span class='ocrx_word' id='word_1_436' title='bbox 3846 3183 3986 3261; x_wconf 83' lang='lat' dir='ltr'>peta-</span> 
     </span>
     <span class='ocr_line' id='line_1_32' title="bbox 850 3270 3985 3361; baseline -0 -28"><span class='ocrx_word' id='word_1_437' title='bbox 850 3277 1070 3353; x_wconf 84' lang='lat' dir='ltr'>postea</span> <span class='ocrx_word' id='word_1_438' title='bbox 1097 3274 1298 3334; x_wconf 89' lang='lat' dir='ltr'>coloni</span> <span class='ocrx_word' id='word_1_439' title='bbox 1330 3293 1514 3354; x_wconf 85' lang='lat' dir='ltr'>agros</span> <span class='ocrx_word' id='word_1_440' title='bbox 1542 3276 1920 3361; x_wconf 84' lang='lat' dir='ltr'>conducant,</span> <span class='ocrx_word' id='word_1_441' title='bbox 1955 3276 2053 3336; x_wconf 84' lang='lat' dir='ltr'>vel</span> <span class='ocrx_word' id='word_1_442' title='bbox 2082 3295 2115 3336; x_wconf 91' lang='lat' dir='ltr'>e</span> <span class='ocrx_word' id='word_1_443' title='bbox 2138 3280 2378 3337; x_wconf 87' lang='lat' dir='ltr'>contra.</span> <span class='ocrx_word' id='word_1_444' title='bbox 2483 3281 2587 3339; x_wconf 91' lang='lat' dir='ltr'>tur</span> <span class='ocrx_word' id='word_1_445' title='bbox 2605 3280 2895 3336; x_wconf 90' lang='lat' dir='ltr'>mutuum</span> <span class='ocrx_word' id='word_1_446' title='bbox 2915 3276 3044 3335; x_wconf 82' lang='lat' dir='ltr'>vini</span> <span class='ocrx_word' id='word_1_447' title='bbox 3073 3278 3305 3351; x_wconf 73' lang='lat' dir='ltr'>statim,</span> <span class='ocrx_word' id='word_1_448' title='bbox 3340 3296 3464 3336; x_wconf 86' lang='lat' dir='ltr'>non</span> <span class='ocrx_word' id='word_1_449' title='bbox 3495 3281 3564 3336; x_wconf 91' lang='lat' dir='ltr'>ut</span> <span class='ocrx_word' id='word_1_450' title='bbox 3584 3277 3870 3355; x_wconf 86' lang='lat' dir='ltr'>pretium,</span> <span class='ocrx_word' id='word_1_451' title='bbox 3899 3270 3985 3332; x_wconf 84' lang='lat' dir='ltr'>sed</span> 
     </span>
     <span class='ocr_line' id='line_1_33' title="bbox 852 3364 3987 3449; baseline -0.001 -21"><span class='ocrx_word' id='word_1_452' title='bbox 852 3366 1164 3443; x_wconf 90' lang='lat' dir='ltr'>Secundo,</span> <span class='ocrx_word' id='word_1_453' title='bbox 1195 3369 1247 3427; x_wconf 91' lang='lat' dir='ltr'>si</span> <span class='ocrx_word' id='word_1_454' title='bbox 1276 3369 1386 3428; x_wconf 84' lang='lat' dir='ltr'>fiat</span> <span class='ocrx_word' id='word_1_455' title='bbox 1413 3368 1711 3447; x_wconf 83' lang='lat' dir='ltr'>obligatio</span> <span class='ocrx_word' id='word_1_456' title='bbox 1741 3368 2085 3447; x_wconf 88' lang='lat' dir='ltr'>reciproca,</span> <span class='ocrx_word' id='word_1_457' title='bbox 2120 3388 2246 3449; x_wconf 87' lang='lat' dir='ltr'>qua</span> <span class='ocrx_word' id='word_1_458' title='bbox 2274 3387 2382 3429; x_wconf 92' lang='lat' dir='ltr'>co-</span> <span class='ocrx_word' id='word_1_459' title='bbox 2483 3372 2553 3431; x_wconf 90' lang='grc' dir='ltr'>ιιι</span> <span class='ocrx_word' id='word_1_460' title='bbox 2579 3368 2850 3430; x_wconf 89' lang='lat' dir='ltr'>conditio</span> <span class='ocrx_word' id='word_1_461' title='bbox 2895 3368 3030 3429; x_wconf 89' lang='lat' dir='ltr'>sine</span> <span class='ocrx_word' id='word_1_462' title='bbox 3074 3388 3195 3448; x_wconf 84' lang='lat' dir='ltr'>qua</span> <span class='ocrx_word' id='word_1_463' title='bbox 3228 3369 3369 3430; x_wconf 93' lang='lat' dir='ltr'>nolo</span> <span class='ocrx_word' id='word_1_464' title='bbox 3398 3369 3512 3429; x_wconf 85' lang='lat' dir='ltr'>tibi</span> <span class='ocrx_word' id='word_1_465' title='bbox 3541 3373 3829 3429; x_wconf 87' lang='lat' dir='ltr'>mutuare</span> <span class='ocrx_word' id='word_1_466' title='bbox 3855 3364 3987 3428; x_wconf 83' lang='lat' dir='ltr'>triti-</span> 
     </span>
     <span class='ocr_line' id='line_1_34' title="bbox 848 3459 3982 3541; baseline -0.001 -22"><span class='ocrx_word' id='word_1_467' title='bbox 848 3459 1032 3519; x_wconf 89' lang='lat' dir='ltr'>lonus</span> <span class='ocrx_word' id='word_1_468' title='bbox 1060 3479 1125 3520; x_wconf 92' lang='lat' dir='ltr'>se</span> <span class='ocrx_word' id='word_1_469' title='bbox 1154 3460 1393 3539; x_wconf 86' lang='lat' dir='ltr'>obligat</span> <span class='ocrx_word' id='word_1_470' title='bbox 1421 3462 1500 3521; x_wconf 89' lang='lat' dir='ltr'>ad</span> <span class='ocrx_word' id='word_1_471' title='bbox 1531 3461 2014 3522; x_wconf 89' lang='lat' dir='ltr'>conducendum</span> <span class='ocrx_word' id='word_1_472' title='bbox 2044 3479 2290 3541; x_wconf 85' lang='lat' dir='ltr'>agrum,</span> <span class='ocrx_word' id='word_1_473' title='bbox 2325 3465 2388 3523; x_wconf 87' lang='lat' dir='ltr'>et</span> <span class='ocrx_word' id='word_1_474' title='bbox 2485 3479 2650 3538; x_wconf 91' lang='lat' dir='ltr'>cum,</span> <span class='ocrx_word' id='word_1_475' title='bbox 2685 3479 2808 3520; x_wconf 89' lang='lat' dir='ltr'>non</span> <span class='ocrx_word' id='word_1_476' title='bbox 2840 3478 2977 3520; x_wconf 90' lang='lat' dir='ltr'>esse</span> <span class='ocrx_word' id='word_1_477' title='bbox 3007 3479 3261 3520; x_wconf 88' lang='lat' dir='ltr'>usuram</span> <span class='ocrx_word' id='word_1_478' title='bbox 3288 3508 3302 3531; x_wconf 86' lang='lat'>,</span> <span class='ocrx_word' id='word_1_479' title='bbox 3339 3461 3559 3521; x_wconf 86' lang='lat' dir='ltr'>dicunt</span> <span class='ocrx_word' id='word_1_480' title='bbox 3587 3462 3821 3521; x_wconf 81' lang='lat' dir='ltr'>Melina</span> <span class='ocrx_word' id='word_1_481' title='bbox 3849 3459 3982 3533; x_wconf 81' lang='lat' dir='ltr'>disp.</span> 
     </span>
     <span class='ocr_line' id='line_1_35' title="bbox 852 3551 3982 3633; baseline -0.001 -22"><span class='ocrx_word' id='word_1_482' title='bbox 852 3551 1143 3613; x_wconf 89' lang='lat' dir='ltr'>dominus</span> <span class='ocrx_word' id='word_1_483' title='bbox 1189 3572 1254 3613; x_wconf 91' lang='lat' dir='ltr'>se</span> <span class='ocrx_word' id='word_1_484' title='bbox 1285 3554 1525 3633; x_wconf 86' lang='lat' dir='ltr'>obligat</span> <span class='ocrx_word' id='word_1_485' title='bbox 1570 3555 1649 3615; x_wconf 90' lang='lat' dir='ltr'>ad</span> <span class='ocrx_word' id='word_1_486' title='bbox 1693 3558 1912 3632; x_wconf 86' lang='lat' dir='ltr'>postea</span> <span class='ocrx_word' id='word_1_487' title='bbox 1957 3572 2069 3614; x_wconf 88' lang='lat' dir='ltr'>suo</span> <span class='ocrx_word' id='word_1_488' title='bbox 2102 3559 2386 3633; x_wconf 86' lang='lat' dir='ltr'>tempore</span> <span class='ocrx_word' id='word_1_489' title='bbox 2484 3557 2621 3616; x_wconf 89' lang='lat'>308.</span> <span class='ocrx_word' id='word_1_490' title='bbox 2655 3555 2710 3632; x_wconf 66' lang='grc' dir='ltr'>ἓ.</span> <span class='ocrx_word' id='word_1_491' title='bbox 2745 3552 2999 3614; x_wconf 78' lang='lat' dir='ltr'>Dubium</span> <span class='ocrx_word' id='word_1_492' title='bbox 3027 3561 3143 3629; x_wconf 81' lang='lat' dir='ltr'>est,</span> <span class='ocrx_word' id='word_1_493' title='bbox 3193 3553 3370 3615; x_wconf 88' lang='lat' dir='ltr'>Salas</span> <span class='ocrx_word' id='word_1_494' title='bbox 3402 3552 3553 3614; x_wconf 90' lang='lat' dir='ltr'>dub.</span> <span class='ocrx_word' id='word_1_495' title='bbox 3592 3571 3678 3613; x_wconf 82' lang='lat' dir='ltr'>1x.</span> <span class='ocrx_word' id='word_1_496' title='bbox 3716 3571 3877 3613; x_wconf 90' lang='lat' dir='ltr'>num.</span> <span class='ocrx_word' id='word_1_497' title='bbox 3909 3552 3982 3611; x_wconf 82' lang='lat'>10.</span> 
     </span>
     <span class='ocr_line' id='line_1_36' title="bbox 850 3646 3983 3726; baseline -0.001 -21"><span class='ocrx_word' id='word_1_498' title='bbox 850 3649 1140 3706; x_wconf 89' lang='lat' dir='ltr'>mutuum</span> <span class='ocrx_word' id='word_1_499' title='bbox 1168 3647 1450 3707; x_wconf 89' lang='lat' dir='ltr'>dandum</span> <span class='ocrx_word' id='word_1_500' title='bbox 1497 3648 1577 3707; x_wconf 87' lang='lat' dir='ltr'>ad</span> <span class='ocrx_word' id='word_1_501' title='bbox 1621 3650 1907 3725; x_wconf 88' lang='lat' dir='ltr'>sumptus</span> <span class='ocrx_word' id='word_1_502' title='bbox 1957 3648 2381 3720; x_wconf 87' lang='lat' dir='ltr'>necessarios;</span> <span class='ocrx_word' id='word_1_503' title='bbox 2485 3650 2548 3708; x_wconf 88' lang='lat' dir='ltr'>et</span> <span class='ocrx_word' id='word_1_504' title='bbox 2575 3646 2676 3705; x_wconf 88' lang='lat' dir='ltr'>alii</span> <span class='ocrx_word' id='word_1_505' title='bbox 2708 3665 2863 3725; x_wconf 89' lang='lat' dir='ltr'>quos</span> <span class='ocrx_word' id='word_1_506' title='bbox 2893 3648 3076 3707; x_wconf 80' lang='lat' dir='ltr'>affert</span> <span class='ocrx_word' id='word_1_507' title='bbox 3119 3650 3181 3706; x_wconf 88' lang='lat' dir='ltr'>et</span> <span class='ocrx_word' id='word_1_508' title='bbox 3227 3648 3510 3726; x_wconf 87' lang='lat' dir='ltr'>sequitur</span> <span class='ocrx_word' id='word_1_509' title='bbox 3540 3647 3743 3706; x_wconf 89' lang='lat' dir='ltr'>Diana</span> <span class='ocrx_word' id='word_1_510' title='bbox 3773 3663 3814 3706; x_wconf 91' lang='lat'>1.</span> <span class='ocrx_word' id='word_1_511' title='bbox 3859 3649 3983 3705; x_wconf 91' lang='lat' dir='ltr'>tom.</span> 
     </span>
     <span class='ocr_line' id='line_1_37' title="bbox 852 3735 3985 3819; baseline -0.002 -19"><span class='ocrx_word' id='word_1_512' title='bbox 852 3756 978 3800; x_wconf 89' lang='lat' dir='ltr'>una</span> <span class='ocrx_word' id='word_1_513' title='bbox 1023 3740 1190 3798; x_wconf 90' lang='lat' dir='ltr'>enim</span> <span class='ocrx_word' id='word_1_514' title='bbox 1239 3739 1539 3818; x_wconf 86' lang='lat' dir='ltr'>obligatio</span> <span class='ocrx_word' id='word_1_515' title='bbox 1598 3740 1793 3801; x_wconf 87' lang='lat' dir='ltr'>altera</span> <span class='ocrx_word' id='word_1_516' title='bbox 1841 3740 2236 3819; x_wconf 89' lang='lat' dir='ltr'>compensari</span> <span class='ocrx_word' id='word_1_517' title='bbox 2275 3760 2389 3818; x_wconf 88' lang='lat' dir='ltr'>po·</span> <span class='ocrx_word' id='word_1_518' title='bbox 2483 3744 2563 3802; x_wconf 84' lang='lat' dir='ltr'>tr.</span> <span class='ocrx_word' id='word_1_519' title='bbox 2598 3738 2666 3799; x_wconf 83' lang='lat' dir='ltr'>dc</span> <span class='ocrx_word' id='word_1_520' title='bbox 2693 3748 2975 3799; x_wconf 80' lang='lat' dir='ltr'>contract.</span> <span class='ocrx_word' id='word_1_521' title='bbox 3010 3758 3134 3800; x_wconf 80' lang='lat' dir='ltr'>reS.</span> <span class='ocrx_word' id='word_1_522' title='bbox 3168 3742 3266 3799; x_wconf 87' lang='lat'>60.</span> <span class='ocrx_word' id='word_1_523' title='bbox 3294 3740 3401 3818; x_wconf 87' lang='lat' dir='ltr'>qui</span> <span class='ocrx_word' id='word_1_524' title='bbox 3432 3758 3554 3798; x_wconf 92' lang='lat' dir='ltr'>non</span> <span class='ocrx_word' id='word_1_525' title='bbox 3586 3741 3674 3799; x_wconf 88' lang='lat' dir='ltr'>ita</span> <span class='ocrx_word' id='word_1_526' title='bbox 3696 3735 3985 3814; x_wconf 79' lang='lat' dir='ltr'>distinguit</span> 
     </span>
     <span class='ocr_line' id='line_1_38' title="bbox 850 3831 3984 3912; baseline -0.003 -19"><span class='ocrx_word' id='word_1_527' title='bbox 850 3835 1010 3893; x_wconf 87' lang='lat' dir='ltr'>test:</span> <span class='ocrx_word' id='word_1_528' title='bbox 1045 3851 1239 3911; x_wconf 88' lang='lat' dir='ltr'>quare</span> <span class='ocrx_word' id='word_1_529' title='bbox 1261 3832 1426 3893; x_wconf 88' lang='lat' dir='ltr'>idem</span> <span class='ocrx_word' id='word_1_530' title='bbox 1450 3832 1662 3909; x_wconf 90' lang='lat' dir='ltr'>credo,</span> <span class='ocrx_word' id='word_1_531' title='bbox 1698 3832 1949 3912; x_wconf 87' lang='lat' dir='ltr'>quando</span> <span class='ocrx_word' id='word_1_532' title='bbox 1982 3833 2241 3894; x_wconf 89' lang='lat' dir='ltr'>colonus</span> <span class='ocrx_word' id='word_1_533' title='bbox 2262 3851 2386 3892; x_wconf 92' lang='lat' dir='ltr'>non</span> <span class='ocrx_word' id='word_1_534' title='bbox 2484 3832 2647 3893; x_wconf 91' lang='lat' dir='ltr'>inter</span> <span class='ocrx_word' id='word_1_535' title='bbox 2674 3831 2942 3909; x_wconf 89' lang='lat' dir='ltr'>pretium</span> <span class='ocrx_word' id='word_1_536' title='bbox 2988 3835 3049 3891; x_wconf 87' lang='lat' dir='ltr'>et</span> <span class='ocrx_word' id='word_1_537' title='bbox 3079 3831 3499 3891; x_wconf 87' lang='lat' dir='ltr'>conditionem</span> <span class='ocrx_word' id='word_1_538' title='bbox 3537 3852 3550 3891; x_wconf 75' lang='grc' dir='ltr'>ι</span> <span class='ocrx_word' id='word_1_539' title='bbox 3608 3831 3774 3911; x_wconf 92' lang='lat' dir='ltr'>quod</span> <span class='ocrx_word' id='word_1_540' title='bbox 3809 3835 3984 3891; x_wconf 87' lang='lat' dir='ltr'>tamen</span> 
     </span>
     <span class='ocr_line' id='line_1_39' title="bbox 852 3924 3979 4005; baseline -0.002 -20"><span class='ocrx_word' id='word_1_541' title='bbox 852 3925 1054 3985; x_wconf 89' lang='lat' dir='ltr'>solum</span> <span class='ocrx_word' id='word_1_542' title='bbox 1096 3944 1161 3985; x_wconf 90' lang='lat' dir='ltr'>se</span> <span class='ocrx_word' id='word_1_543' title='bbox 1214 3925 1453 4005; x_wconf 81' lang='lat' dir='ltr'>obligat</span> <span class='ocrx_word' id='word_1_544' title='bbox 1479 3926 1561 3985; x_wconf 89' lang='lat' dir='ltr'>ad</span> <span class='ocrx_word' id='word_1_545' title='bbox 1592 3925 2106 3999; x_wconf 89' lang='lat' dir='ltr'>conducendum,</span> <span class='ocrx_word' id='word_1_546' title='bbox 2156 3926 2266 3985; x_wconf 89' lang='lat' dir='ltr'>sed</span> <span class='ocrx_word' id='word_1_547' title='bbox 2310 3924 2388 3983; x_wconf 88' lang='lat' dir='ltr'>de</span> <span class='ocrx_word' id='word_1_548' title='bbox 2488 3924 2812 4002; x_wconf 82' lang='lat' dir='ltr'>distinguit</span> <span class='ocrx_word' id='word_1_549' title='bbox 2849 3926 3067 4001; x_wconf 79' lang='lat' dir='ltr'>Laym.</span> <span class='ocrx_word' id='word_1_550' title='bbox 3112 3924 3217 3984; x_wconf 91' lang='lat' dir='ltr'>lib.</span> <span class='ocrx_word' id='word_1_551' title='bbox 3255 3927 3355 3985; x_wconf 85' lang='grc' dir='ltr'><strong>ΙΙΙ.</strong></span> <span class='ocrx_word' id='word_1_552' title='bbox 3410 3931 3560 3985; x_wconf 90' lang='lat' dir='ltr'>sect.</span> <span class='ocrx_word' id='word_1_553' title='bbox 3597 3942 3657 3986; x_wconf 82' lang='lat' dir='ltr'>v.</span> <span class='ocrx_word' id='word_1_554' title='bbox 3709 3928 3884 3985; x_wconf 88' lang='lat' dir='ltr'>tract.</span> <span class='ocrx_word' id='word_1_555' title='bbox 3913 3937 3979 3981; x_wconf 78' lang='lat' dir='ltr'>iv.</span> 
     </span>
     <span class='ocr_line' id='line_1_40' title="bbox 852 4016 3986 4097; baseline -0.001 -21"><span class='ocrx_word' id='word_1_556' title='bbox 852 4016 1016 4076; x_wconf 89' lang='lat' dir='ltr'>facto</span> <span class='ocrx_word' id='word_1_557' title='bbox 1047 4018 1340 4079; x_wconf 90' lang='lat' dir='ltr'>conducit</span> <span class='ocrx_word' id='word_1_558' title='bbox 1371 4037 1614 4097; x_wconf 81' lang='lat' dir='ltr'>agrum,</span> <span class='ocrx_word' id='word_1_559' title='bbox 1652 4022 1714 4078; x_wconf 91' lang='lat' dir='ltr'>et</span> <span class='ocrx_word' id='word_1_560' title='bbox 1742 4018 2032 4079; x_wconf 90' lang='lat' dir='ltr'>dominus</span> <span class='ocrx_word' id='word_1_561' title='bbox 2060 4037 2126 4078; x_wconf 91' lang='lat' dir='ltr'>se</span> <span class='ocrx_word' id='word_1_562' title='bbox 2157 4017 2393 4096; x_wconf 83' lang='lat' dir='ltr'>obligat</span> <span class='ocrx_word' id='word_1_563' title='bbox 2489 4036 2542 4078; x_wconf 92' lang='lat' dir='ltr'>c.</span> <span class='ocrx_word' id='word_1_564' title='bbox 2579 4021 2674 4077; x_wconf 75' lang='grc'>16.</span> <span class='ocrx_word' id='word_1_565' title='bbox 2711 4036 2882 4077; x_wconf 81' lang='lat' dir='ltr'>num.</span> <span class='ocrx_word' id='word_1_566' title='bbox 2916 4021 2975 4078; x_wconf 91' lang='lat'>3.</span> <span class='ocrx_word' id='word_1_567' title='bbox 3031 4023 3094 4078; x_wconf 89' lang='lat' dir='ltr'>et</span> <span class='ocrx_word' id='word_1_568' title='bbox 3139 4017 3563 4095; x_wconf 77' lang='lat' dir='ltr'>distinguendi</span> <span class='ocrx_word' id='word_1_569' title='bbox 3591 4018 3842 4078; x_wconf 91' lang='lat' dir='ltr'>omnino</span> <span class='ocrx_word' id='word_1_570' title='bbox 3870 4016 3986 4075; x_wconf 89' lang='lat' dir='ltr'>sunt</span> 
     </span>
     <span class='ocr_line' id='line_1_41' title="bbox 853 4108 3984 4188; baseline -0.001 -21"><span class='ocrx_word' id='word_1_571' title='bbox 853 4108 934 4167; x_wconf 87' lang='lat' dir='ltr'>ad</span> <span class='ocrx_word' id='word_1_572' title='bbox 989 4109 1402 4169; x_wconf 85' lang='lat' dir='ltr'>mutuandum</span> <span class='ocrx_word' id='word_1_573' title='bbox 1453 4129 1564 4170; x_wconf 89' lang='lat' dir='ltr'>suo</span> <span class='ocrx_word' id='word_1_574' title='bbox 1617 4115 1897 4188; x_wconf 89' lang='lat' dir='ltr'>ternpore</span> <span class='ocrx_word' id='word_1_575' title='bbox 1946 4109 2026 4169; x_wconf 89' lang='lat' dir='ltr'>ad</span> <span class='ocrx_word' id='word_1_576' title='bbox 2075 4113 2383 4187; x_wconf 77' lang='lat' dir='ltr'>sumptuS.</span> <span class='ocrx_word' id='word_1_577' title='bbox 2490 4110 2550 4170; x_wconf 84' lang='lat' dir='ltr'>hi</span> <span class='ocrx_word' id='word_1_578' title='bbox 2581 4109 2705 4170; x_wconf 90' lang='lat' dir='ltr'>duo</span> <span class='ocrx_word' id='word_1_579' title='bbox 2736 4109 2966 4170; x_wconf 82' lang='lat' dir='ltr'>diversi</span> <span class='ocrx_word' id='word_1_580' title='bbox 2995 4110 3188 4171; x_wconf 90' lang='lat' dir='ltr'>modi.</span> <span class='ocrx_word' id='word_1_581' title='bbox 3243 4111 3424 4171; x_wconf 83' lang='lat' dir='ltr'>Aliud</span> <span class='ocrx_word' id='word_1_582' title='bbox 3474 4112 3638 4170; x_wconf 88' lang='lat' dir='ltr'>enim</span> <span class='ocrx_word' id='word_1_583' title='bbox 3685 4115 3779 4171; x_wconf 87' lang='lat' dir='ltr'>est</span> <span class='ocrx_word' id='word_1_584' title='bbox 3805 4114 3984 4187; x_wconf 84' lang='lat' dir='ltr'>petere</span> 
     </span>
     <span class='ocr_line' id='line_1_42' title="bbox 853 4201 3988 4282; baseline -0.001 -21"><span class='ocrx_word' id='word_1_585' title='bbox 853 4201 1085 4277; x_wconf 76' lang='lat' dir='ltr'>Tertio,</span> <span class='ocrx_word' id='word_1_586' title='bbox 1122 4202 1372 4280; x_wconf 91' lang='lat' dir='ltr'>quando</span> <span class='ocrx_word' id='word_1_587' title='bbox 1396 4203 1728 4264; x_wconf 90' lang='lat' dir='ltr'>conductio</span> <span class='ocrx_word' id='word_1_588' title='bbox 1761 4222 1887 4264; x_wconf 92' lang='lat' dir='ltr'>non</span> <span class='ocrx_word' id='word_1_589' title='bbox 1907 4202 2142 4282; x_wconf 88' lang='lat' dir='ltr'>petitur</span> <span class='ocrx_word' id='word_1_590' title='bbox 2169 4206 2238 4263; x_wconf 84' lang='lat' dir='ltr'>ut</span> <span class='ocrx_word' id='word_1_591' title='bbox 2257 4220 2393 4279; x_wconf 90' lang='lat' dir='ltr'>pre·</span> <span class='ocrx_word' id='word_1_592' title='bbox 2489 4203 2658 4263; x_wconf 89' lang='lat' dir='ltr'>aliud</span> <span class='ocrx_word' id='word_1_593' title='bbox 2687 4206 2973 4263; x_wconf 86' lang='lat' dir='ltr'>mutuum</span> <span class='ocrx_word' id='word_1_594' title='bbox 3004 4221 3114 4281; x_wconf 88' lang='lat' dir='ltr'>pro</span> <span class='ocrx_word' id='word_1_595' title='bbox 3146 4203 3369 4282; x_wconf 86' lang='lat' dir='ltr'>pretio,</span> <span class='ocrx_word' id='word_1_596' title='bbox 3403 4203 3573 4263; x_wconf 87' lang='lat' dir='ltr'>aliud</span> <span class='ocrx_word' id='word_1_597' title='bbox 3603 4221 3752 4262; x_wconf 79' lang='lat' dir='ltr'>vero</span> <span class='ocrx_word' id='word_1_598' title='bbox 3785 4209 3847 4262; x_wconf 92' lang='lat' dir='ltr'>ut</span> <span class='ocrx_word' id='word_1_599' title='bbox 3868 4218 3988 4261; x_wconf 87' lang='lat' dir='ltr'>con·</span> 
     </span>
     <span class='ocr_line' id='line_1_43' title="bbox 853 4293 3984 4374; baseline 0 -22"><span class='ocrx_word' id='word_1_600' title='bbox 853 4293 1010 4357; x_wconf 88' lang='lat' dir='ltr'>tium</span> <span class='ocrx_word' id='word_1_601' title='bbox 1040 4294 1278 4371; x_wconf 90' lang='lat' dir='ltr'>mutui,</span> <span class='ocrx_word' id='word_1_602' title='bbox 1325 4295 1434 4355; x_wconf 90' lang='lat' dir='ltr'>sed</span> <span class='ocrx_word' id='word_1_603' title='bbox 1483 4299 1551 4355; x_wconf 90' lang='lat' dir='ltr'>ut</span> <span class='ocrx_word' id='word_1_604' title='bbox 1596 4296 1870 4356; x_wconf 89' lang='lat' dir='ltr'>conditio</span> <span class='ocrx_word' id='word_1_605' title='bbox 1918 4314 2093 4356; x_wconf 90' lang='lat' dir='ltr'>mera</span> <span class='ocrx_word' id='word_1_606' title='bbox 2142 4296 2220 4354; x_wconf 86' lang='lat' dir='ltr'>ad</span> <span class='ocrx_word' id='word_1_607' title='bbox 2252 4313 2392 4355; x_wconf 90' lang='lat' dir='ltr'>mu-</span> <span class='ocrx_word' id='word_1_608' title='bbox 2487 4295 2811 4356; x_wconf 85' lang='lat' dir='ltr'>ditionem.</span> <span class='ocrx_word' id='word_1_609' title='bbox 2874 4297 3090 4355; x_wconf 85' lang='lat' dir='ltr'>Petere</span> <span class='ocrx_word' id='word_1_610' title='bbox 3147 4314 3258 4374; x_wconf 92' lang='lat' dir='ltr'>pro</span> <span class='ocrx_word' id='word_1_611' title='bbox 3314 4296 3514 4373; x_wconf 86' lang='lat' dir='ltr'>pretio</span> <span class='ocrx_word' id='word_1_612' title='bbox 3558 4295 3709 4355; x_wconf 81' lang='lat' dir='ltr'>facit</span> <span class='ocrx_word' id='word_1_613' title='bbox 3736 4309 3984 4362; x_wconf 83' lang='lat' dir='ltr'>usuram,</span> 
     </span>
     <span class='ocr_line' id='line_1_44' title="bbox 852 4386 3988 4468; baseline -0.001 -22"><span class='ocrx_word' id='word_1_614' title='bbox 852 4386 1201 4468; x_wconf 84' lang='lat' dir='ltr'>tuandum,</span> <span class='ocrx_word' id='word_1_615' title='bbox 1261 4391 1330 4447; x_wconf 90' lang='lat' dir='ltr'>ut</span> <span class='ocrx_word' id='word_1_616' title='bbox 1384 4388 1571 4465; x_wconf 88' lang='lat' dir='ltr'>paulo</span> <span class='ocrx_word' id='word_1_617' title='bbox 1624 4388 1882 4448; x_wconf 89' lang='lat' dir='ltr'>inferius</span> <span class='ocrx_word' id='word_1_618' title='bbox 1953 4387 2384 4467; x_wconf 84' lang='lat' dir='ltr'>explicabitur.</span> <span class='ocrx_word' id='word_1_619' title='bbox 2487 4405 2630 4448; x_wconf 92' lang='lat' dir='ltr'>cum</span> <span class='ocrx_word' id='word_1_620' title='bbox 2660 4390 2908 4465; x_wconf 85' lang='lat' dir='ltr'>petatur</span> <span class='ocrx_word' id='word_1_621' title='bbox 2935 4407 3125 4466; x_wconf 89' lang='lat' dir='ltr'>supra</span> <span class='ocrx_word' id='word_1_622' title='bbox 3172 4388 3438 4464; x_wconf 85' lang='lat' dir='ltr'>pretium</span> <span class='ocrx_word' id='word_1_623' title='bbox 3488 4388 3897 4466; x_wconf 68' lang='lat' dir='ltr'>aequivalens,</span> <span class='ocrx_word' id='word_1_624' title='bbox 3937 4387 3988 4443; x_wconf 83' lang='lat' dir='ltr'>ut</span> 
     </span>
     <span class='ocr_line' id='line_1_45' title="bbox 856 4478 3989 4558; baseline -0.001 -20"><span class='ocrx_word' id='word_1_625' title='bbox 856 4478 1110 4554; x_wconf 88' lang='lat' dir='ltr'>Quarto,</span> <span class='ocrx_word' id='word_1_626' title='bbox 1143 4479 1385 4540; x_wconf 89' lang='lat' dir='ltr'>ratione</span> <span class='ocrx_word' id='word_1_627' title='bbox 1417 4480 1633 4541; x_wconf 90' lang='lat' dir='ltr'>damni</span> <span class='ocrx_word' id='word_1_628' title='bbox 1662 4481 2070 4558; x_wconf 78' lang='lat' dir='ltr'>emergentiS,</span> <span class='ocrx_word' id='word_1_629' title='bbox 2103 4481 2204 4541; x_wconf 81' lang='lat' dir='ltr'>vel</span> <span class='ocrx_word' id='word_1_630' title='bbox 2233 4480 2391 4540; x_wconf 90' lang='lat' dir='ltr'>lucri</span> <span class='ocrx_word' id='word_1_631' title='bbox 2488 4480 2726 4541; x_wconf 89' lang='lat' dir='ltr'>dictum</span> <span class='ocrx_word' id='word_1_632' title='bbox 2760 4485 2853 4540; x_wconf 90' lang='lat' dir='ltr'>est</span> <span class='ocrx_word' id='word_1_633' title='bbox 2886 4500 2897 4540; x_wconf 91' lang='lat'><strong>:</strong></span> <span class='ocrx_word' id='word_1_634' title='bbox 2934 4485 3002 4540; x_wconf 92' lang='lat' dir='ltr'>ut</span> <span class='ocrx_word' id='word_1_635' title='bbox 3030 4481 3305 4541; x_wconf 88' lang='lat' dir='ltr'>conditio</span> <span class='ocrx_word' id='word_1_636' title='bbox 3327 4485 3535 4540; x_wconf 86' lang='lat' dir='ltr'>autem</span> <span class='ocrx_word' id='word_1_637' title='bbox 3570 4499 3692 4540; x_wconf 90' lang='lat' dir='ltr'>non</span> <span class='ocrx_word' id='word_1_638' title='bbox 3714 4480 3858 4539; x_wconf 85' lang='lat' dir='ltr'>facit</span> <span class='ocrx_word' id='word_1_639' title='bbox 3876 4494 3989 4537; x_wconf 73' lang='lat' dir='ltr'>usu·</span> 
     </span>
     <span class='ocr_line' id='line_1_46' title="bbox 855 4564 3985 4651; baseline -0.003 -19"><span class='ocrx_word' id='word_1_640' title='bbox 855 4572 1155 4632; x_wconf 85' lang='lat' dir='ltr'>cessantis</span> <span class='ocrx_word' id='word_1_641' title='bbox 1180 4618 1195 4648; x_wconf 94' lang='lat'>,</span> <span class='ocrx_word' id='word_1_642' title='bbox 1243 4573 1350 4651; x_wconf 84' lang='lat' dir='ltr'>qui</span> <span class='ocrx_word' id='word_1_643' title='bbox 1391 4577 1481 4633; x_wconf 89' lang='lat' dir='ltr'>est</span> <span class='ocrx_word' id='word_1_644' title='bbox 1510 4573 1724 4635; x_wconf 87' lang='lat' dir='ltr'>titulus</span> <span class='ocrx_word' id='word_1_645' title='bbox 1753 4573 2063 4651; x_wconf 86' lang='lat' dir='ltr'>generalis</span> <span class='ocrx_word' id='word_1_646' title='bbox 2113 4573 2194 4633; x_wconf 87' lang='lat' dir='ltr'>ad</span> <span class='ocrx_word' id='word_1_647' title='bbox 2244 4592 2394 4651; x_wconf 88' lang='lat' dir='ltr'>pur·</span> <span class='ocrx_word' id='word_1_648' title='bbox 2489 4591 2625 4633; x_wconf 88' lang='lat' dir='ltr'>ram</span> <span class='ocrx_word' id='word_1_649' title='bbox 2651 4592 2664 4644; x_wconf 90' lang='lat'>;</span> <span class='ocrx_word' id='word_1_650' title='bbox 2700 4572 2845 4651; x_wconf 89' lang='lat' dir='ltr'>quia</span> <span class='ocrx_word' id='word_1_651' title='bbox 2876 4572 3035 4632; x_wconf 89' lang='lat' dir='ltr'>sicut</span> <span class='ocrx_word' id='word_1_652' title='bbox 3063 4577 3241 4650; x_wconf 89' lang='lat' dir='ltr'>potes</span> <span class='ocrx_word' id='word_1_653' title='bbox 3273 4572 3434 4633; x_wconf 86' lang='lat' dir='ltr'>nolle</span> <span class='ocrx_word' id='word_1_654' title='bbox 3465 4577 3757 4632; x_wconf 88' lang='lat' dir='ltr'>mutuum</span> <span class='ocrx_word' id='word_1_655' title='bbox 3784 4571 3922 4629; x_wconf 84' lang='lat' dir='ltr'>dare</span> <span class='ocrx_word' id='word_1_656' title='bbox 3944 4564 3985 4623; x_wconf 68' lang='lat' dir='ltr'>oi</span> 
     </span>
     <span class='ocr_line' id='line_1_47' title="bbox 853 4663 3989 4746; baseline -0.002 -23"><span class='ocrx_word' id='word_1_657' title='bbox 853 4664 1131 4744; x_wconf 85' lang='lat' dir='ltr'>gandam</span> <span class='ocrx_word' id='word_1_658' title='bbox 1159 4683 1438 4727; x_wconf 89' lang='lat' dir='ltr'>usuram.</span> <span class='ocrx_word' id='word_1_659' title='bbox 2491 4685 2677 4746; x_wconf 88' lang='lat' dir='ltr'>quem</span> <span class='ocrx_word' id='word_1_660' title='bbox 2709 4665 3022 4743; x_wconf 88' lang='lat' dir='ltr'>ingratum</span> <span class='ocrx_word' id='word_1_661' title='bbox 3054 4670 3117 4726; x_wconf 90' lang='lat' dir='ltr'>et</span> <span class='ocrx_word' id='word_1_662' title='bbox 3145 4666 3470 4743; x_wconf 80' lang='lat' dir='ltr'>indignum</span> <span class='ocrx_word' id='word_1_663' title='bbox 3502 4670 3792 4744; x_wconf 79' lang='lat' dir='ltr'>expertus</span> <span class='ocrx_word' id='word_1_664' title='bbox 3819 4682 3885 4723; x_wconf 88' lang='lat' dir='ltr'>es</span> <span class='ocrx_word' id='word_1_665' title='bbox 3904 4710 3918 4737; x_wconf 88' lang='lat'>,</span> <span class='ocrx_word' id='word_1_666' title='bbox 3944 4663 3989 4718; x_wconf 85' lang='lat' dir='ltr'>et</span> 
     </span>
     <span class='ocr_line' id='line_1_48' title="bbox 938 4752 3989 4838; baseline -0.003 -20"><span class='ocrx_word' id='word_1_667' title='bbox 938 4755 1168 4818; x_wconf 91' lang='lat' dir='ltr'>Similis</span> <span class='ocrx_word' id='word_1_668' title='bbox 1216 4762 1311 4818; x_wconf 90' lang='lat' dir='ltr'>est</span> <span class='ocrx_word' id='word_1_669' title='bbox 1351 4758 1482 4818; x_wconf 84' lang='lat' dir='ltr'>fere</span> <span class='ocrx_word' id='word_1_670' title='bbox 1512 4777 1693 4819; x_wconf 89' lang='lat' dir='ltr'>casus</span> <span class='ocrx_word' id='word_1_671' title='bbox 1721 4758 1824 4818; x_wconf 89' lang='lat' dir='ltr'>ille</span> <span class='ocrx_word' id='word_1_672' title='bbox 1853 4804 1869 4835; x_wconf 92' lang='lat'>‚</span> <span class='ocrx_word' id='word_1_673' title='bbox 1921 4777 2046 4838; x_wconf 91' lang='lat' dir='ltr'>quo</span> <span class='ocrx_word' id='word_1_674' title='bbox 2100 4758 2392 4819; x_wconf 90' lang='lat' dir='ltr'>dominus</span> <span class='ocrx_word' id='word_1_675' title='bbox 2492 4758 2596 4838; x_wconf 92' lang='lat' dir='ltr'>qui</span> <span class='ocrx_word' id='word_1_676' title='bbox 2641 4758 2841 4818; x_wconf 90' lang='lat' dir='ltr'>noluit</span> <span class='ocrx_word' id='word_1_677' title='bbox 2885 4758 2996 4819; x_wconf 89' lang='lat' dir='ltr'>tibi</span> <span class='ocrx_word' id='word_1_678' title='bbox 3028 4758 3261 4836; x_wconf 87' lang='lat' dir='ltr'>petenti</span> <span class='ocrx_word' id='word_1_679' title='bbox 3291 4762 3580 4817; x_wconf 86' lang='lat' dir='ltr'>mutuare</span> <span class='ocrx_word' id='word_1_680' title='bbox 3606 4804 3621 4833; x_wconf 94' lang='lat'>,</span> <span class='ocrx_word' id='word_1_681' title='bbox 3675 4775 3814 4818; x_wconf 90' lang='lat' dir='ltr'>cum</span> <span class='ocrx_word' id='word_1_682' title='bbox 3840 4760 3908 4815; x_wconf 91' lang='lat' dir='ltr'>tu</span> <span class='ocrx_word' id='word_1_683' title='bbox 3946 4752 3989 4811; x_wconf 83' lang='lat' dir='ltr'>ei</span> 
     </span>
     <span class='ocr_line' id='line_1_49' title="bbox 854 4843 3988 4930; baseline -0.002 -19"><span class='ocrx_word' id='word_1_684' title='bbox 854 4848 992 4927; x_wconf 82' lang='lat' dir='ltr'>agri</span> <span class='ocrx_word' id='word_1_685' title='bbox 1020 4854 1267 4910; x_wconf 89' lang='lat' dir='ltr'>mutuat</span> <span class='ocrx_word' id='word_1_686' title='bbox 1294 4850 1591 4928; x_wconf 85' lang='lat' dir='ltr'>pecunias</span> <span class='ocrx_word' id='word_1_687' title='bbox 1619 4851 1919 4929; x_wconf 86' lang='lat' dir='ltr'>operariis</span> <span class='ocrx_word' id='word_1_688' title='bbox 1950 4870 2022 4911; x_wconf 89' lang='lat' dir='ltr'>eo</span> <span class='ocrx_word' id='word_1_689' title='bbox 2055 4856 2238 4929; x_wconf 84' lang='lat' dir='ltr'>pact-o</span> <span class='ocrx_word' id='word_1_690' title='bbox 2257 4898 2274 4923; x_wconf 91' lang='lat'>,</span> <span class='ocrx_word' id='word_1_691' title='bbox 2327 4856 2394 4913; x_wconf 91' lang='lat' dir='ltr'>ut</span> <span class='ocrx_word' id='word_1_692' title='bbox 2489 4850 2661 4930; x_wconf 89' lang='lat' dir='ltr'>prius</span> <span class='ocrx_word' id='word_1_693' title='bbox 2691 4854 3044 4910; x_wconf 89' lang='lat' dir='ltr'>mutuasses</span> <span class='ocrx_word' id='word_1_694' title='bbox 3069 4871 3084 4923; x_wconf 84' lang='lat'><em>;</em></span> <span class='ocrx_word' id='word_1_695' title='bbox 3131 4852 3217 4911; x_wconf 91' lang='lat' dir='ltr'>ita</span> <span class='ocrx_word' id='word_1_696' title='bbox 3246 4855 3424 4930; x_wconf 91' lang='lat' dir='ltr'>potes</span> <span class='ocrx_word' id='word_1_697' title='bbox 3453 4850 3616 4909; x_wconf 89' lang='lat' dir='ltr'>nolle</span> <span class='ocrx_word' id='word_1_698' title='bbox 3646 4856 3922 4909; x_wconf 82' lang='lat' dir='ltr'>mutuare</span> <span class='ocrx_word' id='word_1_699' title='bbox 3947 4843 3988 4904; x_wconf 83' lang='lat' dir='ltr'>ei</span> 
     </span>
     <span class='ocr_line' id='line_1_50' title="bbox 853 4942 3990 5023; baseline -0.002 -20"><span class='ocrx_word' id='word_1_700' title='bbox 853 4946 1136 5022; x_wconf 86' lang='lat' dir='ltr'>tempore</span> <span class='ocrx_word' id='word_1_701' title='bbox 1167 4944 1385 5003; x_wconf 88' lang='lat' dir='ltr'>messis</span> <span class='ocrx_word' id='word_1_702' title='bbox 1415 4942 1686 5004; x_wconf 85' lang='lat' dir='ltr'>debcant</span> <span class='ocrx_word' id='word_1_703' title='bbox 1731 4943 1866 5022; x_wconf 89' lang='lat' dir='ltr'>ejus</span> <span class='ocrx_word' id='word_1_704' title='bbox 1895 4962 2162 5003; x_wconf 82' lang='lat' dir='ltr'>messem</span> <span class='ocrx_word' id='word_1_705' title='bbox 2193 4948 2388 5003; x_wconf 85' lang='lat' dir='ltr'>mete-</span> <span class='ocrx_word' id='word_1_706' title='bbox 2491 4962 2679 5023; x_wconf 87' lang='lat' dir='ltr'>quem</span> <span class='ocrx_word' id='word_1_707' title='bbox 2707 4943 2826 5001; x_wconf 81' lang='lat' dir='ltr'>scis</span> <span class='ocrx_word' id='word_1_708' title='bbox 2856 4947 3071 5021; x_wconf 89' lang='lat' dir='ltr'>postea</span> <span class='ocrx_word' id='word_1_709' title='bbox 3101 4943 3412 5021; x_wconf 81' lang='lat' dir='ltr'>ingratum</span> <span class='ocrx_word' id='word_1_710' title='bbox 3445 4943 3723 5002; x_wconf 87' lang='lat' dir='ltr'>futurum</span> <span class='ocrx_word' id='word_1_711' title='bbox 3759 4988 3773 5017; x_wconf 94' lang='lat'>,</span> <span class='ocrx_word' id='word_1_712' title='bbox 3806 4947 3863 5000; x_wconf 85' lang='lat' dir='ltr'>et</span> <span class='ocrx_word' id='word_1_713' title='bbox 3891 4956 3990 4999; x_wconf 91' lang='lat' dir='ltr'>non</span> 
     </span>
     <span class='ocr_line' id='line_1_51' title="bbox 855 5030 3992 5115; baseline -0.004 -18"><span class='ocrx_word' id='word_1_714' title='bbox 855 5054 945 5110; x_wconf 89' lang='lat' dir='ltr'>re,</span> <span class='ocrx_word' id='word_1_715' title='bbox 979 5035 1078 5096; x_wconf 86' lang='lat' dir='ltr'>vel</span> <span class='ocrx_word' id='word_1_716' title='bbox 1106 5036 1259 5096; x_wconf 91' lang='lat' dir='ltr'>alias</span> <span class='ocrx_word' id='word_1_717' title='bbox 1290 5054 1513 5114; x_wconf 83' lang='lat' dir='ltr'>operas</span> <span class='ocrx_word' id='word_1_718' title='bbox 1542 5041 1840 5114; x_wconf 80' lang='lat' dir='ltr'>praestare</span> <span class='ocrx_word' id='word_1_719' title='bbox 1876 5055 1889 5096; x_wconf 90' lang='lat'><strong>:</strong></span> <span class='ocrx_word' id='word_1_720' title='bbox 1938 5035 2104 5115; x_wconf 88' lang='lat' dir='ltr'>quod</span> <span class='ocrx_word' id='word_1_721' title='bbox 2137 5040 2390 5114; x_wconf 89' lang='lat' dir='ltr'>pactum</span> <span class='ocrx_word' id='word_1_722' title='bbox 2489 5039 2922 5096; x_wconf 82' lang='lat' dir='ltr'>mutuaturum</span> <span class='ocrx_word' id='word_1_723' title='bbox 2954 5036 3203 5115; x_wconf 87' lang='lat' dir='ltr'>quando</span> <span class='ocrx_word' id='word_1_724' title='bbox 3251 5036 3580 5113; x_wconf 62' lang='lat' dir='ltr'>indigebis</span> <span class='ocrx_word' id='word_1_725' title='bbox 3631 5036 3698 5096; x_wconf 85' lang='lat' dir='ltr'>Si</span> <span class='ocrx_word' id='word_1_726' title='bbox 3727 5052 3866 5113; x_wconf 84' lang='lat' dir='ltr'>ergo</span> <span class='ocrx_word' id='word_1_727' title='bbox 3897 5030 3992 5091; x_wconf 84' lang='lat' dir='ltr'>scis</span> 
     </span>
     <span class='ocr_line' id='line_1_52' title="bbox 856 5125 3991 5205; baseline -0.003 -16"><span class='ocrx_word' id='word_1_728' title='bbox 856 5131 927 5190; x_wconf 87' lang='lat' dir='ltr'>ut</span> <span class='ocrx_word' id='word_1_729' title='bbox 955 5128 1033 5188; x_wconf 90' lang='lat' dir='ltr'>ab</span> <span class='ocrx_word' id='word_1_730' title='bbox 1063 5148 1252 5188; x_wconf 78' lang='lat' dir='ltr'>usura</span> <span class='ocrx_word' id='word_1_731' title='bbox 1280 5129 1605 5205; x_wconf 89' lang='lat' dir='ltr'>liberetur,</span> <span class='ocrx_word' id='word_1_732' title='bbox 1640 5129 1976 5189; x_wconf 88' lang='lat' dir='ltr'>consulunt</span> <span class='ocrx_word' id='word_1_733' title='bbox 2002 5129 2234 5189; x_wconf 88' lang='lat' dir='ltr'>Molina</span> <span class='ocrx_word' id='word_1_734' title='bbox 2266 5128 2391 5187; x_wconf 89' lang='lat' dir='ltr'>dis-</span> <span class='ocrx_word' id='word_1_735' title='bbox 2493 5148 2609 5189; x_wconf 90' lang='lat' dir='ltr'>nec</span> <span class='ocrx_word' id='word_1_736' title='bbox 2637 5129 2823 5189; x_wconf 90' lang='lat' dir='ltr'>modo</span> <span class='ocrx_word' id='word_1_737' title='bbox 2859 5129 2964 5189; x_wconf 90' lang='lat' dir='ltr'>tibi</span> <span class='ocrx_word' id='word_1_738' title='bbox 2995 5128 3154 5189; x_wconf 77' lang='lat' dir='ltr'>velle</span> <span class='ocrx_word' id='word_1_739' title='bbox 3184 5133 3474 5189; x_wconf 85' lang='lat' dir='ltr'>mutuare</span> <span class='ocrx_word' id='word_1_740' title='bbox 3516 5128 3732 5187; x_wconf 75' lang='lat' dir='ltr'>vinum</span> <span class='ocrx_word' id='word_1_741' title='bbox 3776 5144 3894 5205; x_wconf 87' lang='lat' dir='ltr'>quo</span> <span class='ocrx_word' id='word_1_742' title='bbox 3921 5125 3991 5183; x_wconf 90' lang='lat' dir='ltr'>in·</span> 
     </span>
     <span class='ocr_line' id='line_1_53' title="bbox 857 5218 3991 5300; baseline -0.003 -20"><span class='ocrx_word' id='word_1_743' title='bbox 857 5225 990 5300; x_wconf 90' lang='lat' dir='ltr'>put.</span> <span class='ocrx_word' id='word_1_744' title='bbox 1024 5224 1162 5283; x_wconf 89' lang='lat'>309.</span> <span class='ocrx_word' id='word_1_745' title='bbox 1196 5222 1251 5300; x_wconf 66' lang='grc' dir='ltr'>ς.</span> <span class='ocrx_word' id='word_1_746' title='bbox 1290 5220 1468 5283; x_wconf 77' lang='lat' dir='ltr'>Circa</span> <span class='ocrx_word' id='word_1_747' title='bbox 1494 5230 1779 5297; x_wconf 81' lang='lat' dir='ltr'>mutuum,</span> <span class='ocrx_word' id='word_1_748' title='bbox 1815 5222 1994 5283; x_wconf 88' lang='lat' dir='ltr'>Salas</span> <span class='ocrx_word' id='word_1_749' title='bbox 2022 5221 2160 5282; x_wconf 91' lang='lat' dir='ltr'>loco</span> <span class='ocrx_word' id='word_1_750' title='bbox 2202 5220 2392 5282; x_wconf 84' lang='lat' dir='ltr'>citato</span> <span class='ocrx_word' id='word_1_751' title='bbox 2494 5221 2669 5299; x_wconf 82' lang='lat' dir='ltr'>digcs</span> <span class='ocrx_word' id='word_1_752' title='bbox 2694 5267 2709 5296; x_wconf 95' lang='lat'>,</span> <span class='ocrx_word' id='word_1_753' title='bbox 2768 5221 2999 5299; x_wconf 86' lang='lat' dir='ltr'>poteris</span> <span class='ocrx_word' id='word_1_754' title='bbox 3042 5222 3288 5300; x_wconf 79' lang='lat' dir='ltr'>ingrato</span> <span class='ocrx_word' id='word_1_755' title='bbox 3337 5221 3500 5280; x_wconf 88' lang='lat' dir='ltr'>nolle</span> <span class='ocrx_word' id='word_1_756' title='bbox 3552 5224 3836 5280; x_wconf 85' lang='lat' dir='ltr'>mutuare</span> <span class='ocrx_word' id='word_1_757' title='bbox 3891 5218 3991 5276; x_wconf 84' lang='lat' dir='ltr'>fru-</span> 
     </span>
     <span class='ocr_line' id='line_1_54' title="bbox 855 5305 3990 5392; baseline -0.004 -17"><span class='ocrx_word' id='word_1_758' title='bbox 855 5333 998 5375; x_wconf 90' lang='lat' dir='ltr'>cum</span> <span class='ocrx_word' id='word_1_759' title='bbox 1026 5316 1305 5390; x_wconf 75' lang='lat' dir='ltr'>BanneS,</span> <span class='ocrx_word' id='word_1_760' title='bbox 1342 5315 1592 5376; x_wconf 90' lang='lat' dir='ltr'>Salonio</span> <span class='ocrx_word' id='word_1_761' title='bbox 1614 5361 1629 5390; x_wconf 91' lang='lat'>,</span> <span class='ocrx_word' id='word_1_762' title='bbox 1663 5319 1725 5377; x_wconf 88' lang='lat' dir='ltr'>et</span> <span class='ocrx_word' id='word_1_763' title='bbox 1752 5315 1889 5376; x_wconf 86' lang='lat' dir='ltr'>aliis</span> <span class='ocrx_word' id='word_1_764' title='bbox 1919 5319 2138 5375; x_wconf 89' lang='lat' dir='ltr'>contra</span> <span class='ocrx_word' id='word_1_765' title='bbox 2168 5317 2386 5376; x_wconf 92' lang='lat' dir='ltr'>Sotum</span> <span class='ocrx_word' id='word_1_766' title='bbox 2492 5318 2774 5374; x_wconf 71' lang='lat' dir='ltr'>mentum</span> <span class='ocrx_word' id='word_1_767' title='bbox 2807 5313 2974 5391; x_wconf 88' lang='lat' dir='ltr'>quod</span> <span class='ocrx_word' id='word_1_768' title='bbox 3008 5313 3189 5390; x_wconf 88' lang='lat' dir='ltr'>petit,</span> <span class='ocrx_word' id='word_1_769' title='bbox 3244 5332 3368 5392; x_wconf 89' lang='lat' dir='ltr'>quo</span> <span class='ocrx_word' id='word_1_770' title='bbox 3399 5331 3548 5373; x_wconf 80' lang='lat' dir='ltr'>casu</span> <span class='ocrx_word' id='word_1_771' title='bbox 3575 5317 3860 5372; x_wconf 87' lang='lat' dir='ltr'>mutuum</span> <span class='ocrx_word' id='word_1_772' title='bbox 3887 5305 3990 5369; x_wconf 75' lang='lat' dir='ltr'>vini</span> 
     </span>
     <span class='ocr_line' id='line_1_55' title="bbox 857 5403 3992 5487; baseline -0.002 -20"><span class='ocrx_word' id='word_1_773' title='bbox 857 5423 943 5467; x_wconf 77' lang='lat' dir='ltr'>vl.</span> <span class='ocrx_word' id='word_1_774' title='bbox 978 5405 1311 5467; x_wconf 74' lang='lat' dir='ltr'>delustitia</span> <span class='ocrx_word' id='word_1_775' title='bbox 1358 5427 1465 5487; x_wconf 83' lang='lat' dir='ltr'>qu.</span> <span class='ocrx_word' id='word_1_776' title='bbox 1500 5424 1544 5468; x_wconf 92' lang='lat'>1.</span> <span class='ocrx_word' id='word_1_777' title='bbox 1588 5412 1704 5469; x_wconf 87' lang='lat' dir='ltr'>art.</span> <span class='ocrx_word' id='word_1_778' title='bbox 1740 5412 1798 5468; x_wconf 77' lang='lat'>2.</span> <span class='ocrx_word' id='word_1_779' title='bbox 1852 5414 1921 5469; x_wconf 90' lang='lat' dir='ltr'>ut</span> <span class='ocrx_word' id='word_1_780' title='bbox 1961 5408 2227 5487; x_wconf 90' lang='lat' dir='ltr'>pecunia</span> <span class='ocrx_word' id='word_1_781' title='bbox 2263 5426 2386 5467; x_wconf 91' lang='lat' dir='ltr'>non</span> <span class='ocrx_word' id='word_1_782' title='bbox 2489 5426 2612 5467; x_wconf 90' lang='lat' dir='ltr'>non</span> <span class='ocrx_word' id='word_1_783' title='bbox 2643 5405 3022 5485; x_wconf 87' lang='lat' dir='ltr'>estpretium</span> <span class='ocrx_word' id='word_1_784' title='bbox 3051 5406 3160 5466; x_wconf 91' lang='lat' dir='ltr'>sed</span> <span class='ocrx_word' id='word_1_785' title='bbox 3180 5406 3672 5485; x_wconf 78' lang='lat' dir='ltr'>experimentum</span> <span class='ocrx_word' id='word_1_786' title='bbox 3704 5404 3783 5465; x_wconf 88' lang='lat' dir='ltr'>ad</span> <span class='ocrx_word' id='word_1_787' title='bbox 3803 5403 3992 5463; x_wconf 77' lang='lat' dir='ltr'>viden·</span> 
     </span>
    </p>
   </div>
   <div class='ocr_carea' id='block_1_3' title="bbox 857 5498 3696 5582">
    <p class='ocr_par' dir='ltr' id='par_1_3' title="bbox 857 5498 3696 5582">
     <span class='ocr_line' id='line_1_56' title="bbox 857 5498 3696 5582; baseline 0.001 -25"><span class='ocrx_word' id='word_1_788' title='bbox 857 5498 1041 5573; x_wconf 78' lang='lat' dir='ltr'>detur</span> <span class='ocrx_word' id='word_1_789' title='bbox 1066 5504 1285 5559; x_wconf 89' lang='lat' dir='ltr'>mutuo</span> <span class='ocrx_word' id='word_1_790' title='bbox 1310 5546 1325 5576; x_wconf 90' lang='lat'>,</span> <span class='ocrx_word' id='word_1_791' title='bbox 1367 5499 1478 5561; x_wconf 90' lang='lat' dir='ltr'>sed</span> <span class='ocrx_word' id='word_1_792' title='bbox 1526 5519 1600 5561; x_wconf 89' lang='lat' dir='ltr'>ex</span> <span class='ocrx_word' id='word_1_793' title='bbox 1631 5520 1797 5562; x_wconf 89' lang='lat' dir='ltr'>nunc</span> <span class='ocrx_word' id='word_1_794' title='bbox 1827 5501 2117 5561; x_wconf 89' lang='lat' dir='ltr'>dominus</span> <span class='ocrx_word' id='word_1_795' title='bbox 2149 5502 2386 5562; x_wconf 90' lang='lat' dir='ltr'>condu-</span> <span class='ocrx_word' id='word_1_796' title='bbox 2489 5501 2662 5582; x_wconf 85' lang='lat' dir='ltr'>dum,</span> <span class='ocrx_word' id='word_1_797' title='bbox 2697 5518 2777 5559; x_wconf 88' lang='lat' dir='ltr'>an</span> <span class='ocrx_word' id='word_1_798' title='bbox 2806 5498 2869 5558; x_wconf 90' lang='lat' dir='ltr'>in</span> <span class='ocrx_word' id='word_1_799' title='bbox 2901 5498 3218 5579; x_wconf 84' lang='lat' dir='ltr'>ingratum</span> <span class='ocrx_word' id='word_1_800' title='bbox 3246 5499 3564 5560; x_wconf 85' lang='lat' dir='ltr'>beneficus</span> <span class='ocrx_word' id='word_1_801' title='bbox 3592 5498 3696 5559; x_wconf 84' lang='lat' dir='ltr'>sis.</span> 
     </span>
    </p>
   </div>
   <div class='ocr_carea' id='block_1_4' title="bbox 4126 111 4149 6053">
    <p class='ocr_par' dir='ltr' id='par_1_4' title="bbox 4126 111 4149 6053">
     <span class='ocr_line' id='line_1_57' title="bbox 4126 111 4149 6053; baseline 0 0"><span class='ocrx_word' id='word_1_802' title='bbox 4126 111 4149 6053; x_wconf 95' lang='lat' dir='ltr'> </span> 
     </span>
    </p>
   </div>
  </div>
 </body>
</html>
