4263 6376
1192 324 1660 385 DISPUTATIO
1705 323 1978 398 xxxm,
2025 322 2301 384 SEGTIO
2343 322 2418 383 11.
3248 318 3367 380 555

236 497 413 560 semel
436 497 638 577 posita
660 544 675 575 ,
725 502 787 560 et
831 517 1023 579 quam
1069 500 1276 563 neutri
1308 504 1598 562 auctores
1628 518 1739 561 ne-

236 595 405 671 gant,
437 608 655 668 parum
683 588 1063 655 discriminis
1104 593 1169 653 in
1199 593 1374 672 praxi
1407 612 1541 653 esse
1570 599 1741 672 pote-

235 684 308 745 rit
334 703 349 744 :
400 684 545 761 quia
570 684 786 762 positis
829 685 1075 746 duobus
1100 732 1116 762 ,
1168 704 1436 765 quorum
1465 686 1624 747 alter
1650 689 1744 745 est

235 777 442 855 dignus
468 776 622 837 alter
649 777 928 856 dignior,
962 796 1041 838 an
1072 778 1173 838 ille
1201 797 1391 857 quem
1421 779 1577 839 dicis
1605 796 1741 839 esso

235 870 476 947 dignum
503 869 583 930 sit
609 870 748 931 talis
769 916 785 947 ,
834 875 902 932 ut
929 889 1004 933 eo
1034 872 1231 933 electo
1255 918 1273 946 ,
1325 872 1741 934 communitas

234 981 347 1023 non
372 962 641 1039 patiatur
658 963 1104 1025 detrimentum
1131 964 1195 1023 in
1217 964 1436 1024 ordine
1457 964 1537 1025 ad
1557 982 1739 1025 suum

232 1055 447 1116 finem?
474 1055 541 1115 Si
568 1054 735 1113 enim
763 1055 905 1115 talis
930 1060 1063 1131 est,
1097 1057 1204 1117 illa
1230 1055 1435 1136 major
1465 1056 1740 1135 dignitas

234 1147 466 1208 alterius
494 1147 743 1208 videtur
787 1166 902 1226 per
944 1148 1240 1210 accidens
1279 1168 1346 1210 se
1395 1149 1629 1210 babere
1658 1148 1740 1209 ad

232 1239 339 1299 hoc
375 1243 441 1299 ut
465 1239 695 1300 debeat
726 1240 1043 1318 praeferri;
1092 1260 1238 1302 nam
1267 1242 1316 1301 si
1346 1242 1520 1321 prior
1549 1242 1741 1302 habet

231 1335 451 1398 tantam
474 1332 803 1394 scientiam
833 1338 898 1393 et
922 1333 1209 1412 peritiam
1233 1379 1249 1409 ,
1291 1353 1351 1394 v.
1385 1353 1483 1412 gr.
1519 1338 1587 1395 ut
1613 1352 1739 1396 non

228 1423 300 1486 sit
323 1424 664 1501 periculum
694 1443 981 1486 errorum
1008 1426 1073 1486 in
1092 1445 1206 1487 suo
1230 1426 1436 1488 officio
1458 1426 1538 1487 ob
1566 1427 1739 1504 igno-

227 1515 477 1577 rantiam
494 1562 511 1593 ,
560 1516 670 1577 illa
693 1516 899 1596 major
927 1517 1216 1579 doctrina
1244 1523 1308 1579 et
1336 1518 1560 1596 peritia
1585 1519 1739 1581 alte-

227 1608 342 1668 rius
361 1653 378 1684 ,
411 1608 560 1670 iicet
586 1609 813 1671 reddat
839 1609 1014 1670 illum
1043 1616 1261 1689 aptum
1289 1611 1371 1672 ad
1397 1610 1570 1671 aliud
1599 1611 1735 1671 offi-

227 1700 376 1761 cium
402 1700 716 1763 difficilius
738 1751 754 1779 ,
809 1702 981 1782 quod
1021 1703 1415 1765 subtiliorem
1445 1708 1509 1765 et
1530 1703 1736 1783 majo-

225 1811 345 1856 rem
389 1793 738 1856 doctrinam
780 1795 1011 1873 exigit,
1070 1814 1197 1857 non
1248 1801 1459 1858 tamen
1489 1796 1739 1857 videtur

224 1884 469 1948 reddere
495 1887 675 1947 illum
703 1887 1012 1966 aptiorem
1054 1889 1135 1950 ad
1167 1888 1286 1949 hoc
1314 1888 1589 1950 officium
1607 1934 1623 1965 ,
1656 1888 1738 1948 ad

226 1978 376 2058 quod
420 1978 521 2039 ille
550 1979 852 2041 doctrina}
901 1999 1189 2042 excessus
1233 1981 1389 2041 nihil
1418 1981 1732 2044 conducit.

224 2070 281 2131 Si
305 2075 509 2132 autem
555 2072 659 2132 ille
706 2073 880 2151 prior
922 2074 1003 2135 ob
1048 2075 1358 2135 minorem
1387 2074 1736 2135 doctrinam

224 2180 395 2241 quam
426 2163 636 2242 habet,
668 2165 749 2225 sit
777 2165 840 2225 in
860 2166 1140 2244 periculo
1163 2167 1415 2228 errandi
1433 2166 1599 2228 circa
1619 2167 1738 2227 hoc

224 2255 502 2333 officium,
529 2255 666 2335 jam
693 2276 768 2318 eo
796 2258 932 2337 ipso
966 2277 1092 2319 non
1121 2265 1218 2320 est
1246 2260 1476 2338 dignus
1503 2260 1736 2340 simpli-

221 2347 378 2423 citer,
402 2366 519 2409 nec
538 2349 686 2428 eligi
705 2349 937 2428 poterit
955 2350 1074 2411 nisi
1094 2351 1154 2410 in
1178 2351 1426 2414 defectu
1452 2353 1731 2430 alteriuS,

220 2441 315 2518 qui
338 2442 643 2520 majorem
672 2442 1022 2504 doctrinam
1069 2448 1132 2505 et
1176 2445 1467 2522 peritiam
1497 2446 1732 2507 habere

212 2534 412 2611 possit·
447 2534 628 2597 Unde
657 2534 844 2596 credo
868 2582 885 2612 ‚
947 2535 1175 2614 saepius
1221 2536 1285 2597 in
1313 2538 1487 2616 praxi
1528 2539 1736 2618 decipi

218 2625 501 2687 electores
521 2626 873 2706 judicando
910 2628 1087 2688 illum
1117 2647 1252 2691 esse
1284 2630 1577 2709 dignum,
1624 2633 1733 2711 qui

216 2737 419 2780 revera
465 2738 597 2781 non
636 2725 731 2782 est
771 2720 1137 2799 simpliciter
1188 2722 1416 2801 dignus
1440 2769 1455 2800 ‚
1515 2725 1629 2784 sed
1669 2725 1734 2785 in

216 2816 443 2873 tantum
472 2812 623 2892 eligi
651 2816 902 2891 posset,
952 2814 1018 2873 in
1049 2819 1353 2892 quantum
1399 2834 1525 2878 non
1564 2816 1734 2877 inve-

216 2905 369 2965 nitur
396 2905 555 2966 alius
582 2905 695 2984 qui
723 2924 871 2966 vere
900 2907 982 2968 sit
1007 2907 1235 2986 dignus
1271 2928 1284 2970 :
1319 2909 1400 2969 ad
1430 2929 1616 2990 quem
1644 2910 1734 2969 in·

214 2997 581 3058 veniendum
613 2997 873 3060 deberet
910 3000 1142 3078 apponi
1178 2999 1384 3082 maJ‘or
1410 3002 1735 3080 diligentia

214 3108 340 3168 quae
367 3089 733 3169 frequenter
778 3091 858 3151 ab
906 3091 1281 3153 electoribus
1309 3111 1433 3153 non
1463 3095 1692 3155 adhibe
1713 3129 1734 3139 ·

212 3187 334 3256 tur;
365 3182 475 3244 sed
508 3183 750 3262 eligunt
778 3202 852 3243 ex
881 3183 1003 3245 illis
1034 3203 1190 3265 quos
1225 3185 1441 3248 obvios
1472 3186 1726 3266 habent,

210 3273 266 3335 in
292 3276 514 3355 quibus
543 3276 805 3340 fortasse
848 3296 976 3339 non
1006 3279 1317 3341 invenitur
1364 3279 1733 3359 simpliciter

209 3368 465 3447 dignus,
522 3370 635 3430 sed
663 3370 867 3433 solum
897 3371 1102 3433 minus
1150 3372 1477 3451 indignuS,
1539 3392 1730 3452 quam

207 3463 403 3525 caeteri
428 3463 539 3543 qui
573 3462 746 3525 idem
778 3464 1059 3527 officium
1087 3465 1373 3529 ambiunt
1396 3467 1570 3545 apud
1600 3468 1726 3531 eie-

208 3561 423 3619 ctores.

276 3648 448 3711 Dices
468 3694 488 3725 ,
551 3648 699 3710 binc
740 3649 917 3728 sequi
939 3694 959 3725 ,
1021 3668 1225 3729 neque
1279 3651 1344 3711 in
1394 3670 1724 3731 concursu,

151 3800 163 3826 ‚
203 3741 438 3818 quando
456 3741 791 3820 propositis
809 3741 1028 3804 edictis
1049 3733 1374 3821 vocantur,
1408 3763 1542 3807 esse
1578 3747 1731 3807 obli-

200 3833 506 3910 gationem
546 3833 818 3913 eligendi
863 3833 1066 3913 magis
1121 3836 1378 3898 doctum
1412 3843 1520 3899 aut
1560 3840 1728 3917 peri-

202 3929 343 4002 tum,
375 3925 526 4005 quia
550 3926 607 3987 si
632 3926 735 3987 ille
760 3926 926 3987 alius
951 3927 1161 3989 minus
1190 3929 1413 3990 doctus
1438 3930 1630 3993 habet
1659 3932 1723 3993 id

200 4018 358 4097 quod
389 4018 627 4080 sufficit
664 4019 745 4080 ad
791 4018 914 4080 hoc
954 4019 1263 4097 officium,
1315 4021 1450 4101 ⁴jam
1498 4024 1617 4085 erit
1644 4024 1726 4085 ad

196 4110 335 4171 illud
363 4130 544 4191 aeque
579 4111 807 4190 dignus
827 4130 902 4172 ac
930 4112 1033 4172 ille
1062 4113 1220 4173 alius
1247 4115 1450 4193 magis
1479 4115 1721 4192 doctus,

194 4201 328 4266 licet
352 4204 434 4265 ad
461 4204 634 4267 aliud
655 4223 884 4265 munus
906 4205 1194 4284 superius
1214 4224 1335 4266 non
1360 4208 1439 4269 sit
1456 4207 1718 4287 dignus:

193 4315 257 4356 ex
286 4298 532 4361 duobus
557 4302 775 4363 autem
805 4316 985 4378 aeque
1017 4298 1223 4378 dignis
1252 4301 1485 4378 poterit
1506 4302 1721 4379 procul

192 4388 370 4452 dubio
398 4392 637 4452 elector
666 4409 853 4470 quem
883 4391 1152 4455 voluerit
1179 4392 1412 4472 eligere
1441 4394 1631 4455 etiam
1655 4394 1720 4455 in

190 4499 489 4545 concursu
514 4529 530 4560 ,
582 4488 654 4546 ut
693 4488 957 4546 constat.
1019 4485 1392 4563 Respondeo
1423 4487 1716 4565 negando

190 4577 536 4655 sequelam;
588 4577 654 4638 in
701 4594 1008 4637 concursu
1047 4577 1214 4638 enim
1245 4596 1321 4638 ex
1349 4579 1585 4657 duplici
1614 4598 1720 4640 ca-

187 4668 304 4744 pite
330 4673 626 4731 tenentur
668 4670 972 4732 electores
1020 4670 1100 4730 ad
1145 4670 1503 4749 eligendum
1528 4716 1544 4748 ,
1595 4671 1718 4734 hoc

186 4766 270 4821 est
290 4806 306 4836 ,
337 4780 465 4822 non
496 4762 701 4826 solum
723 4808 739 4839 ,
775 4766 843 4824 ut
879 4764 1314 4825 communitati
1341 4764 1718 4842 provideant

184 4852 255 4912 de
308 4855 596 4917 ministro
663 4855 855 4933 digno
889 4901 905 4932 ,
980 4861 1043 4916 et
1096 4875 1210 4936 per
1265 4857 1712 4936 obligationem

182 4963 323 5023 erga
364 4948 904 5026 communitatem,
958 4951 1070 5011 scd
1120 4951 1311 5011 etiam
1358 4969 1430 5010 ex
1475 4950 1710 5029 obliga-

180 5039 338 5103 tione
368 5060 522 5120 erga
550 5048 995 5106 concurrentes
1019 5090 1035 5120 ,
1095 5044 1322 5123 quibus
1364 5064 1477 5123 per
1506 5044 1710 5106 edicta

179 5135 528 5196 convocatis
558 5137 946 5214 propositum
989 5141 1084 5197 est
1128 5136 1405 5197 officium
1456 5141 1525 5198 ut
1552 5155 1706 5214 prae-

176 5226 363 5287 mium
410 5228 685 5306 digniori
728 5229 1153 5290 tribuendum.
1213 5230 1313 5291 Ad
1359 5229 1529 5308 quod
1579 5248 1706 5291 non

176 5319 513 5381 attenditur
537 5321 743 5382 solum
771 5321 1010 5382 bonum
1038 5322 1538 5399 communitatis,
1590 5323 1702 5383 sed

175 5411 355 5473 etiam
381 5414 648 5475 materia
676 5415 1067 5493 singulorum
1095 5460 1112 5491 ,
1166 5436 1307 5495 quae
1342 5415 1491 5477 licet
1516 5434 1701 5481 exce-

174 5503 320 5567 dant
369 5505 435 5566 in
483 5506 692 5587 aliquo
738 5507 802 5567 id
850 5507 1021 5588 quod
1067 5508 1408 5587 requiritur
1450 5507 1532 5569 ad
1577 5508 1700 5571 tale

1842 498 2150 575 officium,
2187 498 2376 560 debet
2401 500 2610 560 tamen
2638 496 2741 558 ille
2768 511 3058 558 excessus
3081 492 3371 555 conside—

1840 592 1968 652 rari
1996 592 2057 651 in
2085 591 2497 653 retributione
2519 589 2791 670 praemii;
2826 592 2894 650 ut
2909 586 3136 667 majori
3157 585 3371 647 virtuti

1840 684 2046 763 majus
2072 684 2402 764 praemium
2430 682 2940 762 correspondeat.

1923 777 2212 839 Secundo
2255 781 2547 840 tenentur
2601 778 2750 838 tunc
2797 775 3098 838 electores
3139 771 3369 851 eligere

1842 870 2209 946 doctiorem,
2242 889 2302 930 v.
2327 888 2389 947 g.
2415 869 2564 947 quia
2591 868 2736 930 licet
2763 871 3029 945 uterque
3055 865 3373 944 pertingat

1842 962 1919 1022 ad
1950 962 2221 1041 gradum
2263 960 2583 1040 dignitatis
2611 960 2718 1039 qui
2743 958 3089 1038 requiritur
3109 1003 3126 1033 ,
3181 961 3252 1022 ut
3271 975 3371 1020 sa-

1838 1055 2029 1118 tisfiat
2043 1054 2480 1118 communitati
2499 1074 2516 1127 ;
2551 1053 2654 1113 ille
2673 1058 2887 1117 tamen
2906 1050 3150 1116 doctior
3163 1049 3372 1114 utilior

1840 1152 1935 1210 est
1962 1147 2081 1227 ipsi
2109 1148 2300 1210 etiam
2327 1146 2791 1219 communitati,
2828 1149 3021 1224 atque
3051 1143 3208 1206 adeo
3235 1159 3372 1204 ma-

1838 1240 1935 1319 gis
1965 1240 2192 1319 dignus
2213 1240 2403 1303 etiam
2432 1240 2494 1300 in
2527 1239 2744 1324 ord—ine
2775 1238 2856 1298 ad
2884 1236 3036 1300 illud
3056 1235 3365 1297 officium:

1838 1332 2009 1412 quod
2028 1333 2320 1410 provenit
2336 1352 2411 1396 ex
2427 1332 2666 1411 duplici
2677 1331 2870 1395 etiem
2888 1330 3113 1408 eapite.
3134 1327 3365 1402 Priame,

1840 1425 1987 1504 quia
2028 1425 2180 1487 licet
2225 1425 2330 1486 ille
2359 1424 2532 1503 prior
2549 1424 2763 1488 minus
2791 1423 3012 1488 doctus
3041 1420 3237 1500 possit
3263 1437 3370 1486 oe-

1837 1536 2089 1580 currere
2118 1517 2737 1594 inconvenientibus,
2785 1522 2851 1582 et
2872 1515 3167 1595 periculis
3203 1512 3372 1581 eima

1839 1610 2202 1672 exercitium
2233 1611 2371 1672 talis
2399 1610 2713 1686 muneris,
2760 1614 2822 1675 et
2860 1608 3002 1672 ideo
3033 1607 3113 1672 sit
3140 1605 3371 1685 simpli-

1839 1703 1993 1763 citer
2016 1703 2279 1781 dignus3
2320 1703 2425 1762 ille
2451 1705 2664 1774 tamen
2698 1701 3009 1780 posterior
3035 1700 3147 1780 qui
3173 1699 3369 1777 majo·

1834 1814 1971 1856 rem
2002 1795 2392 1872 doctrinam,
2427 1795 2851 1872 vigilantiam,
2885 1792 3367 1871 providentiam,

1838 1887 1936 1948 vel
1959 1887 2416 1967 experientiam
2458 1887 2681 1963 habet,
2742 1904 2864 1947 non
2905 1886 3116 1950 :solum
3145 1882 3375 1963 poterit

1838 1998 2166 2042 occurrere
2193 1980 2511 2059 periculis,
2537 1998 2738 2059 eaque
2766 1977 3113 2055 vitare,sed
3139 1976 3373 2055 poterit

1839 2073 2028 2136 etiam
2082 2073 2347 2136 ulterius
2385 2091 2550 2133 nova
2607 2072 2936 2134 commoda
2977 2075 3048 2136 et
3099 2070 3372 2148 majores

1838 2165 2137 2227 utilitates
2165 2164 2596 2227 communitati
2626 2167 2886 2241 afferre,
2920 2183 2979 2226 v.
3012 2182 3109 2242 gr.
3144 2163 3197 2224 si
3221 2179 3374 2240 aga·

1833 2263 1937 2319 tur
1952 2258 2029 2320 de
2049 2257 2339 2338 eligendo
2359 2258 2777 2337 gubernatore
2799 2256 2992 2334 urbis,
3017 2256 3121 2322 hie
3141 2273 3371 2320 secun-

1837 2352 1954 2412 dus
1983 2369 2107 2411 non
2138 2351 2337 2411 solum
2371 2351 2600 2430 poterit
2627 2350 2965 2430 impedire,
3027 2366 3104 2416 ne
3129 2348 3371 2416 seelera

1834 2444 2007 2519 fiant,
2039 2462 2119 2503 ne
2148 2443 2343 2521 iniqui
2373 2443 2631 2522 impune
2657 2447 3043 2522 grassentur.
3072 2460 3156 2505 ne
3179 2441 3249 2508 ‚in
3271 2442 3370 2519 ju·

1836 2535 1997 2597 dicio
2026 2536 2167 2597 lites
2188 2541 2405 2598 contra
2425 2535 2529 2615 jus
2550 2535 2947 2610 dirimantur,
2981 2538 3045 2599 et
3063 2534 3186 2599 alia
3203 2533 3370 2601 simi-

1834 2629 1918 2688 lia
1939 2673 1955 2704 ,
2016 2646 2156 2707 quae
2197 2629 2279 2689 ad
2306 2646 2530 2707 pacem
2555 2629 2878 2708 politicam
2902 2627 3180 2692 civitatis
3227 2644 3369 2705 epe-

1835 2724 2026 2796 ctant,
2058 2721 2171 2783 sed
2201 2722 2390 2786 etiam
2421 2722 2678 2788 ulterius
2719 2721 3067 2800 sagacitate
3097 2724 3162 2785 et
3185 2719 3370 2784 indo-

1830 2814 1984 2875 stria
2037 2833 2152 2876 sua
2193 2814 2581 2893 providebit,
2635 2814 2959 2894 quomodo
3009 2812 3370 2893 respublica

1834 2906 2000 2968 circa
2028 2906 2263 2968 victum
2303 2911 2365 2968 et
2409 2907 2532 2972 alia
2589 2907 2942 2974 necessaria
2987 2924 3118 2970 non
3165 2905 3368 2970 solum

1833 2998 2097 3077 penuria
2138 3018 2262 3060 non
2291 3000 2573 3076 laboret,
2624 3000 2735 3064 sed
2777 3000 2970 3072 etiam
3011 2998 3263 3078 copiam
3305 3002 3371 3062 et

1833 3092 2286 3154 abundantiam
2315 3092 2878 3156 extraordinariam
2906 3091 3174 3168 habeat,
3203 3109 3368 3157 mer·

1833 3184 2009 3245 cibus
2064 3188 2127 3247 et
2172 3184 2327 3247 cibis
2359 3205 2476 3250 suo
2527 3192 2812 3266 tempore
2865 3186 2976 3249 vili
3031 3184 3231 3265 pretio
3282 3184 3368 3249 de

1833 3277 2018 3356 longe
2049 3280 2496 3358 comportatis;
2547 3281 2790 3344 artibus
2832 3280 3026 3345 etiam
3069 3279 3203 3345 suis
3231 3297 3370 3343 mo-

1833 3370 1983 3430 dum
2012 3370 2329 3449 inveniet,
2392 3391 2517 3451 quo
2545 3373 2782 3439 civium
2812 3390 3111 3438 numenus
3139 3389 3369 3450 augea-

1831 3468 1971 3539 tur,
2023 3483 2148 3543 quo
2180 3469 2346 3527 artes
2375 3472 2439 3526 et
2463 3466 2794 3530 facultates
2822 3484 3040 3531 omnes
3074 3467 3362 3541 floreant,

1831 3561 1895 3617 et
1920 3557 2142 3621 civitas
2169 3558 2472 3623 reddatur
2500 3559 2563 3622 in
2593 3560 2727 3620 dies
2747 3559 3085 3639 gloriosior
3114 3558 3368 3623 etlocu-

1831 3649 2074 3727 pletior.
2110 3652 2270 3712 Ecce
2301 3652 2617 3730 quomodo
2639 3653 2748 3713 ille
2777 3671 3087 3725 excessuS,
3118 3650 3229 3731 qui
3257 3668 3364 3713 ne·

1830 3742 2137 3803 cessar-ius
2165 3762 2292 3804 non
2322 3749 2477 3820 erat,
2513 3748 2581 3806 ut
2603 3745 2841 3807 electus
2871 3747 3037 3808 esset
3064 3743 3365 3823 simplici-

1826 3838 1921 3895 ter
1949 3835 2178 3914 dignus
2201 3882 2217 3911 ,
2277 3836 2504 3898 debeat
2544 3842 2755 3900 tamen
2784 3836 3057 3913 attendi,
3107 3836 3364 3915 quando

1828 3931 1924 3988 est
1951 3928 2250 4005 obligatio
2282 3929 2633 4008 digniorem
2662 3930 2959 4008 eligendi.

1908 4023 2145 4081 Rursus
2173 4039 2248 4080 ex
2278 4022 2396 4082 alio
2415 4022 2692 4085 secundo
2728 4022 2930 4102 capite
2961 4021 3103 4087 fieri
3132 4025 3359 4101 potest,

1825 4112 1996 4191 quod
2025 4112 2271 4175 doctior
2297 4114 2400 4173 ille
2433 4115 2644 4177 utilior
2659 4115 2740 4177 sit
2768 4116 2848 4175 ad
2877 4115 3030 4178 illud
3053 4115 3359 4191 officium,

1824 4206 1972 4284 quia
1999 4205 2296 4266 nimirum
2323 4207 2427 4271 ille
2457 4208 2612 4269 alius
2642 4208 2834 4287 prior,
2862 4209 3010 4275 licet
3028 4208 3255 4288 dignus
3270 4227 3363 4271 es·-

1821 4304 1954 4375 set,
2011 4300 2158 4378 quia
2185 4299 2379 4362 habet
2406 4300 2755 4387 dpctrinam
2786 4307 2848 4363 et
2874 4302 3167 4381 peritiam
3193 4302 3365 4363 suffi-

1821 4391 2087 4453 cientem
2108 4438 2126 4468 ,
2184 4397 2251 4454 ut
2280 4394 2477 4456 vitare
2525 4395 2723 4474 possit
2749 4394 3252 4461 inconvenientia
3300 4399 3365 4456 et

1817 4483 2096 4563 pericula
2123 4487 2542 4547 communiter
2564 4487 2975 4564 occurrentia,
3001 4492 3189 4568 atque
3213 4487 3358 4548 ideo

1816 4576 2042 4637 morali
2085 4577 2274 4639 modo
2322 4579 2682 4642 satisfacere
2713 4581 2910 4659 possit
2933 4599 3048 4642 suo
3077 4581 3354 4653 muneri;

1815 4689 1941 4731 non
1971 4673 2184 4730 tamen
2211 4671 2478 4735 sufficiet
2517 4673 2598 4733 ad
2629 4673 2882 4735 vitanda
2930 4673 3050 4734 alia
3079 4674 3358 4752 pericula

1815 4768 1878 4825 et
1903 4762 2410 4825 inconvenientia
2438 4765 2762 4828 subtiliora
2787 4812 2803 4842 ,
2839 4784 2978 4845 quae
3006 4771 3217 4828 tamen
3248 4786 3355 4845 po-

1812 4855 2036 4915 sterior
2061 4853 2287 4934 majori
2317 4858 2656 4935 sagacitate
2686 4864 2749 4921 et
2763 4858 3046 4921 doctrina
3073 4877 3199 4938 qua
3221 4859 3356 4938 pol-

1809 4948 1919 5025 let,
1955 4945 2152 5007 vitare
2184 4948 2431 5025 poterit.
2483 4951 2780 5022 Quamvis
2807 4969 2983 5029 ergo,
3016 4970 3221 5029 perse
3266 4951 3354 5011 lo-

1811 5038 2082 5120 quendO,
2105 5038 2340 5100 elector
2362 5042 2563 5103 solum
2591 5043 2852 5104 deberet
2877 5043 3205 5122 providere
3231 5044 3351 5102 mi-

1808 5133 2075 5193 nistrum
2096 5176 2113 5207 ,
2168 5132 2274 5210 qui
2319 5135 2599 5212 pericula
2625 5141 2687 5196 et
2714 5135 3220 5198 inconvenientia
3243 5154 3343 5198 or-

1807 5224 2053 5287 dinaria
2072 5224 2380 5304 impedire
2419 5228 2646 5306 possit;
2705 5228 2768 5289 in
2800 5246 3104 5293 concursu
3129 5234 3346 5291 tamen

1805 5320 1905 5380 vel
1933 5316 2184 5396 quando
2215 5318 2466 5380 aliunde
2494 5324 2588 5383 cst
2613 5320 2910 5399 obligatio
2941 5320 3214 5399 eligendi
3249 5320 3343 5382 di·

1798 5412 2090 5493 gniorem
2112 5453 2131 5486 ,
2178 5412 2414 5474 attendi
2455 5413 2646 5474 etiam
2687 5413 2877 5476 debet
2901 5412 2985 5475 ad
3015 5431 3339 5478 excessum

1805 5524 1928 5587 quo
1958 5522 2117 5566 unus
2149 5506 2378 5580 poterit
2403 5506 2671 5571 etiamin
2688 5506 3114 5571 subtilioribus
3143 5511 3209 5573 et
3233 5526 3339 5569 ex·
