4263 6376
506 1719 583 1778 93

411 1843 594 1886 Solvitur
629 1856 705 1886 rn-

410 1898 469 1939 tio
488 1897 704 1940 contraria.

532 5518 605 5578 ⁸2)AE

752 331 868 389 202

753 524 894 566 mea
922 508 1141 569 saltem
1173 510 1616 585 conditionata,
1653 529 1792 591 quae
1821 516 1915 572 est
1955 530 2145 572 causa
2173 529 2285 571 cur

748 600 1081 677 pecuniam
1110 602 1517 679 negotiationi
1543 603 1897 680 subtrahas,
1933 610 2121 683 atque
2142 604 2283 664 ideo

746 691 991 753 lucrum
1025 712 1159 753 mea
1196 713 1386 755 causa
1412 696 1522 756 tibi
1551 701 1775 756 cessat.

833 786 923 844 Ex
953 785 1070 845 hoc
1098 790 1308 846 autem
1339 788 1624 864 arguitur
1651 807 1764 866 pro
1782 788 2057 849 secunda
2081 793 2280 867 parte,

753 877 1004 956 quando
1036 878 1302 938 nihilme
1321 878 1587 955 dicente,
1609 881 1925 941 subtrahis
1954 882 2283 959 pecuniam

751 972 822 1028 ut
845 968 998 1028 mibi
1029 973 1246 1046 postea
1290 972 1658 1045 subvenias;
1713 992 1857 1033 nam
1907 978 2056 1033 tunc
2098 973 2286 1034 etiam

750 1061 1056 1140 praecedit
1083 1063 1369 1123 voluntas
1417 1082 1556 1124 mea
1587 1071 1967 1145 praesumpta
1987 1112 2002 1142 ,
2045 1085 2157 1126 seu
2186 1084 2287 1125 ra-

751 1151 1043 1214 tihabitio
1068 1200 1084 1230 ‚
1144 1153 1386 1215 ratione
1443 1156 1622 1234 cujus
1678 1157 1912 1218 utiliter
1966 1157 2284 1236 negotium

749 1264 961 1306 meum
1004 1247 1171 1325 geris
1211 1247 1634 1326 praevenienS,
1683 1254 1746 1311 et
1792 1249 2096 1309 desistens
2128 1269 2165 1308 a
2196 1249 2284 1308 lu-

753 1357 881 1414 οπο,
940 1343 1011 1399 ut
1061 1344 1277 1418 postea
1325 1340 1593 1401 habeam
1635 1342 1699 1401 id
1743 1342 1910 1422 quod
1940 1342 2103 1417 volu,
2161 1361 2283 1421 quo

753 1449 899 1493 casu
933 1450 1048 1509 ego
1079 1438 1297 1510 postea
1323 1439 1491 1493 ratas
1521 1434 1723 1495 habeo
1753 1453 2056 1513 expensas
2075 1481 2091 1509 ,
2129 1453 2287 1514 quas

752 1541 896 1583 mea
922 1542 1110 1584 causa
1140 1524 1359 1601 fecisti,
1381 1526 1631 1603 privans
1648 1532 1707 1588 te
1742 1527 1912 1587 lucro
1932 1527 2096 1606 quod
2119 1527 2286 1587 licite

757 1615 991 1676 habere
1018 1616 1349 1694 potuisses.

835 1708 1013 1770 Unde
1057 1709 1136 1769 ad
1179 1709 1488 1769 rationem
1532 1711 1859 1771 dubitandi
1897 1711 2105 1771 dicere
2152 1730 2286 1789 pos-

753 1819 1004 1876 sumus,
1050 1802 1236 1862 etiam
1293 1807 1441 1861 tunc
1495 1808 1782 1865 mutuum
1841 1822 1978 1864 esse
2028 1821 2285 1864 causam

755 1891 908 1953 lucri
965 1894 1265 1954 cessantis
1301 1913 1316 1966 ;
1383 1894 1554 1973 quod
1611 1894 1942 1974 dupliciter
1990 1894 2287 1974 explicari

752 1990 978 2065 potest.

833 2078 1041 2139 Primo
1071 2079 1133 2138 in
1164 2098 1396 2158 genere
1427 2099 1630 2142 causoe
1661 2081 1862 2141 finalis
1897 2102 1909 2142 :
1946 2081 2086 2141 ideo
2117 2080 2286 2139 enim

752 2189 792 2231 a
839 2172 1220 2249 negotitione
1269 2179 1333 2234 et
1374 2173 1546 2233 lucro
1595 2174 1884 2251 praesenti
1930 2191 2175 2247 cessas,
2219 2178 2289 2233 ut

752 2268 973 2343 postea
1000 2265 1199 2342 possis
1229 2265 1378 2324 mihi
1409 2271 1694 2326 mutuare
1730 2285 1743 2326 :
1780 2283 1893 2325 nec
1921 2265 2171 2326 videtur
2198 2283 2288 2323 re·

754 2355 915 2434 quiri
940 2356 1106 2435 quod
1137 2362 1420 2418 mutuum
1454 2359 1534 2418 sit
1561 2377 1750 2418 causa
1788 2358 2063 2417 efficiens
2091 2362 2154 2417 et
2182 2377 2288 2416 an-

752 2446 1046 2509 tecedens
1074 2449 1395 2527 prioritate
1441 2451 1596 2511 reali
1643 2450 2059 2511 cessationem
2088 2449 2282 2524 lucri,

753 2539 865 2600 sed
894 2539 1142 2601 videtur
1169 2542 1458 2602 sufficere
1478 2589 1492 2617 ‚
1529 2544 1696 2621 quod
1727 2543 1789 2602 in
1819 2561 2053 2621 genere
2083 2560 2288 2602 causae

749 2633 953 2693 finalis
980 2634 1059 2695 sit
1087 2652 1276 2694 causa
1304 2637 1590 2696 cessandi
1618 2656 1657 2696 a
1684 2637 1898 2697 lucro:
1923 2635 2287 2695 sicutetiam

756 2730 971 2786 nostra
997 2727 1166 2788 salus
1214 2732 1277 2789 et
1295 2727 1660 2807 justificatio
1693 2729 2129 2790 diciturcausa
2151 2745 2288 2806 pas-

754 2818 945 2878 sionis
975 2819 1200 2881 Christi
1225 2867 1240 2896 ,
1291 2821 1438 2900 quia
1479 2822 1596 2882 fuit
1640 2823 1779 2881 finis
1819 2825 2073 2899 propter
2099 2839 2289 2899 quem

754 2911 1033 2972 Christus
1061 2917 1348 2973 mortuus
1377 2919 1506 2985 est;
1543 2933 1658 2974 nec
1683 2913 1892 2974 minus
1920 2918 2135 2991 gratus
2153 2932 2287 2973 esse

755 3004 954 3064 debeo
985 3004 1038 3063 ei
1069 3006 1175 3082 qui
1206 3005 1504 3066 damnum
1535 3006 1786 3084 patitur,
1817 3012 1884 3066 ut
1912 3025 2011 3065 me
2040 3006 2282 3081 liberet,

756 3115 950 3176 quum
978 3098 1027 3157 si
1058 3116 1160 3157 me
1189 3104 1438 3176 petente
1467 3099 1531 3158 id
1561 3099 1863 3176 patiatur,
1896 3100 2043 3159 licet
2068 3100 2128 3158 in
2162 3099 2289 3174 pri-

754 3210 859 3251 mo
891 3210 1037 3252 casu
1066 3210 1208 3251 mea
1237 3191 1520 3253 liberatio
1551 3193 1630 3253 sit
1659 3211 1848 3253 causa
1877 3193 2101 3268 finaliS,
2137 3198 2197 3253 et
2226 3193 2287 3252 in

756 3284 1031 3344 secundo
1056 3302 1217 3344 meae
1245 3302 1465 3364 preces
1495 3285 1618 3346 sint
1644 3303 1835 3346 causa
1869 3285 2125 3346 moralis
2156 3285 2290 3345 effi·-

757 3376 949 3438 ciens.

838 3470 1128 3531 Secundo
1184 3471 1420 3532 addere
1478 3489 1842 3549 possumus,
1902 3472 2290 3533 voluntatem

754 3562 1118 3625 mutuatarii
1148 3563 1445 3639 fut-uram,
1479 3564 1812 3641 praevisam
1861 3582 1997 3624 esse
2025 3582 2283 3625 causam

755 3656 1057 3717 moralem
1070 3655 1445 3717 efficientem
1475 3656 1811 3717 desistendi
1835 3675 1871 3715 a
1900 3658 2072 3717 lucro
2104 3676 2294 3736 nego-

755 3748 1034 3812 tiationis
1066 3768 1080 3810 :
1115 3767 1262 3809 nam
1291 3749 1438 3810 licet
1488 3767 1611 3809 non
1668 3749 1979 3810 movearis
2008 3769 2045 3809 a
2073 3755 2291 3811 mutuo

756 3847 1023 3922 praeviso
1065 3843 1275 3903 futuro
1323 3841 1629 3918 absolute,
1676 3842 1755 3901 ad
1801 3843 2294 3904 subtrahendam

755 3934 1089 4015 pecuniam
1115 3954 1129 3994 ε
1165 3952 1288 3993 non
1312 3933 1478 3993 enim
1510 3934 1648 3994 ideo
1670 3934 1916 3995 desistis
1945 3954 1984 3995 a
2012 3935 2297 4014 negotia-

762 4027 957 4102 tione,
1014 4026 1161 4106 quia
1214 4030 1538 4087 mutuatus
1590 4046 1678 4102 eS,
1738 4027 1847 4086 scd
1880 4027 2020 4088 ideo
2050 4033 2296 4088 mutua-

760 4124 937 4180 turus
967 4138 1033 4179 es
1075 4120 1220 4198 quia
1270 4119 1559 4181 destitisti
1592 4138 1626 4179 a
1672 4120 2125 4198 negotiatione;
2186 4120 2295 4180 sed

761 4216 971 4273 tamen
1000 4213 1273 4272 moveris
1302 4231 1339 4271 a
1359 4212 1625 4291 praevisa
1677 4213 1996 4273 voluntate
2025 4232 2168 4272 mea
2199 4213 2298 4272 su·-

762 4309 903 4367 tura
933 4305 1186 4383 petendi
1213 4310 1501 4366 mutuum
1526 4325 1541 4378 ;
1602 4323 1796 4384 quare
1824 4324 1970 4365 vere
2017 4324 2160 4366 mea
2188 4323 2299 4365 vo-

762 4398 993 4473 luntaS,
1056 4402 1118 4459 et
1171 4397 1389 4476 petitio
1445 4398 1648 4458 mutui
1695 4403 1789 4460 est
1814 4416 2004 4458 causa
2042 4398 2299 4458 moralis

764 4490 1062 4552 cessantis
1115 4490 1293 4565 lucri,
1345 4490 1511 4569 quod
1557 4489 1788 4551 sufficit
1814 4490 1894 4550 ad
1923 4490 2299 4570 exigendum

765 4582 1084 4644 interesse.
1121 4583 1187 4644 Si
1217 4584 1383 4643 enim
1413 4601 1513 4642 me
1542 4587 1815 4662 petente,
1851 4583 2035 4644 hodie
2067 4583 2300 4644 omittis

765 4675 1174 4755 piscationem
1204 4675 1567 4736 duraturam
1596 4695 1708 4754 per
1735 4675 2018 4752 biduum,
2053 4694 2130 4735 ne
2161 4694 2300 4735 cras

764 4768 1127 4847 impediaris
1146 4785 1293 4828 ame
1324 4767 1680 4829 comitando
1710 4767 1788 4827 ad
1820 4767 2295 4844 recreationem,

764 4861 914 4924 licet
941 4861 1247 4922 recreatio
1279 4861 1552 4920 crastina
1580 4879 1704 4921 non
1751 4861 1830 4921 sit
1878 4879 2069 4920 causa
2099 4860 2300 4939 pisca-

764 4955 954 5018 tionis
983 4955 1302 5015 hodiernae
1333 4953 1652 5025 cessantiS,
1675 4953 1791 5014 nisi
1820 4951 1880 5012 in
1910 4971 2142 5030 genere
2159 4970 2302 5012 cau-

768 5067 853 5110 sae
881 5048 1115 5121 finalis;
1167 5047 1456 5108 voluntas
1501 5050 1712 5106 tamen
1761 5063 1905 5105 mea
1932 5046 2163 5120 futura,
2210 5049 2304 5104 est

770 5159 960 5202 causa
989 5139 1337 5218 impediens
1369 5137 1555 5198 hodie
1596 5137 2030 5218 piscationem,
2079 5142 2144 5198 et
2184 5136 2304 5198 hoc

771 5233 1000 5294 sufficit
1028 5239 1096 5293 ut
1126 5232 1328 5311 possis
1364 5232 1613 5309 exigere
1657 5229 1956 5289 interesse
1986 5248 2098 5309 pro
2127 5229 2301 5290 lucro

774 5331 1053 5386 cessante
1085 5324 1447 5403 piscationis
1478 5322 1798 5383 hodiernae
1821 5343 1833 5382 ε
1855 5323 2138 5384 similiter
2154 5340 2303 5400 ergo

776 5418 841 5478 in
869 5435 1018 5478 casu
1039 5424 1247 5479 nostro
1278 5417 1615 5478 dicendum
1643 5420 1755 5477 cst.

859 5511 968 5570 His
997 5511 1330 5589 suppositis
1346 5509 1514 5570 circa
1530 5515 1859 5590 utramque
1881 5513 2120 5589 partem
2145 5508 2305 5588 prio-

1907 335 2010 394 DE
2051 334 2408 396 JUSTl'rlA
2452 335 2554 394 ΕΤ
2594 335 2794 396 JURE

2382 510 2466 571 ris
2494 529 2694 587 casuS,
2745 511 3080 572 dicendum
3126 513 3376 573 videtur
3429 517 3927 592 consequenter,
4000 535 4045 591 ,-

2381 603 2444 663 in
2493 604 2823 681 posteriori
2851 605 3039 665 etiam
3069 623 3250 684 posse
3298 605 3462 683 exigi
3509 606 3756 665 lucrum
3784 622 3936 663 ces-

2382 714 2549 771 sanS,
2598 697 2850 776 quando
2895 698 3101 757 nullus
3130 698 3189 756 in
3222 698 3589 775 particulari
3615 695 3937 776 praevide-

2381 792 2486 850 tur
2511 795 2798 848 mutuum
2845 790 3191 868 petiturus;
3252 790 3360 849 sed
3408 790 3600 869 aliqui
3639 789 3704 849 in
3748 806 3939 848 com-

2381 880 2577 956 muni,
2610 882 2673 941 in
2705 900 2969 959 quorum
2989 883 3258 959 gratiam
3289 884 3623 961 pecuniam
3651 901 3690 942 a
3733 898 3942 957 nego-

2382 973 2640 1035 tiatione
2695 974 3077 1049 subtraxisti,
3136 981 3320 1054 prout
3364 974 3646 1036 absolute
3674 978 3742 1034 et
3785 973 3943 1033 sine

2384 1067 2698 1144 scrupulo,
2733 1066 2796 1126 id
2826 1068 3135 1128 concessit
3177 1068 3498 1128 Malderus
3526 1067 3589 1127 in
3620 1065 3941 1146 praesenti

2380 1161 2564 1219 tract.
2601 1160 2675 1219 V.
2710 1176 2848 1238 cap.
2904 1175 3000 1220 ιη.
3047 1158 3197 1220 dub.
3231 1176 3369 1221 xm.
3421 1161 3477 1238 ς.
3511 1159 3655 1220 Dico
3683 1166 3933 1240 quanto.

2385 1250 2563 1311 Ratio
2593 1255 2802 1312 autem
2818 1270 2894 1311 ex
2910 1250 3091 1311 dictis
3122 1252 3329 1330 colfigi
3359 1258 3564 1332 potest
3598 1272 3613 1313 :
3647 1252 3801 1331 quia
3833 1250 3938 1309 in-

2381 1347 2478 1404 ter
2526 1342 2693 1403 hunc
2734 1344 3079 1404 secundum
3134 1363 3349 1405 casum
3397 1350 3459 1405 et
3496 1345 3791 1424 primum,
3853 1359 3942 1401 ea

2382 1435 2515 1495 sola
2536 1434 2889 1495 differentia
2920 1454 3056 1495 esse
3103 1436 3372 1510 videtur,
3418 1437 3585 1515 quod
3614 1437 3675 1503 in
3708 1436 3938 1514 primo

2382 1544 2498 1605 ego
2529 1527 2590 1585 in
2640 1527 3001 1604 particulari
3028 1529 3331 1606 praevisus
3360 1528 3585 1590 fuerim
3612 1534 3932 1589 mutuum

2381 1619 2722 1698 petiturus;
2783 1619 2847 1678 in
2893 1620 3168 1681 secundo
3217 1626 3428 1681 autem
3475 1640 3593 1681 non
3632 1622 3752 1681 sim
3796 1638 3937 1698 ego

2379 1711 2684 1789 praevisus
2710 1711 2772 1770 in
2805 1712 3169 1790 particulari
3195 1713 3303 1773 sed
3335 1714 3526 1793 aliqui
3556 1715 3616 1772 in
3649 1714 3937 1774 contuso

2383 1807 2447 1863 et
2473 1803 2954 1866 indeterminate
2988 1826 3001 1865 :
3041 1805 3159 1865 hoc
3188 1811 3397 1866 autem
3427 1806 3507 1866 ad
3529 1805 3941 1885 propositum

2383 1913 2604 1973 parum
2628 1896 2879 1956 videtur
2900 1897 3156 1974 referre,
3181 1916 3328 1958 nam
3355 1899 3407 1959 si
3429 1901 3647 1960 Petrus
3671 1905 3738 1959 et
3759 1901 3941 1958 Pau·

2380 1988 2477 2048 lus
2506 2006 2541 2047 a
2570 1992 2631 2047 te
2660 1991 2877 2066 petant
2919 1994 2987 2049 ut
3023 1990 3355 2066 pecuniam
3403 2009 3715 2066 reserves,
3769 1989 3941 2070 quia

2382 2080 2631 2141 illorum
2679 2081 2836 2140 alter
2883 2086 3097 2158 postea
3128 2082 3286 2142 forte
3321 2088 3537 2145 mutuo
3583 2082 3934 2162 indigebit,

2384 2191 2506 2252 quo
2548 2192 2697 2233 casu
2728 2173 3143 2233 mutuatarius
3186 2176 3481 2236 resarciet
3507 2176 3752 2237 lucrum
3782 2194 3940 2235 ces-

2382 2284 2561 2336 sans;
2640 2284 2765 2326 non
2820 2266 3173 2344 praevidens
3227 2267 3291 2326 in
3336 2268 3689 2345 particulari
3714 2314 3731 2343 ‚
3809 2267 3937 2346 qui

2382 2376 2460 2417 ex
2514 2357 2632 2417 illis
2679 2362 2968 2417 mutuum
3033 2363 3253 2436 postea
3319 2360 3625 2438 petiturus
3675 2360 3794 2435 sit,
3866 2364 3938 2419 et

2380 2454 2593 2511 tamen
2662 2450 2712 2509 si
2782 2454 3001 2527 postea
3058 2453 3279 2512 Petrus
3337 2458 3624 2512 mutuum
3702 2458 3934 2530 petat,

2382 2561 2506 2603 non
2576 2542 2717 2602 ideo
2769 2542 2975 2603 minus
3004 2543 3084 2603 ab
3132 2562 3206 2604 eo
3271 2545 3504 2622 poteris
3565 2544 3861 2623 accipere
3916 2565 3932 2604 :

2384 2635 2551 2714 quod
2629 2652 2777 2713 ergo
2852 2636 3058 2695 nullus
3128 2636 3541 2697 determinate
3610 2638 3938 2714 petiturus

2383 2726 2803 2805 praevideatur
2827 2774 2844 2802 ,
2917 2746 3039 2787 non
3099 2728 3363 2806 impedit
3415 2728 3583 2807 quod
3656 2729 3939 2788 interes-

2383 2838 2449 2880 se
2503 2820 2584 2878 ab
2657 2837 2765 2895 ee,
2841 2821 2949 2898 qui
3005 2820 3084 2879 de
3154 2822 3317 2882 facto
3382 2822 3541 2899 petit
3592 2822 3933 2900 exigatur;

2384 2911 2552 2990 quod
2609 2911 2775 2970 enim
2822 2912 3244 2990 praevideatur
3289 2932 3449 2973 unus
3513 2932 3585 2972 ex
3633 2913 3932 2989 duobuS,

2383 3005 2482 3063 vel
2509 3022 2668 3063 unus
2713 3021 2788 3062 ex
2835 3004 3117 3082 pluribus
3162 3005 3222 3064 in
3272 3006 3531 3066 confuso
3577 3006 3925 3083 petiturus,

2385 3096 2537 3157 nihil
2567 3095 2820 3155 omnino
2846 3097 3051 3156 variat
3076 3114 3288 3157 casum
3310 3098 3374 3157 in
3403 3098 3622 3158 ordine
3650 3098 3734 3159 ad
3758 3098 3937 3158 hunc

2385 3193 2695 3251 effectum.
2733 3188 2910 3263 Quod
2939 3190 3237 3268 explicari
3263 3195 3468 3270 potest
3496 3192 3789 3271 exemplo
3822 3211 3938 3252 su-

2383 3301 2500 3363 pra
2554 3281 2827 3343 adducto
2885 3282 3189 3360 passionis
3234 3283 3490 3356 Christi;
3561 3284 3705 3344 licet
3753 3284 3935 3343 enim

2385 3375 2665 3437 Christus
2693 3379 2838 3435 ante
2868 3375 3254 3436 voluntatem
3284 3375 3562 3453 patiendi
3594 3395 3718 3435 non
3767 3395 3934 3455 prae-

2385 3467 2631 3527 videret
2662 3467 3078 3528 determinate
3108 3473 3437 3545 peccatum
3483 3469 3769 3529 futurum
3812 3469 3931 3528 hu-

2379 3561 2485 3640 jus
2514 3559 2807 3637 hominis,
2843 3559 2953 3619 sed
2984 3559 3229 3638 aliquos
3262 3560 3548 3621 homines
3574 3559 3936 3621 mortaliter

2388 3643 2783 3731 peccaturoS,
2818 3652 2899 3712 ad
2947 3671 3217 3731 quorum
3254 3653 3768 3731 justificationem
3814 3671 3936 3714 vo-

2389 3747 2505 3807 luit
2560 3745 2885 3822 sanguinis
2942 3746 3213 3824 pretium
3268 3747 3659 3824 persolvere,
3717 3746 3940 3807 adhuc

2387 3857 2536 3901 vere
2577 3839 2804 3898 dicitur
2849 3842 3175 3915 peccatum
3223 3837 3410 3917 hujus
3440 3838 3710 3899 hominis
3737 3839 3938 3900 fuisse

2390 3951 2580 3994 causa
2611 3936 2680 3992 ut
2697 3936 3034 4010 pateretur.
3062 3931 3241 3991 Ratio
3264 3937 3477 3993 autem
3502 3933 3787 4011 est,quia
3805 3933 3931 3992 sub

2379 4027 2487 4085 illa
2515 4024 2911 4085 distinctione
2945 4029 3408 4102 cognoscuntur
3448 4025 3661 4084 omnia
3707 4025 3935 4085 sutura

2393 4117 2778 4196 disjunctim,
2805 4123 2865 4176 et
2892 4116 2979 4176 ita
3008 4117 3275 4177 volendo
3304 4117 3463 4175 mori
3496 4135 3608 4194 pro
3639 4117 3737 4177 his
3778 4118 3937 4177 libe-

2393 4209 2632 4283 raudiS,
2675 4208 2781 4286 qui
2811 4208 3129 4286 peccaturi
3160 4213 3358 4285 erant,
3396 4210 3594 4270 voluit
3622 4210 3784 4270 mori
3816 4228 3935 4288 pro

2393 4301 2534 4374 hoc,
2570 4301 2621 4360 si
2651 4300 2751 4360 hic
2780 4300 2857 4360 de
2880 4300 3043 4361 facto
3074 4306 3313 4378 peccat.
3349 4301 3411 4362 Si
3441 4320 3591 4381 ergo
3614 4303 3707 4362 vis
3727 4321 3933 4362 reser-

2394 4413 2543 4455 vare
2572 4393 2904 4471 pecuniam
2934 4411 3047 4471 pro
3078 4393 3181 4454 illo
3214 4394 3317 4473 qui
3338 4395 3646 4471 petiturus
3675 4395 3938 4473 est,qui-

2397 4505 2665 4566 cumque
2694 4485 2795 4546 ille
2833 4486 2932 4560 sit,
2982 4487 3333 4564 praevidens
3381 4487 3657 4566 aliquem
3703 4489 3941 4566 petitu·

2396 4599 2575 4653 rum;
2636 4597 2749 4657 pro
2792 4579 2894 4639 illo
2943 4579 3188 4639 voluisti
3246 4579 3324 4639 de
3371 4580 3534 4640 iacto
3580 4599 3929 4656 reservare,

2398 4672 2684 4753 quamvis
2712 4671 3191 4732 indeterminate
3221 4672 3493 4750 cognito,
3531 4673 3709 4734 Sicut
3728 4692 3763 4733 e
3784 4692 3938 4734 con-

2394 4772 2516 4842 tra,
2551 4765 2655 4845 qui
2687 4765 3003 4825 haeredem
3033 4764 3328 4843 relinquit
3357 4783 3500 4824 eum
3531 4764 3636 4843 qui
3669 4767 3842 4844 prior
3860 4786 3935 4826 ex

2400 4859 2528 4919 suis
2559 4857 2889 4936 nepotibus
2919 4860 3182 4918 Romam
3212 4857 3469 4928 venerit,
3493 4875 3641 4917 vere
3674 4860 3936 4919 Petium

2401 4951 2652 5029 reliquit
2681 4950 3018 5025 haeredem,
3044 4951 3094 5010 si
3115 4950 3217 5010 ille
3234 4949 3403 5028 prior
3431 4950 3678 5011 caeteris
3700 4952 3927 5012 veniat.

2401 5043 2465 5106 Si
2497 5061 2642 5119 ergo
2699 5042 2914 5121 petitio
2974 5042 3139 5103 Petri
3194 5042 3611 5103 determinate
3669 5043 3935 5121 praevisa

2400 5136 2648 5212 sufficit,
2684 5141 2751 5196 ut
2778 5141 2995 5214 postea
3023 5136 3269 5195 lucrum
3297 5153 3553 5196 cessans
3582 5136 3664 5195 ab
3694 5154 3771 5197 eo
3803 5136 3934 5197 exi-

2400 5230 2464 5309 gi
2494 5229 2779 5308 possitex
2809 5228 3233 5288 subtractione
3262 5233 3451 5288 antea
3478 5228 3681 5300 facta3
3704 5229 3795 5287 sic
3814 5227 3931 5288 suf-

2403 5322 2572 5382 ficiet
2638 5321 2854 5399 petitio
2899 5320 3180 5399 ejusdem
3238 5320 3401 5380 Petri
3457 5319 3931 5381 indeterminate

2406 5419 2468 5474 et
2493 5413 2748 5474 confuse
2792 5413 3101 5491 praevisa:
3138 5431 3259 5473 non
3311 5412 3477 5472 enim
3518 5414 3730 5473 minus
3762 5419 3931 5491 potes

2406 5526 2477 5567 ex
2508 5505 2945 5567 ratihabitione
2998 5510 3378 5585 praesumpta
3424 5505 3662 5566 donnini
3694 5507 3754 5566 in
3785 5523 3921 5567 con·

3979 532 4202 633 (ΕΞ

3982 638 4202 744 {ta

3984 751 4202 791 mu
