4263 6376
747 1730 825 1789 57

1002 346 1121 405 788
2133 347 2235 406 DE
2278 346 2630 407 JUSTITIA
2675 345 2776 404 ET
2818 346 3017 407 JURE

1005 524 1122 585 bus
1152 525 1282 603 ipse
1313 541 1418 584 eos
1459 524 1793 601 occideret,
1847 524 1994 602 quia
2020 522 2318 583 nimirum
2348 524 2540 586 dabat

1004 616 1488 678 instrumentum
1540 617 1620 677 ad
1666 621 1876 678 actum
1906 617 2146 679 licitum
2176 617 2238 677 in
2268 617 2402 678 foro
2433 637 2539 678 ex-

1001 715 1216 782 terno;
1276 728 1424 788 ergo
1477 709 1762 770 similiter
1809 711 1869 770 in
1902 716 2113 772 nostro
2146 730 2335 787 casu,
2393 710 2541 771 licet

1002 802 1225 883 aliquis
1255 807 1545 880 peccaret
1573 803 1909 882 effringens
1939 808 2153 883 portas
2181 803 2365 864 simul
2394 822 2537 863 cum

998 915 1128 974 reo,
1160 914 1285 958 non
1312 901 1522 957 tamen
1552 901 1772 974 peccat
1799 897 2106 957 dandoilli
2126 898 2540 958 instrumenta

1000 990 1228 1071 quibus
1258 989 1388 1067 ipse
1416 1008 1561 1050 reus
1586 989 1752 1050 licite
1779 990 1974 1069 possit
2001 990 2065 1049 id
2093 991 2321 1050 facere.
2357 989 2536 1050 Ratio

998 1088 1209 1145 autem
1237 1082 1632 1159 universali5‚
1695 1087 1753 1144 et
1784 1101 1819 1142 a
1850 1082 2043 1162 priori
2072 1086 2196 1159 est,
2256 1082 2405 1161 quia
2432 1081 2535 1161 qui

997 1177 1199 1238 solum
1228 1175 1545 1236 concurrit
1571 1175 1845 1236 mediate
1884 1176 1965 1235 ad
1997 1175 2271 1254 aliquem
2301 1179 2532 1251 actum,

996 1269 1104 1348 qui
1149 1271 1336 1346 prout
1392 1268 1470 1327 ab
1507 1270 1732 1346 agente
1780 1268 2143 1328 immediato
2200 1286 2312 1345 per
2338 1285 2403 1327 se
2446 1267 2537 1327 lo-

997 1361 1247 1441 quendo
1279 1365 1374 1420 est
1399 1360 1638 1438 licitus,
1689 1379 1813 1421 non
1859 1364 2065 1439 potest
2112 1359 2173 1419 in
2208 1359 2425 1420 ordine
2455 1359 2536 1419 ad

994 1455 1170 1515 illum
1199 1453 1568 1514 contrahere
1599 1452 1922 1530 malitiam,
1958 1452 2076 1512 nisi
2120 1452 2372 1513 aliunde
2423 1452 2535 1512 ha-

996 1548 1145 1609 beat
1183 1546 1519 1625 specialem
1575 1545 2063 1624 prohibitionem
2104 1545 2532 1606 'concurrendi

997 1641 1186 1702 etiam
1217 1639 1511 1700 mediate.

1075 1733 1256 1794 Dices
1312 1732 1375 1791 in
1431 1732 1725 1809 praesenti
1773 1731 1909 1792 dari
1946 1731 2137 1792 talem
2166 1729 2534 1809 prohibitio-

996 1844 1175 1898 nem;
1212 1844 1359 1886 nam
1386 1824 1546 1886 sicut
1574 1824 1987 1903 prohibentur
2016 1824 2249 1900 caeteri,
2284 1843 2362 1884 ne
2390 1843 2534 1902 pos-

995 1919 1118 1981 sint
1147 1917 1471 1996 cooperari
1498 1917 1858 1977 immediate
1887 1935 1994 1978 reo
2013 1916 2368 1995 effringenti
2395 1936 2533 1995 por-

992 2017 1117 2084 tas;
1174 2011 1260 2071 ita
1289 2010 1701 2089 prohibentur
1743 2028 1820 2069 ne
1850 2013 2271 2088 cooperentur
2298 2010 2531 2070 media-

992 2109 1054 2166 te
1105 2124 1118 2164 ε
1180 2103 1402 2163 eadem
1431 2101 1597 2162 enim
1627 2106 1720 2163 est
1747 2103 1929 2163 ratio.
1993 2103 2364 2181 Respondeo
2392 2149 2407 2179 ,
2468 2103 2531 2162 in

993 2196 1212 2276 primis
1241 2196 1359 2256 hoc
1390 2199 1830 2273 argumentum
1873 2196 2175 2275 probaret
2203 2195 2530 2256 consilium

994 2290 1183 2350 etiam
1200 2293 1262 2348 et
1289 2287 1761 2347 instructionem
1791 2288 2109 2366 prohiberi
2141 2288 2361 2348 eadem
2390 2308 2530 2368 pro-

991 2382 1315 2457 hibitione,
1340 2380 1510 2459 quod
1538 2385 1748 2441 tamen
1779 2400 1903 2442 non
1935 2380 2289 2443 concedunt
2314 2386 2531 2443 aucto-

989 2494 1090 2536 res
1136 2473 1353 2553 primae
1402 2473 1744 2534 sententiae.
1805 2473 2041 2534 Deinde
2089 2479 2529 2552 argumentum

989 2568 1178 2629 instat
1204 2567 1267 2626 in
1298 2566 1586 2626 omnibus
1618 2566 1920 2644 exemplis
1950 2584 2140 2644 supra
2170 2566 2391 2645 positis
2415 2613 2430 2642 ,
2464 2566 2526 2627 in

990 2660 1217 2741 quibus
1284 2657 1655 2738 prohibetur
1722 2658 2081 2736 cooperatio
2138 2658 2523 2737 immediata,

987 2772 1114 2814 non
1143 2757 1352 2814 tamen
1381 2750 1678 2812 mediata.
1728 2751 2009 2831 Denique
2041 2757 2309 2831 negatur
2356 2772 2529 2813 eam-

989 2848 1133 2908 dem
1163 2864 1297 2907 esse
1326 2844 1635 2906 rationem
1682 2844 2006 2925 utriusque
2053 2846 2520 2924 prohibitionis:

990 2959 1138 3001 nam
1168 2938 1273 3018 qui
1305 2941 1680 3017 cooperatur
1725 2936 2084 2999 immediate
2111 2985 2126 3015 ,
2178 2938 2350 3000 laedit
2394 2939 2525 3018 qui-

989 3033 1132 3093 dem
1163 3032 1296 3112 ipse
1327 3030 1460 3089 sine
1484 3030 1626 3108 jure
1654 3029 1736 3090 ad
1764 3029 2124 3090 laedendum
2171 3049 2185 3091 :
2239 3031 2347 3110 qui
2374 3050 2524 3093 vero

987 3127 1362 3205 cooperatur
1390 3121 1699 3199 mediate,
1735 3141 1860 3182 non
1888 3121 2060 3183 laedit
2084 3122 2220 3201 ipse
2244 3169 2260 3202 ,
2293 3123 2402 3183 sed
2434 3127 2528 3185 est

987 3238 1178 3280 causa
1221 3216 1389 3296 quod
1418 3215 1575 3276 alius
1603 3215 1822 3294 laedat,
1870 3212 2230 3295 quihabet
2266 3215 2372 3296 jus
2419 3218 2526 3278 lae-

2637 521 2771 601 ipse
2819 523 3193 601 cooperetur
3242 524 3586 590 iminediate
3626 534 3877 596 effractioni
3904 558 3978 599 car-

2639 633 2817 675 ceris

2719 706 2999 786 Denique
3039 710 3206 787 quod
3237 710 3539 790 ejusmodi
3564 725 3892 795 cooperatores
3909 741 3982 782 me-

2639 799 2789 860 diati
2838 800 3211 878 punirentur
3255 823 3293 864 a
3320 806 3689 886 magistratu,
3732 831 3823 873 non
3852 816 3985 892 pretet

2639 910 2746 952 eos
2775 910 3039 972 peccare
3103 916 3117 955 ε
3177 915 3321 956 nam
3353 902 3415 958 et
3457 899 3567 978 ipsi
3609 903 3682 961 rei
3708 905 3786 982 qui
3808 907 3984 966 licitefu-

2636 984 2819 1062 giunt
2841 1031 2856 1061 ,
2903 986 3248 1065 puniuntur
3270 1035 3285 1066 ‚
3321 994 3384 1052 et
3412 992 3462 1050 si
3490 992 3614 1070 quis
3638 996 3907 1072 probaretur
3922 1019 3986 1060 an-

2638 1081 2775 1137 ctor
2803 1076 2991 1139 fuisse
3020 1079 3187 1159 fugae
3227 1082 3596 1146 consulendo
3622 1092 3675 1147 et
3695 1088 3896 1150 docendo
3913 1111 3986 1152 me

2637 1168 2788 1228 dum
2820 1189 2943 1248 quo
2974 1177 3185 1249 posset
3209 1175 3449 1253 fugere,
3498 1177 3663 1238 etiam
3684 1182 3936 1258 puniretur;
3955 1198 3989 1245 et

2636 1265 2845 1322 tamen
2875 1262 2940 1322 hi
2970 1283 3188 1326 omnes
3230 1286 3354 1327 non
3404 1279 3701 1346 peccarent
3736 1276 3869 1335 etiam
3884 1279 3988 1354 juxta

2637 1354 2907 1431 primam
2936 1359 3312 1420 sententiam
3335 1407 3352 1437 ,
3413 1363 3519 1422 sed
3571 1369 3745 1425 tamen
3785 1369 3989 1446 patiuntur

2636 1446 2911 1525 aliquam
2940 1468 3196 1527 poenam
3224 1453 3638 1532 moderatam,
3680 1477 3788 1537 quae
3817 1469 3990 1521 nontam

2633 1538 2714 1600 sit
2761 1540 2824 1600 in
2853 1542 3228 1621 supplicium
3255 1548 3597 1625 proprium,
3649 1569 3797 1629 quam
3816 1553 3872 1611 ad
3890 1571 3991 1613 coer-

2635 1632 2867 1693 cendos
2897 1640 3158 1696 caeteros
3206 1656 3282 1698 ne
3329 1657 3474 1701 reos
3502 1641 3661 1702 facile
3685 1662 3712 1702 e
3733 1647 3993 1706 carceriscu-

2633 1725 2835 1785 stodia
2864 1726 3152 1791 liberent.

2711 1821 2861 1879 Haec
2890 1824 3098 1881 tamen
3126 1868 3141 1898 ,
3190 1841 3329 1901 quae
3359 1823 3426 1884 in
3455 1830 3737 1888 communi
3760 1830 3990 1891 dictasunt.
4060 1838 4091 1892 a

2630 1910 2895 1973 fortasse
2925 1912 2989 1973 in
3018 1914 3228 1993 aliquo
3260 1917 3519 1995 speciali
3552 1920 3876 1983 instrumento
3904 1924 3993 1982 limi
4029 1933 4122 2014 aad

2630 2003 2749 2064 tari
2780 2005 3014 2068 debent
3081 2027 3094 2068 :
3156 2012 3225 2070 ut
3252 2013 3411 2088 puta
3438 2013 3488 2072 si
3516 2015 3675 2074 fieret
3697 2017 3839 2075 clavis
3855 2017 3996 2076 adulte
4050 2017 4103 2064 Ψ

2629 2096 2770 2156 rina
2796 2102 2994 2176 portae
3023 2101 3324 2161 custodias
3376 2122 3392 2162 ε
3444 2123 3621 2182 quam
3646 2125 3749 2166 non
3771 2112 3911 2185 potest
3926 2108 3996 2168 ler-

2629 2193 2795 2250 tasse
2826 2191 3049 2251 artifex
3077 2193 3211 2253 sine
3242 2200 3504 2271 peccato
3534 2197 3729 2275 facere,
3756 2218 3810 2260 eo
3831 2201 3939 2279 quod
3956 2202 3999 2260 sil

2630 2282 2960 2344 falsificare
2990 2285 3367 2365 custodiam,
3401 2292 3465 2351 et
3491 2289 3709 2350 clavem
3727 2291 3937 2358 alienam
3956 2294 3998 2351 si·

2630 2379 2736 2435 cut
2763 2381 3053 2454 pec-caret
3080 2379 3190 2458 qui
3209 2380 3489 2444 mitteret
3518 2402 3617 2444 reo
3641 2385 3999 2463 subscriptionem

2628 2466 2850 2528 salsam
2880 2469 3215 2550 principis,
3251 2492 3381 2552 qua
3411 2475 3709 2556 deciperet
3731 2478 3953 2538 custodem
3967 2483 4001 2536 et

2627 2560 2893 2638 fugeret.
2930 2565 3243 2642 Secundo,
3263 2567 3593 2630 limitanda
3621 2571 3723 2631 erit
3745 2571 3845 2630 haec
3866 2571 4001 2630 doctri-

2628 2671 2731 2729 na,
2765 2657 2991 2716 utnon
3028 2657 3262 2719 habeat
3287 2659 3502 2722 locum
3526 2663 3585 2722 in
3612 2663 4000 2742 delinquentem-

2619 2745 2725 2824 jus
2754 2746 2903 2826 fuga
2934 2752 3288 2827 perniciosa
3318 2761 3520 2829 esset;
3552 2762 3617 2817 ut
3641 2757 3684 2817 si
3710 2757 4002 2817 aesetlatmet

2625 2846 2948 2918 grassator
2976 2844 3240 2922 viarum,
3267 2849 3369 2908 vel
3400 2849 3557 2910 alius
3580 2850 3736 2929 cujus
3758 2851 3999 2909 libert-iste

2627 2933 2940 2996 dundaret
2969 2935 3027 2996 in
3060 2939 3408 3015 perniciem
3436 2943 3689 3003 aliorum
3733 2964 3745 3003 ε
3788 2962 3875 3021 qua
3894 2941 4001 3000 ruam

2625 3026 2867 3087 ratione
2898 3047 3022 3090 non
3053 3030 3305 3093 videtur
3328 3052 3517 3111 posse
3544 3036 3694 3097 licite
3714 3035 3871 3115 juvari
3891 3035 4001 3093 here

2624 3119 2819 3181 ticum
2848 3121 2928 3181 ad
2955 3123 3327 3202 fugiendum
3358 3146 3436 3187 ex
3452 3147 3689 3190 carcere
3707 3127 4000 3209 inquisitionis.

2625 3217 2689 3274 et
2714 3213 2867 3274 alios
2896 3215 3147 3279 similes,

2706 3308 2904 3384 Petes‚
2933 3309 3156 3387 anille,
3192 3312 3303 3390 qui
3331 3313 3512 3377 dedit
3539 3315 3879 3377 instrumenti
3897 3312 4004 3373 ade
4068 3330 4099 3382 5}

2622 3398 2952 3461 fodiendos
2980 3403 3273 3482 parieteS,
3308 3412 3603 3469 teneatur
3627 3415 3809 3486 postea
3829 3408 3884 3467 ad
3904 3406 4003 3465 resti-
4056 3466 4077 3489 ,ι

2621 3492 2927 3552 tutionem
2957 3498 3020 3556 et
3042 3498 3517 3573 reparationem
3548 3503 3839 3579 parietum,
3860 3516 4006 3560 nounL
4050 3490 4061 3501 ⁴

2622 3584 2915 3646 stituente
2964 3587 3097 3665 ipso
3138 3591 3290 3651 reo?
3344 3594 3674 3655 Affirmant
3712 3594 3889 3673 aliqui,
3924 3590 4006 3669 quia
4045 3573 4077 3651 :s

986 3311 1207 3381 dendi;
1266 3309 1330 3369 in
1378 3327 1499 3387 quo
1548 3308 1718 3369 nulla
1769 3312 2030 3387 apparet
2075 3308 2344 3387 malitia,
2405 3311 2525 3372 nisi

986 3404 1236 3465 aliunde
1291 3401 1642 3481 specialiter
1695 3401 2158 3480 prohibeatur:
2218 3402 2522 3482 injustitia

986 3499 1152 3559 enim
1182 3500 1276 3558 est
1303 3498 1693 3556 contrectare
1718 3514 1853 3554 rem
1884 3495 2156 3555 alienam
2183 3494 2378 3558 invito
2410 3498 2523 3559 do-

985 3591 1155 3651 mino
1177 3636 1192 3666 ,
1236 3606 1424 3667 quam
1457 3587 1712 3666 quidem
1740 3586 2044 3648 malitiam
2075 3589 2388 3649 contrahit
2415 3590 2523 3669 qui

984 3681 1342 3744 immediate
1372 3680 1639 3741 destruit
1663 3699 1798 3740 rem
1827 3679 2095 3740 alienam
2158 3699 2172 3745 ε
2236 3682 2341 3760 qui
2372 3701 2519 3743 vero

984 3777 1184 3838 solum
1214 3774 1486 3834 mediate
1533 3792 1657 3834 non
1689 3777 2034 3834 contrectat
2060 3792 2195 3834 rem
2224 3774 2514 3853 alienam,

983 3869 1094 3930 sed
1124 3867 1274 3929 facit
1302 3885 1439 3927 eam
1472 3866 1844 3927 contrectari
1888 3867 1966 3927 ab
2010 3867 2130 3929 alio
2156 3914 2171 3944 ,
2232 3873 2517 3947 respectu

983 3962 1160 4041 cujus
1187 3978 1311 4020 non
1341 3962 1434 4020 est
1460 3958 1684 4035 aliena,
1711 3978 1854 4019 cum
1886 3959 2116 4021 habeat
2136 3959 2240 4038 jus
2268 3961 2349 4022 ad
2379 3980 2519 4022 eam

983 4052 1451 4115 destruendam.

1061 4147 1242 4207 Dices
1271 4145 1495 4206 iterum
1544 4165 1557 4206 ε
1606 4163 1756 4223 ergo
1785 4144 1999 4206 licebit
2039 4146 2228 4206 etiam
2270 4148 2518 4210 mittere

981 4258 1232 4302 servum
1252 4284 1268 4316 ,
1315 4238 1492 4316 cujus
1522 4237 1749 4298 auxilio
1782 4241 1995 4300 utatur
2021 4258 2166 4300 reus
2196 4240 2277 4301 ad
2308 4242 2520 4301 effrin-

979 4332 1255 4414 gendam
1284 4334 1530 4409 portam
1558 4331 1824 4392 carceris
1877 4352 1890 4392 :
1952 4331 2102 4411 quid
2133 4333 2300 4393 enim
2329 4335 2519 4397 refert

978 4425 1225 4487 mittere
1253 4422 1522 4484 securim
1576 4427 1687 4484 aut
1732 4423 1980 4485 mittere
2022 4444 2312 4503 servum,
2372 4446 2515 4488 cum

977 4523 1314 4597 utrumque
1344 4515 1424 4576 sit
1450 4515 1936 4577 instrumentum
1982 4523 2200 4597 aptum
2231 4520 2311 4580 ad
2342 4540 2516 4581 eum-

979 4611 1125 4672 dem
1154 4608 1480 4671 effectum?
1535 4608 2001 4687 Respondetur,
2051 4630 2186 4672 esse
2216 4631 2515 4692 magnum

980 4703 1350 4776 discrimem
1410 4719 1607 4761 unum
1658 4700 1824 4761 enim
1881 4707 1975 4764 est
2028 4702 2512 4783 instrumentum

977 4799 1345 4871 animatum,
1378 4795 1643 4855 alterum
1673 4793 2105 4858 inanimatum.
2143 4798 2372 4859 Servus
2400 4799 2512 4860 ita-

977 4911 1098 4972 que
1128 4886 1479 4950 effodiendo
1510 4905 1823 4947 carcerem
1852 4892 2163 4968 peccaret,
2189 4891 2336 4970 quia
2364 4911 2513 4953 con-

973 4985 1272 5046 trectaret
1299 4981 1431 5060 ipse
1460 4999 1595 5040 rem
1625 4981 1894 5040 alienam
1923 4982 2116 5044 invito
2148 4983 2424 5062 domino,
2445 4989 2514 5047 ut

975 5077 1274 5152 diximuS,
1332 5078 1521 5152 atque
1577 5072 1718 5134 ideo
1776 5079 1837 5134 et
1883 5074 2174 5135 dominus
2225 5082 2515 5156 peccaret

972 5171 1224 5231 mittens
1272 5172 1335 5228 et
1374 5165 1744 5244 praecipiens
1798 5185 2011 5243 servo,
2070 5169 2239 5248 quod
2294 5189 2512 5232 servus

973 5264 1106 5324 sine
1135 5265 1393 5342 peccato
1424 5259 1629 5319 facere
1660 5278 1782 5319 non
1813 5263 2019 5338 potest
2065 5280 2077 5321 ε
2139 5263 2373 5322 securis
2404 5282 2510 5325 au·

971 5360 1098 5417 tem
1128 5352 1472 5416 scindendo
1503 5369 1627 5412 non
1659 5355 1878 5429 peccat
1910 5372 1924 5412 :
1958 5353 2123 5430 ideo,
2158 5374 2272 5415 nec
2303 5355 2406 5435 qui
2436 5357 2511 5416 il-

968 5450 1094 5510 lam
1127 5448 1336 5525 mittit,
1373 5464 1517 5510 cum
1545 5463 1660 5507 nec
1690 5445 1769 5507 sit
1798 5463 1989 5507 causa
2017 5448 2322 5526 peccandi
2345 5494 2361 5525 ,
2396 5468 2511 5510 nec

2600 3675 2753 3761 *ipse
2783 3697 2928 3739 reus
2957 3685 3225 3759 tenetur,
3270 3689 3341 3745 ut
3390 3705 3582 3766 supra
3607 3689 3859 3756 vidimus;
3881 3702 4007 3762 (ιι-ἕω
4049 3678 4122 3759 Ξ..

2620 3769 2861 3831 fortiori
2884 3772 3020 3851 ipso
3054 3793 3175 3835 non
3204 3778 3579 3840 restituente
3605 3785 3847 3841 tenentur
3864 3777 3929 3835 alii
3948 3775 4007 3852 qui

2622 3862 2935 3925 dederunt
2960 3866 3403 3948 instrumenta,
3440 3872 3548 3951 qui
3574 3872 3883 3950 minusjuris
3900 3870 4009 3928 habe·

2619 3957 2772 4017 hant
2800 3957 2881 4017 ad
2910 3957 3081 4019 illam
3109 3960 3363 4022 ruinam
3413 3966 3710 4043 parietum
3736 3962 4005 4025 causandas

2619 4050 2772 4111 Mihi
2810 4051 3194 4129 probabilius
3224 4056 3486 4119 videtur
3539 4059 3757 4120 etiamsi
3798 4077 3903 4118 reus
3936 4056 4009 4131 ipe

2617 4146 2924 4221 teneatur,
2961 4164 3082 4206 non
3112 4150 3314 4208 teneri
3367 4170 3481 4212 eos
3528 4154 3630 4231 qui
3656 4153 3794 4211 licite
3816 4150 4007 4209 dederunt

2619 4235 3031 4299 instrumenta
3061 4239 3140 4299 ad
3166 4241 3412 4321 fugam.
3451 4246 3606 4317 Quia
3633 4245 3687 4305 hi
3716 4264 3809 4305 nec
3832 4250 4011 4305 tenentos

2618 4349 2693 4390 ex
2722 4349 2789 4390 re
2821 4336 3103 4410 accepta,
3155 4339 3224 4395 ut
3275 4344 3553 4415 constat,
3606 4357 3782 4417 neque
3817 4336 3944 4395 etiam
3970 4348 4010 4387 εἰ

2618 4422 2846 4502 injusta
2875 4426 3243 4504 acceptione
3270 4478 3284 4501 ,
3323 4448 3476 4491 cum
3508 4449 3875 4511 supponamus
3892 4423 4012 4486 eosli

2616 4516 2735 4577 cite
2767 4516 3013 4578 dedisse
3042 4519 3477 4585 instrumenta
3506 4529 3569 4585 et
3591 4524 3861 4585 amilium.
3892 4520 4010 4578 Dirc-⁵.

2616 4628 2759 4670 reus
2779 4628 2913 4670 -non
2945 4615 3192 4673 tenetur
3220 4632 3299 4674 ex
3329 4635 3405 4677 re
3435 4622 3717 4697 accepta,
3746 4634 3836 4676 nec
3857 4632 3910 4673 ex
3928 4609 4015 4687 inju-

2615 4708 2711 4764 sta
2741 4703 3106 4781 acceptione
3126 4753 3141 4781 ‚
3174 4711 3236 4768 et
3264 4712 3493 4771 tamen
3523 4716 3751 4771 tenetur
3798 4729 3809 4769 :
3852 4701 4012 4783 agosi-

2614 4796 2842 4857 militer
2868 4796 2972 4857 isti
2999 4799 3414 4864 tenebuntur.
3475 4803 3813 4882 Respondeo
3836 4793 4016 4875 negandi*

2615 4891 3150 4968 consequentiam,
3175 4894 3327 4972 quia
3360 4915 3515 4956 reus
3544 4902 3770 4957 tenetur
3791 4912 3847 4953 ex
3868 4894 4016 4950 conh'a·

2615 4987 2718 5044 ctu
2745 4982 2847 5042 vel
2876 4984 3052 5062 quasi
3085 4991 3425 5049 contractu
3446 5034 3463 5065 ,
3528 4995 3598 5051 ut
3626 5008 3788 5069 supra
3811 4984 4016 5047 vidimus:

2615 5074 2832 5136 debuit
2884 5077 3051 5136 enim
3108 5096 3321 5139 emere
3382 5081 3508 5141 sibi
3559 5081 3819 5160 implicite
3858 5077 4015 5136 domun

2612 5167 2882 5228 alienam
2911 5170 3027 5230 sibi
3058 5174 3495 5235 necessariam
3522 5175 3603 5237 ad
3629 5176 3828 5253 fugam.
3866 5169 4018 5230 mena

2613 5260 2717 5320 illa
2745 5261 2923 5340 quasi
2955 5264 3271 5341 emptione
3304 5270 3571 5329 tenetur
3596 5268 3829 5347 pretium
3849 5262 4014 5322 solvere:

2612 5354 2699 5414 illi
2728 5357 2940 5415 autem
2969 5356 3074 5434 qui
3105 5357 3544 5423 instrumenta
3573 5361 3857 5422 dede-runt.
3881 5373 3933 5414 ne
3951 5352 4015 5410 hm:

2612 5446 2867 5527 quidem
2895 5449 3083 5510 modo
3112 5469 3178 5511 se
3210 5452 3587 5533 obligarunt
3616 5476 3629 5517 ;
3661 5455 3789 5533 ipsis
3811 5450 3928 5511 enim
3947 5461 4013 5502 ΜΕ
