4263 6376
722 320 800 382 54
1849 320 1951 380 DE
1992 321 2345 382 JUSTlTlA
2392 322 2493 381 ET
2534 322 2733 383 JURE

725 496 950 556 Sacrlo
980 496 1111 556 XII.
1164 494 1254 556 De
1311 504 1646 575 auqmento,
1693 494 2104 570 diminutione,
2154 513 2253 555 seu

800 587 1177 663 detractione,
1210 596 1267 648 et
1295 588 1658 648 revocatione
1686 588 2031 668 le9atorum.

801 707 857 786 ἓ.
890 712 946 769 1.
978 706 1069 768 De
1091 706 1443 768 detractione
1457 726 1573 789 per
1592 707 1940 769 Falcidiam.

794 826 849 905 ἓ.
883 829 943 886 2.
989 826 1078 888 De
1120 825 1474 887 detractione
1517 845 1592 887 ex
1634 825 1839 907 leqatis
1866 826 1935 887 ob
1964 824 2250 906 desectum

882 917 1180 981 bonorum.

723 1075 945 1135 Secrlo
976 1075 1132 1135 XIII.
1171 1071 1256 1133 De
1305 1072 1747 1134 commutatione
1794 1072 2153 1152 leqatorum,
2199 1081 2252 1133 et

801 1165 1024 1227 ultimoe
1050 1165 1387 1227 voluntatis.

724 1328 945 1387 SEcrxo
975 1326 1135 1386 xlv.
1169 1323 1257 1385 De
1279 1324 1602 1417 sepultura,
1635 1333 1691 1384 et
1714 1322 1941 1404 funeris
1960 1324 2245 1405 expensis.

723 1482 947 1544 Ssscno
976 1481 1106 1541 XV.
1143 1478 1229 1540 De
1257 1478 1564 1540 donatione
1591 1497 1765 1539 causa
1793 1477 2017 1539 mortis.

725 1637 946 1697 Sssc’no
977 1636 1133 1696 xvl.
1173 1634 1259 1695 De
1295 1633 1387 1710 iis,
1417 1652 1548 1715 quoe
1569 1633 1862 1715 pertinent
1891 1631 1971 1693 ad
1994 1641 2254 1693 executo-

803 1746 894 1788 res
922 1727 1398 1789 testamentarios.

724 1883 945 1943 Sssc'rlo
975 1882 1163 1944 XVII.
1203 1879 1288 1941 De
1334 1878 1747 1956 commissario,
1800 1888 1855 1939 ct
1896 1877 2020 1959 ejus
2062 1877 2250 1957 sacul-

801 1983 940 2035 tate.

805 2278 1143 2356 Postquam
1170 2274 1249 2335 de
1298 2273 1634 2335 donatione
1662 2273 1936 2353 gratuita
1981 2271 2244 2351 egimuS,

721 2368 1011 2448 congruit
1035 2386 1223 2448 agere
1252 2367 1329 2428 de
1357 2367 1766 2441 testamentis,
1812 2371 2147 2445 antequam
2170 2364 2249 2425 ad

720 2465 1079 2523 contractus
1127 2477 1421 2521 onerosos
1466 2458 1822 2532 veniamne,
1875 2458 2022 2538 quia
2063 2462 2249 2519 testa-

718 2557 934 2615 menta
977 2554 1296 2615 continent
1334 2552 1731 2630 largitionem
1782 2552 1972 2612 etiam
2017 2551 2250 2630 gratui-

718 2651 873 2723 tam,
925 2664 1063 2726 quae
1104 2665 1143 2708 a
1183 2646 1490 2706 moriente
1542 2644 1633 2707 fit.
1695 2647 1832 2704 Non
1889 2648 1984 2705 est
2037 2648 2249 2704 autem

721 2740 965 2801 animus
1022 2739 1229 2800 omnia
1283 2739 1390 2800 illa
1434 2739 1496 2799 in
1540 2737 1901 2817 particulari
1954 2740 2244 2812 tractare,

721 2851 862 2912 quae
889 2851 929 2893 a
961 2830 1335 2913 jurisperitis
1383 2830 1636 2892 tractari
1664 2830 1893 2906 solent,
1946 2834 2009 2890 et
2054 2846 2248 2889 unum

720 2924 998 3005 quidem,
1030 2924 1128 2984 vel
1155 2924 1364 3003 plures
1395 2928 1596 2984 tomos
1615 2922 1819 2982 facere
1842 2926 2114 3000 possent,
2139 2920 2248 2981 scd

722 3018 801 3077 de
849 3016 1393 3098 principalioribus
1441 3015 1784 3095 capitibuS,
1853 3033 1992 3094 quae
2049 3013 2250 3074 niaxi-

718 3129 821 3171 me
850 3110 929 3169 ad
959 3109 1352 3170 conscientiae
1379 3108 1603 3175 ¹forum
1651 3108 2004 3169 necessaria
2030 3106 2249 3166 viden-

718 3209 843 3281 tur,
877 3222 952 3264 ex
982 3203 1208 3283 quibus
1233 3204 1372 3264 aliae
1400 3203 1601 3282 magis
1617 3202 2024 3281 particulares
2054 3220 2251 3280 quoes-

715 3296 919 3360 tiones
945 3296 1171 3356 resolvi
1202 3301 1482 3375 possunt,
1512 3302 1573 3358 et
1601 3295 1801 3356 videri
1831 3294 1999 3374 apud
2029 3297 2249 3354 aucto-

718 3408 840 3465 reS,
872 3389 1217 3468 praesertim
1261 3389 1429 3467 apud
1465 3387 1761 3451 Molinarn
1792 3388 1895 3467 qui
1928 3388 2127 3466 primo
2158 3391 2248 3447 to-

716 3501 821 3542 mo
851 3482 1121 3560 copiose,
1155 3486 1218 3543 et
1246 3482 1428 3543 docte
1459 3482 1535 3542 de
1565 3481 1798 3543 ultimis
1819 3479 2246 3541 voluntatibus

721 3573 1083 3653 disputavit.

1202 3985 1622 4068 SEcho
1705 3985 1759 4069 Ι.

722 4293 838 4367 Qui
859 4293 935 4354 sit
980 4300 1397 4368 testamentum,
1432 4289 1577 4372 quid
1612 4289 1930 4367 codicillus,
1979 4301 2035 4350 et
2062 4290 2133 4352 de
2157 4311 2252 4352 so-

932 4399 1225 4460 lemnitate
1250 4397 1330 4459 ad
1352 4406 1661 4479 utrumque
1686 4397 2025 4459 necessaria.

798 4668 946 4738 Quae
975 4664 1056 4725 ad
1084 4664 1332 4726 ultimas
1360 4665 1711 4726 voluntates
1739 4668 2059 4745 spectant,
2110 4683 2247 4726 ma-

610 4811 667 4842 „
709 4758 834 4838 jori
864 4778 937 4819 ex
965 4760 1143 4838 parte
1171 4757 1484 4836 pertinent
1511 4757 1591 4818 ad
1620 4757 1893 4835 legistae,
1940 4762 2003 4818 et
2038 4758 2249 4837 aliqua

492 4857 590 4894 ‘⁰²¹¹
638 4885 649 4903 ·
714 4852 796 4913 ad
822 4851 1179 4930 theologos;
1240 4869 1315 4911 ea
1361 4868 1500 4930 quae
1546 4850 1625 4910 ad
1669 4849 1920 4928 legistas
1963 4856 2248 4930 spectant

711 4946 963 5006 brevius
993 4944 1409 5025 perstringam
1430 4990 1445 5020 ,
1481 4942 1626 5022 quia
1656 4944 2014 5004 conducunt
2042 4945 2122 5004 ad
2152 4945 2247 5005 fo-

709 5058 850 5100 rum
879 5043 1226 5115 externum,
1253 5037 1469 5117 dequo
1503 5036 1928 5116 principaliter
1956 5055 2080 5097 non
2109 5037 2245 5115 agi-

709 5149 879 5209 mus;
929 5141 1063 5193 tum
1094 5131 1241 5210 quia
1269 5130 1543 5208 pendent
1571 5147 1646 5188 ex
1673 5128 1954 5206 legibuS,
2008 5147 2147 5207 quae
2179 5130 2241 5188 in

705 5224 966 5304 singulis
993 5223 1332 5304 provinciis
1362 5223 1622 5283 diversae
1661 5225 1842 5292 sunt
1895 5239 2010 5281 nec
2037 5226 2243 5300 potest

707 5335 831 5376 una
859 5315 1170 5396 generalis
1191 5315 1474 5377 doctrina
1491 5332 1602 5394 pro
1625 5313 1913 5375 omnibus
1938 5313 2091 5374 locis
2117 5317 2241 5375 tra-

707 5410 791 5470 di.
844 5412 931 5469 De
981 5409 1207 5488 quibus
1236 5408 1552 5487 longiores
1582 5410 1880 5467 tractatus
1911 5405 2244 5468 ediderunt

707 5501 980 5564 Thomas
1010 5500 1292 5562 Sancbez
1320 5500 1427 5561 lib.
1461 5515 1548 5562 1v.
1586 5497 1807 5561 Consil.
1857 5501 1924 5561 P.
1956 5501 2240 5579 vasquez

2356 495 2415 554 in
2442 497 2731 577 opusculis
2758 501 3004 559 tractat.
3038 497 3109 559 de
3136 500 3519 575 testamentis,
3552 505 3616 561 et
3640 501 3894 578 longio-

2356 606 2488 648 rem
2539 591 2603 649 P.
2639 590 2867 651 Molina
2896 606 2940 651 1.
2980 595 3134 652 tom.
3182 590 3252 652 de
3284 591 3528 652 lustitia
3570 611 3608 651 a
3648 592 3889 671 disput.

2358 684 2491 742 124.
2525 700 2724 761 usque
2755 682 2832 742 ad
2851 683 3043 743 finem
3072 684 3245 759 tomi,
3271 683 3375 764 qui
3395 688 3605 745 tamen
3627 703 3896 763 praeser-

2353 772 2466 834 tim
2495 774 2797 851 Sanchez,
2830 778 2892 837 et
2919 777 3203 855 Vasquez
3231 776 3360 837 fere
3390 779 3764 856 quaestiones
3790 796 3895 837 re-

2354 866 2602 928 solvunt
2622 866 2802 948 juxta
2840 868 3011 947 leges
3040 870 3346 948 Hispanas
3370 917 3385 946 ,
3451 888 3591 949 quae
3634 870 3695 929 in
3724 870 3895 930 mul-

2353 960 2431 1020 tis
2460 977 2498 1020 a
2510 958 2652 1038 jure
2669 961 2985 1020 communi
3004 960 3398 1039 Digestorum
3421 966 3484 1022 et
3502 962 3737 1023 codicis
3771 961 3893 1021 dir-

2352 1052 2580 1114 ferunt.

2432 1145 2694 1205 Nomine
2722 1146 2933 1226 itaque
2963 1146 3198 1207 ultimae
3228 1146 3564 1208 voluntatis
3593 1145 3892 1224 intelligi-

2352 1256 2492 1297 mus
2519 1237 2988 1317 dispositionem
3033 1239 3372 1317 gratuitam
3418 1238 3496 1298 de
3537 1237 3717 1298 bonis
3746 1242 3895 1316 post

2352 1333 2618 1389 mortem
2648 1330 3034 1409 disponentis
3055 1376 3071 1407 ‚
3115 1348 3254 1409 quae
3282 1335 3484 1391 morte
3512 1330 3650 1409 ipsa
3676 1329 3894 1408 dispo-

2352 1422 2556 1482 nentis
2595 1424 3023 1483 confirmatur.
3070 1422 3380 1483 Dividitur
3423 1426 3635 1483 autem
3681 1422 3891 1500 primo

2353 1515 2416 1573 in
2444 1518 2889 1575 testamentum
2909 1562 2924 1591 ,
2974 1518 3038 1576 et
3065 1514 3443 1592 codicillum,
3477 1532 3616 1594 quae
3647 1515 3772 1575 duo
3817 1515 3886 1573 in

2353 1606 2472 1666 hoc
2501 1606 2898 1685 potissimum
2930 1607 3263 1683 differunt,
3314 1608 3481 1687 quod
3510 1611 3888 1669 testamento

2352 1698 2554 1759 haeres
2581 1699 2957 1775 instituitur,
3003 1700 3171 1779 quod
3201 1700 3263 1760 in
3309 1700 3593 1760 codicillo
3636 1718 3761 1760 non
3789 1700 3885 1775 fit,

2354 1792 2458 1870 qui
2490 1796 2585 1852 est
2613 1792 2786 1870 quasi
2817 1793 3152 1870 appendix,
3188 1797 3251 1853 et
3279 1792 3515 1853 additio
3545 1796 3890 1853 testamen-

2349 1884 2417 1946 ti.
2450 1886 2917 1945 Testamentum
2947 1885 3105 1946 solet
3132 1884 3373 1945 definiri
3397 1931 3413 1962 ,
3469 1886 3633 1964 quod
3683 1887 3764 1945 sit
3790 1905 3891 1945 uo-

2352 1976 2593 2036 luntatis
2611 1985 2827 2036 nostrae
2834 1976 3006 2056 justa
3031 1977 3332 2053 sententia,
3356 1977 3427 2038 de
3452 1996 3538 2054 eo,
3575 1977 3732 2058 quod
3755 1977 3891 2059 quis

2345 2077 2480 2150 post
2504 2077 2746 2129 mortem
2772 2088 2937 2129 suam
2967 2068 3108 2150 fieri
3130 2069 3277 2147 vult,
3298 2069 3420 2148 leg.
3455 2087 3499 2130 1.
3522 2072 3586 2130 ff.
3620 2069 3692 2131 de
3716 2079 3892 2131 testa-

2349 2160 2576 2237 mentis,
2609 2164 2679 2221 ut
2707 2166 2916 2223 autem
2945 2162 3287 2240 explicetur
3315 2163 3665 2224 differentia
3692 2168 3891 2224 testa-

2349 2254 2542 2315 menti
2572 2272 2609 2314 a
2636 2254 2942 2327 codicillo,
2974 2255 3122 2315 addi
3152 2256 3328 2329 solet,
3364 2254 3511 2316 Cum
3531 2255 3777 2316 ltaeredis
3795 2257 3890 2315 in-

2347 2346 2643 2409 stitutione
2670 2366 2694 2407 .·
2739 2366 2879 2427 quae
2911 2348 3067 2409 adeo
3098 2349 3452 2410 necessaria
3479 2353 3614 2409 erat
3639 2349 3717 2409 de
3739 2349 3886 2428 jure

2351 2440 2638 2519 antique,
2698 2445 2768 2501 ut
2812 2440 2945 2501 sine
2993 2459 3067 2500 ea
3109 2458 3234 2501 non
3282 2441 3483 2501 solum
3521 2446 3889 2503 corruerent

2350 2537 2577 2594 caetera
2607 2533 2836 2608 omnia,
2872 2533 2982 2594 sed
3013 2533 3201 2595 etiam
3233 2532 3370 2610 illa,
3407 2551 3548 2613 quae
3580 2538 3723 2594 ante
3752 2534 3887 2594 hae-

2349 2625 2517 2687 redis
2546 2624 2995 2686 institutionem
3023 2626 3226 2703 posita
3250 2630 3459 2687 essent
3488 2646 3502 2686 :
3537 2627 3642 2705 qui
3670 2631 3885 2687 tamen

2351 2715 2525 2794 rigor
2550 2717 2614 2776 in
2645 2717 2867 2777 ordine¹
2893 2718 3134 2779 ablatus
3174 2719 3293 2779 fuit
3320 2717 3463 2796 jure
3493 2718 3730 2779 noviori
3754 2767 3770 2789 ‚
3820 2721 3880 2798 ς.

2349 2811 2508 2869 Ante
2535 2809 2812 2883 hoeredis,
2862 2810 3045 2871 instit.
3078 2809 3148 2870 de
3175 2810 3398 2889 leqatts.
3453 2812 3578 2872 Nec
3624 2817 3891 2889 possunt

2349 2921 2482 2962 esse
2512 2903 2636 2963 duo
2664 2907 3037 2964 testamenta
3064 2903 3273 2964 valida
3303 2950 3318 2979 ,
3378 2903 3487 2963 sed
3535 2922 3647 2981 per
3674 2908 3886 2982 poste-

2347 2995 2476 3056 rius
2506 2998 2837 3058 revocatur
2864 2996 3065 3074 priuS,
3099 3002 3358 3074 excepto
3378 2995 3573 3055 milite
3604 2997 3709 3075 qui
3738 3014 3884 3056 cum

2350 3088 2586 3167 duplici
2611 3087 3301 3149 testamentodecedere
3332 3092 3597 3166 poterat,
3627 3088 3884 3167 quando

2349 3200 2472 3242 non
2501 3181 2942 3261 repugnabant
2966 3181 3129 3241 inter
3153 3200 3242 3256 se,
3278 3199 3395 3241 nec
3424 3180 3501 3240 do
3531 3181 3882 3242 revocatio-

2348 3294 2425 3334 ne
2455 3274 2803 3349 constabat,
2836 3274 2878 3334 l.
2916 3272 3295 3349 Ouoerebatur
3318 3320 3333 3349 ,
3384 3274 3514 3334 etl.
3547 3273 3761 3334 Militis
3789 3293 3887 3334 co-

2347 3367 2579 3442 dicillis,
2616 3368 2679 3427 ff.
2712 3366 2783 3426 de
2807 3365 3061 3426 militari
3086 3374 3420 3427 testamento
3439 3412 3454 3440 ,
3505 3365 3666 3427 sicut
3695 3366 3885 3428 etiam

2346 3465 2594 3539 poterat
2620 3458 2904 3520 codicillo
2935 3457 3252 3519 haeredem
3271 3459 3596 3520 instituere
3626 3478 3701 3519 ex
3730 3460 3881 3522 dict.

2347 3554 2387 3612 Ι.
2421 3551 2631 3613 Militis
2658 3551 2957 3613 codicillis.

2429 3647 2663 3706 Rursus
2691 3644 2991 3705 dividitur
3014 3645 3492 3707 testamentum
3476 3665 3539 3704 in
3554 3649 3887 3707 testamen-

2346 3743 2480 3799 tum
2510 3737 3034 3815 nuncupativum,
3069 3741 3133 3798 et
3158 3738 3648 3799 testamentum
3631 3758 3694 3798 in
3726 3740 3881 3800 scri·
3968 3781 4211 3824 Tum

4068 3837 4235 3876 insa-i·

3940 3889 4043 3943 ptis
4066 3896 4231 3929 etun-

3940 3900 4213 3996 pic-patrm

2345 3831 2515 3910 ptis:
2567 3829 2687 3890 hoc
2714 3830 3020 3907 posterius
3050 3829 3363 3909 appellare
3392 3831 3666 3891 solemus
3694 3836 4032 3893 testa-⁸¹¹¹·

2348 3926 2630 3983 mentum
2658 3923 2939 3983 clausum
2988 3926 3050 3984 et
3078 3923 3458 4001 sigillatum,
3510 3923 3661 3983 illud
3711 3925 3885 4002 prius

2349 4017 2792 4077 testamentum
2838 4020 3147 4093 apertum.
3193 4015 3291 4076 Ad
3333 4019 3776 4078 testamentum
3820 4017 3882 4077 in
3952 4089 3971 4106 ⁸

2349 4108 2595 4188 scriptis
2622 4107 3024 4187 requiruntur
3043 4108 3120 4168 de
3142 4110 3285 4188 jure
3302 4110 3617 4169 communi
3644 4115 3885 4190 septem

2350 4205 2560 4277 testes,
2593 4202 2873 4274 masculi,
2895 4201 3185 4280 pubereS,
3204 4201 3380 4262 liberi
3403 4202 3623 4263 saltem
3643 4203 3705 4263 in
3719 4221 3888 4263 com-

2350 4294 2522 4355 muni
2553 4293 3026 4371 existimatione,
3060 4298 3122 4355 et
3148 4296 3349 4373 rogati
3375 4340 3389 4369 ,
3437 4295 3557 4355 hoc
3603 4300 3698 4357 est
3728 4297 3888 4355 invi-

2349 4387 2462 4448 tati
2491 4386 2574 4448 ad
2602 4386 2752 4462 hoc,
2794 4405 3006 4447 coram
3036 4387 3261 4465 quibus
3290 4387 3474 4448 simul
3502 4393 3765 4449 testator
3794 4389 3889 4449 di-

2353 4484 2455 4541 cat
2476 4526 2491 4555 ,
2541 4479 2692 4539 illud
2723 4497 2857 4539 esse
2888 4498 3070 4540 suum
3099 4484 3541 4541 testamentum
3566 4527 3581 4556 ,
3644 4483 3706 4541 et
3734 4481 3886 4541 illud

2353 4573 2705 4634 subscribat
2726 4619 2740 4648 ,
2786 4573 2885 4632 vel
2915 4573 2967 4632 si
2998 4591 3121 4633 non
3150 4576 3356 4652 potest
3377 4619 3393 4650 ‚
3441 4573 3598 4633 alius
3629 4576 3889 4634 octavus

2350 4666 2524 4728 testis
2566 4664 2939 4725 adhiheatur
2968 4665 3070 4745 qui
3102 4683 3215 4742 pro
3246 4683 3318 4726 eo
3347 4665 3719 4727 subscribat.
3755 4668 3888 4726 Imo

2354 4775 2568 4839 omnes
2596 4756 2680 4817 illi
2729 4760 2917 4817 testes
2960 4757 3144 4817 simul
3191 4757 3424 4817 debent
3465 4757 3884 4834 subscribere,

2351 4856 2414 4912 et
2441 4850 2668 4928 singuli
2698 4849 2949 4927 signare
2989 4850 3243 4928 proprio
3274 4850 3502 4909 annulo
3527 4896 3542 4926 ,
3592 4849 3691 4910 vel
3719 4850 3887 4929 sigil-

2347 4944 2431 5020 10,
2466 4947 2575 5003 aut
2602 4941 2826 5016 alieno,
2858 4942 2900 5003 l.
2933 4942 3068 5002 Hac
3093 4942 3509 5002 consultissima
3533 4988 3549 5018 ,
3585 4944 3650 5004 C.
3682 4941 3754 5002 de
3781 4952 3887 5003 tes-

2348 5036 2638 5098 lamentis.

2427 5129 2780 5206 Dubitatur,
2817 5146 2893 5188 an
2924 5128 2976 5187 is
3004 5128 3109 5206 qui
3140 5127 3339 5188 haeres
3366 5127 3747 5203 instituitur,
3781 5128 3881 5187 vel

2347 5222 2686 5300 legatarius
2748 5222 2944 5300 possit
2996 5220 3144 5281 illud
3211 5221 3378 5281 idem
3432 5223 3878 5281 testamentum
3964 5265 4179 5316 „a”

2348 5315 2665 5374 scribere
2642 5330 2839 5394 Jussu
2849 5312 3204 5373 testatoris?
3234 5312 3604 5390 Respondeo
3637 5313 3879 5390 negati·
3928 5319 4239 5426 ansts-:gn

3990 5437 4179 5468 mium

3989 5482 4193 5522 εει-ἣκετε

2339 5424 2415 5467 ve
2446 5407 2508 5466 in
2538 5409 2908 5468 testamento
2940 5405 2999 5464 in
3030 5404 3314 5483 scriptis,
3365 5404 3487 5482 leg.
3520 5404 3762 5482 prima,
3815 5407 3881 5466 et

2340 5499 2785 5579 sequentibus,
2818 5501 2884 5560 C.
2921 5497 2990 5558 de
3017 5516 3129 5574 ns
3189 5516 3288 5578 qut
3314 5496 3429 5557 sibi
3451 5495 3786 5557 adscribunt
3812 5516 3877 5557 m

4240 2340 4241 2355 ⁴
4224 2202 4241 2315 ᾼῌΑ..
