4263 6376
105 1050 152 1238 Ψαῖἓ

1107 358 1578 421 DISPUTATIO
1622 357 1898 434 xxvm,
1946 357 2222 420 SECTIO
2268 358 2398 420 vll.

3215 355 3334 415 427

192 531 543 607 secundum,
591 532 756 611 quod
801 532 887 594 ibi
933 532 1175 613 incipit,
1210 551 1334 594 non
1362 533 1700 611 participet
1798 551 2069 594 recursae
2121 552 2258 594 esse
2304 535 2556 612 potest,
2614 550 2696 592 an
2751 530 3019 609 capitale
3073 526 3332 590 secundi
3381 546 3448 590 An
3476 546 3678 589 intema-

191 623 571 703 proelationes
599 624 694 685 vel
723 624 841 685 alia
861 627 1008 705 jura
1038 644 1176 706 quae
1210 626 1411 705 primo
1442 625 1697 686 cambio

193 715 637 794 competebant.

262 807 471 883 Unde,
523 808 578 868 si
621 810 840 870 Petrus
885 816 1028 889 post
1072 810 1345 890 primum
1388 808 1705 870 cambium

191 903 386 961 Romae
413 917 452 960 a
477 901 718 961 Joanne
748 905 1098 980 acceptum,
1133 906 1196 962 et
1225 905 1368 962 ante
1388 900 1543 961 illud
1569 901 1707 961 Pla-

192 991 394 1052 centiae
421 992 692 1053 solutum
710 1039 726 1069 ,
759 994 930 1054 aliud
960 995 1277 1055 cambium
1304 993 1639 1054 Placentia}
1668 1010 1708 1052 a

194 1083 503 1145 Francisco
560 1085 873 1164 acciperet
918 1086 1262 1147 Modiolani
1309 1084 1701 1161 solvendum,

192 1183 249 1237 et
271 1182 479 1253 postea
506 1176 678 1236 aliud
705 1178 1018 1256 acciperet
1050 1178 1129 1238 ab
1160 1177 1427 1239 Antonio
1447 1179 1479 1238 J
1487 1176 1706 1238 oannis

191 1272 577 1349 procuratore
625 1269 706 1329 ad
753 1270 1242 1349 extinguendum
1283 1269 1555 1349 primum
1576 1315 1593 1345 ,
1645 1272 1709 1330 et

191 1366 316 1439 post
332 1360 464 1421 baec
485 1360 891 1440 decoqueret,
915 1381 1030 1423 nec
1051 1362 1313 1423 haberet
1328 1379 1450 1441 quo
1471 1365 1706 1432 utrum-

190 1471 299 1531 que
343 1451 657 1513 cambium
706 1454 976 1516 solveret
1007 1500 1024 1530 ,
1098 1455 1359 1515 deberet
1428 1452 1706 1532 praeferri

189 1546 538 1605 Franciscus
586 1549 654 1606 ut
681 1546 957 1607 creditor
984 1547 1261 1608 anterior
1288 1548 1320 1607 J
1329 1564 1529 1606 oanne
1548 1590 1565 1624 ,
1606 1543 1706 1606 cui

187 1640 389 1700 Petrus
417 1636 575 1696 nibil
615 1656 690 1696 ex
718 1637 920 1715 primo
957 1638 1204 1698 cambio
1236 1636 1543 1713 debebat,
1594 1635 1705 1696 sed

187 1730 373 1790 solum
400 1747 472 1789 ex
504 1730 808 1790 secundo,
852 1731 1031 1805 Item,
1067 1729 1117 1790 si
1145 1733 1479 1809 postquam
1510 1732 1706 1790 Anto-

188 1822 313 1882 nius
336 1825 406 1881 ut
430 1828 808 1900 procurator
831 1823 866 1883 J
874 1821 1093 1883 oannis
1131 1827 1193 1883 et
1220 1822 1391 1882 Petri
1416 1841 1494 1882 ex
1522 1839 1705 1901 pecu-

188 1913 294 1973 niis
318 1913 587 1974 Joannis
631 1913 794 1975 datis
824 1916 1008 1976 Petro
1045 1914 1127 1974 ad
1158 1913 1507 1975 secundum
1536 1931 1708 1974 cam-

187 2005 345 2065 bium
372 2005 633 2067 extinxit
652 2006 948 2084 primum,
981 2006 1243 2085 fugisset
1266 2026 1281 2079 ;
1318 2008 1535 2068 Petrus
1554 2005 1706 2065 nihil

189 2098 430 2158 deberet
452 2099 487 2159 J
496 2098 687 2157 oanni
717 2117 792 2158 ex
819 2098 1020 2177 primo
1050 2098 1319 2174 cambio,
1356 2098 1465 2159 scd
1493 2098 1699 2158 solum

191 2190 346 2269 quod
375 2189 453 2249 ab
483 2190 647 2269 ipso,
681 2191 778 2251 vel
800 2191 935 2270 ejus
956 2195 1361 2270 procuratore
1390 2191 1469 2250 ad
1491 2208 1708 2251 secun—

191 2284 327 2343 dum
353 2282 671 2343 cambium
685 2284 1047 2363 accepisset.
1081 2283 1145 2345 Si
1166 2288 1379 2344 autem
1399 2284 1709 2344 Antonius

192 2393 301 2435 uon
324 2376 356 2435 J
364 2375 589 2435 oannis
611 2374 863 2435 nomine
894 2375 1005 2436 sed
1026 2393 1162 2451 suo,
1196 2376 1344 2455 quia
1368 2376 1502 2453 ipse
1523 2393 1708 2453 pecu-

189 2467 310 2528 nias
335 2466 525 2528 etiam
558 2471 621 2527 et
648 2466 957 2528 creditum
983 2467 1070 2528 ibi
1091 2467 1304 2544 habet,
1338 2467 1574 2529 litteras
1599 2470 1706 2528 Pe·

189 2560 260 2619 tri
322 2564 733 2638 acceptasset,
808 2564 872 2620 et
925 2578 992 2620 se
1059 2559 1399 2638 obligasset
1465 2561 1707 2621 solvere

188 2652 398 2713 Joanni
426 2652 701 2730 primum
731 2652 1070 2728 cambium,
1105 2655 1167 2713 et
1194 2657 1413 2731 postea
1441 2656 1586 2713 ante
1615 2670 1709 2712 so-

187 2745 474 2806 lutionem
501 2745 752 2823 fugeret
775 2790 792 2820 ,
824 2745 921 2806 vel
952 2745 1372 2823 decoqueret,
1431 2747 1463 2806 J
1472 2763 1707 2806 oannes

191 2836 376 2897 solum
422 2837 692 2897 haberet
757 2837 1068 2897 actionem
1132 2836 1434 2898 directam
1490 2842 1709 2898 contra

192 2929 536 3004 Antonium,
573 2947 698 2989 non
729 2935 948 2990 contra
979 2932 1251 3006 Petrum,
1285 2929 1428 3008 quia
1451 2947 1564 3008 pro
1586 2930 1707 3007 pri-

190 3040 280 3081 mo
307 3022 553 3082 cambio
592 3023 728 3101 jam
765 3021 849 3081 illi
881 3024 1100 3082 Petrus
1129 3022 1517 3083 satisfecerat
1545 3021 1706 3084 datis

189 3113 390 3174 litteris
413 3114 495 3174 ad
516 3114 882 3191 Antonium,
918 3133 1073 3194 quas
1091 3114 1398 3175 Antonius
1424 3118 1708 3193 accepta·-

189 3214 387 3284 verat,
447 3214 510 3269 et
561 3208 809 3269 debitor
851 3213 1169 3269 manserat
1209 3208 1468 3269 Joannis
1497 3207 1706 3286 quoad

189 3300 345 3360 illam
371 3319 725 3361 summam:
759 3317 963 3379 neque
993 3300 1183 3360 etiam
1205 3301 1464 3378 posset-I
1472 3318 1706 3360 oannes

186 3392 277 3472 jus
303 3393 535 3454 habere
581 3397 800 3454 contra
841 3395 1095 3454 Petrum
1125 3411 1200 3453 ex
1226 3392 1502 3454 secundo
1532 3411 1703 3453 cam-

190 3486 304 3563 bio,
336 3487 483 3566 quia
506 3463 634 3546 fioc
661 3504 785 3546 non
806 3485 1043 3546 sactum
1071 3486 1276 3546 fuerat
1304 3504 1446 3546 cum
1465 3488 1704 3548 Joanne

193 3579 291 3640 sed
317 3596 459 3639 cum
477 3578 615 3640 solo
635 3578 929 3652 Antonio,
963 3578 1072 3656 qui
1100 3596 1211 3638 suo
1233 3578 1433 3638 solum
1454 3577 1705 3639 nomine

191 3670 409 3732 litteras
436 3670 607 3731 Petri
635 3670 1005 3748 acceptavit,
1041 3670 1216 3732 etita
1244 3669 1488 3730 dedisse
1524 3670 1703 3731 vide-

191 3769 280 3823 tur
305 3766 482 3824 Petro
514 3763 599 3823 ad
628 3762 944 3824 cambium
972 3781 1085 3822 suo
1115 3762 1367 3824 nomine
1391 3781 1703 3823 summam

192 3856 345 3918 illam
365 3904 382 3929 ,
433 3875 551 3936 pro
594 3875 721 3935 qua
747 3874 813 3915 sc
844 3855 1191 3917 debitorem
1216 3857 1251 3917 J
1259 3856 1446 3916 oanni
1474 3857 1705 3918 consti-

191 3954 407 4025 tuerat,
452 3954 522 4010 ιιι
551 3953 771 4010 notant
797 3948 1044 4009 Lessius
1072 3968 1247 4011 num.
1279 3953 1378 4010 Ἠ.
1423 3954 1487 4011 et
1526 3951 1704 4011 Salas

192 4042 341 4104 dicto
369 4042 521 4103 dub.
557 4058 668 4103 v11.
704 4059 876 4105 num.
909 4046 968 4102 7.
1000 4041 1302 4103 indirecte
1330 4047 1542 4103 tamen
1562 4060 1706 4120 pos-

189 4141 273 4196 set
294 4138 571 4198 Joannes
598 4150 785 4214 agere
815 4139 1032 4195 contra
1064 4137 1317 4197 Petrum
1340 4181 1357 4211 ,
1380 4140 1472 4200 ,ut
1508 4136 1571 4195 in
1601 4135 1708 4196 dc-

190 4228 441 4290 bitorem
487 4229 588 4290 sui
633 4227 933 4288 debitoris
963 4273 980 4303 ,
1040 4231 1111 4288 ut
1162 4228 1402 4289 seilicet
1454 4229 1705 4290 nomine

189 4321 536 4383 Antoniisui
567 4320 866 4381 debitoris
894 4324 1206 4399 repeteret
1232 4338 1272 4380 a
1303 4323 1502 4396 Petro,
1536 4320 1702 4400 quod

191 4415 308 4492 ipse
340 4419 557 4477 Petrus
568 4414 837 4475 Antonio
859 4413 1150 4475 debebat.
1173 4414 1446 4475 Adverte
1468 4418 1698 4489 tamen,

190 4507 509 4586 aliquando
534 4510 788 4568 Petrum
814 4507 1020 4585 ipsum
1049 4505 1466 4583 campsarium
1490 4506 1555 4566 in
1582 4506 1706 4586 pri·

190 4618 281 4661 mo
309 4601 556 4662 cambio
584 4598 931 4679 fidejubere
960 4617 1073 4677 pro
1104 4598 1373 4659 Antonio
1392 4647 1407 4674 ‚
1460 4602 1522 4659 et
1550 4599 1706 4660 obli-

189 4711 324 4771 gare
349 4711 414 4754 se
440 4696 475 4756 J
483 4692 675 4753 oanni
702 4691 1013 4771 campsori
1044 4691 1213 4771 quod
1242 4691 1551 4753 Antonius
1583 4691 1708 4752 sol-

189 4791 285 4847 vet
310 4804 451 4847 cum
480 4787 708 4847 effectu
736 4786 892 4864 ipsi,
937 4802 1050 4846 seu
1084 4784 1364 4845 remittet
1392 4784 1471 4843 ad
1500 4784 1705 4864 ipsum

188 4876 412 4939 litteras
431 4924 447 4955 ,
508 4883 581 4939 ut
632 4896 773 4939 cum
830 4878 1055 4940 effectu
1111 4876 1373 4956 recipiat
1424 4877 1705 4939 debitum

190 4970 360 5047 primi
385 4970 654 5044 cambii;
704 4976 766 5032 et
801 4975 948 5031 tunc
990 4970 1378 5049 decoquente
1405 4970 1700 5046 Antoni0‚

190 5063 482 5124 Joannem
538 5063 771 5124 habere
811 5062 914 5142 jus
960 5062 1267 5124 directum
1321 5067 1538 5124 contra
1584 5065 1700 5124 Pe-

192 5159 344 5216 trum
390 5162 459 5219 ut
498 5156 933 5236 fidejussorem
963 5156 1249 5232 Antonii,
1302 5156 1470 5235 quod
1514 5156 1703 5216 etiam

190 5246 340 5310 licite
365 5250 499 5311 fieri
527 5267 746 5329 posse,
798 5249 954 5311 dixit
991 5250 1399 5329 congregatio
1442 5249 1549 5309 illa
1579 5251 1702 5310 Ro-

191 5358 296 5402 mae
324 5341 557 5416 habita,
592 5346 661 5403 ut
687 5347 931 5404 constat
959 5361 1035 5403 ex
1049 5342 1256 5404 verbis
1280 5341 1701 5422 responsionis

189 5452 364 5514 supra
390 5436 626 5497 relatae.
661 5436 770 5497 His
799 5436 1154 5515 suppositiS,
1400 5451 1405 5456 ’

262 5529 441 5591 Sexta
459 5530 795 5591 difficultas
822 5529 990 5590 circa
1008 5529 1126 5591 hoc
1154 5529 1356 5609 ipsum
1386 5529 1699 5592 cambium

3311 620 3334 681 l
3382 599 3502 663 prim-i
3531 598 3677 642 cambii

1801 625 2063 702 cambii,
2115 627 2284 705 quod
2313 624 2646 687 Placentiae
2693 623 2938 701 accepit
2982 625 3202 684 Petrus
3232 638 3309 682 ve

1800 717 1935 796 ejus
1962 723 2351 796 procurator,
2386 717 2580 796 possit
2608 735 2744 778 esse
2773 733 2899 776 non
2929 714 3133 775 solum
3160 712 3331 773 mille

1804 810 1975 870 aurei
2006 813 2220 871 Romae
2249 811 2511 889 accepti,
2545 809 2656 869 sed
2685 809 2874 869 etiam
2903 807 3239 881 interesse,
3271 808 3336 865 et

1801 902 2048 962 lucrum
2076 903 2265 981 primi
2292 902 2520 963 cambii
2540 901 2708 981 quod
2729 900 3062 962 Placentiae
3092 897 3335 959 solven-

1804 994 1956 1054 dum
1983 995 2166 1057 erat?
2195 994 2564 1072 Respondeo
2590 1039 2606 1070 ,
2653 993 2894 1054 licitum
2932 991 2996 1051 id
3025 1009 3161 1052 esse
3190 1007 3336 1051 cum

1807 1087 2048 1148 Scortia
2093 1087 2157 1147 in
2196 1087 2347 1148 bull.
2384 1085 2609 1147 Pontif.
2661 1086 2931 1164 Epitom.
2968 1086 3104 1145 107.
3157 1082 3336 1143 theo-

1804 1198 1980 1240 rema
2006 1183 2146 1241 289.
2180 1179 2522 1257 Dupliciter
2549 1182 2759 1240 autem
2788 1178 2910 1238 hoc
2937 1176 3075 1237 fieri
3103 1177 3329 1254 potest.

1804 1272 2012 1333 Primo
2042 1272 2094 1332 si
2120 1274 2428 1347 JoanneS,
2479 1270 2576 1331 cui
2609 1289 2686 1332 ex
2713 1269 2916 1349 primo
2948 1267 3193 1329 cambio
3225 1266 3335 1327 de·

1803 1364 2032 1426 bentur
2049 1364 2383 1425 Placentiae
2411 1363 2581 1423 mille
2612 1361 2784 1423 aurei
2814 1379 2969 1440 quos
2991 1363 3203 1421 Romae
3234 1358 3337 1418 de·
3449 1372 3458 1375 ’

1805 1456 1934 1533 dit,
1968 1462 2030 1518 et
2057 1457 2316 1536 insuper
2342 1459 2440 1518 25.
2474 1473 2587 1534 pro
2618 1454 2920 1515 interesse
2944 1498 2960 1529 ,
3020 1470 3129 1513 seu
3158 1451 3334 1512 lucro

1805 1549 1967 1610 illius
1995 1549 2262 1622 cambii,
2313 1549 2698 1627 intelligatur
2739 1547 2890 1606 dare
2921 1547 3102 1607 Petro
3131 1544 3212 1604 ad
3240 1561 3338 1605 se-

1805 1643 2081 1703 cundum
2123 1642 2439 1703 cambium
2482 1644 2697 1702 Romae
2745 1638 3114 1700 solvendum
3154 1639 3329 1699 1025.

1806 1752 2054 1810 aure05,
2107 1735 2210 1814 qui
2241 1732 2465 1796 Joanni
2489 1732 2624 1812 jam
2653 1731 3000 1806 debentur,
3050 1732 3113 1790 et
3158 1728 3336 1789 exiis

1805 1826 2094 1887 omnibus
2113 1827 2433 1901 interesse,
2468 1844 2576 1885 seu
2597 1825 2841 1885 lucrum
2860 1820 3141 1883 solvendi
3170 1838 3335 1881 cam-

1769 1997 1773 2003 ‚
1803 1917 1889 1977 bii
1919 1918 2290 1981 solvendum
2318 1918 2417 1979 sit.
2480 1916 2769 1978 Secundo
2795 1961 2812 1991 ,
2864 1915 2918 1975 si
2958 1914 3161 1975 solum
3186 1911 3338 1974 velit

1806 2009 1954 2069 dare
1982 2010 2064 2070 ad
2091 2010 2438 2070 secundum
2468 2007 2785 2068 cambium
2803 2006 2973 2067 mille
2996 2022 3240 2081 aureOS,
3274 2007 3338 2064 et

1803 2101 2035 2163 idcirco
2092 2102 2296 2163 solum
2325 2101 2432 2162 det
2457 2103 2643 2163 Petro
2676 2099 3008 2160 Placentioe
3035 2102 3177 2160 975.
3228 2095 3338 2176 qui

1805 2213 1947 2256 cum
1976 2199 2073 2257 25.
2108 2195 2266 2270 aliis,
2301 2194 2406 2273 qui
2445 2213 2521 2254 ex
2547 2194 2851 2255 interesse
2881 2190 3213 2266 debentur,
3247 2189 3335 2249 fa-

1805 2288 1979 2348 ciunt
2004 2288 2174 2347 mille
2216 2291 2278 2348 et
2307 2292 2454 2348 tunc
2485 2304 2560 2346 ex
2587 2285 2735 2346 solis
2763 2284 2932 2344 mille
2961 2282 3335 2344 solvendum

1807 2380 1923 2440 erit
1974 2379 2273 2441 interesse
2321 2378 2582 2439 secundi
2628 2376 2857 2439 cambii
2914 2379 3165 2446 Romae;
3224 2373 3337 2435 sed

1804 2476 1953 2534 tunc
1984 2490 2107 2531 non
2138 2471 2436 2532 satisfecit
2455 2472 2676 2533 Petrus
2697 2469 2938 2547 integre
2956 2469 2992 2529 J
2998 2465 3183 2528 oanni
3205 2466 3342 2525 Pla-

1806 2564 2047 2640 centiae,
2080 2564 2227 2645 quia
2254 2581 2379 2624 non
2411 2561 2631 2623 habuit
2658 2561 2991 2640 pecuniam
3021 2557 3340 2619 sufficien-

1806 2661 1932 2718 tem
1949 2657 2029 2716 ad
2051 2656 2385 2717 solvendos
2403 2658 2579 2717 1025.
2614 2672 2769 2734 quos
2799 2652 3105 2724 debebat;
3141 2668 3337 2730 quare

1807 2750 1994 2810 credo
2020 2796 2035 2825 ,
2085 2748 2282 2828 priori
2321 2748 2508 2810 modo
2554 2745 2877 2825 negotium
2907 2744 3026 2805 boc
3053 2741 3271 2822 peragi
3302 2759 3339 2801 a

1805 2841 2277 2903 mercatoribus
2328 2843 2560 2901 Neutro
2606 2844 2818 2900 autem
2856 2836 3045 2897 modo
3075 2834 3340 2895 solvitur

1804 2935 2103 2996 interesse
2133 2934 2211 2994 de
2240 2933 2562 3008 interesse,
2597 2931 2707 2992 sed
2737 2929 2998 2990 solvitur
3022 2927 3221 2987 intere
3237 2944 3336 2986 sse

1806 3045 1882 3086 ex
1911 3026 2185 3088 secundo
2242 3025 2529 3103 capitali,
2590 3025 2855 3086 conflato
2904 3040 2981 3081 ex
3026 3020 3336 3081 interesse

1804 3119 1977 3200 prius
2006 3117 2205 3179 soluto
2231 3164 2248 3195 ,
2309 3122 2372 3179 et
2416 3118 2495 3178 ad
2541 3116 2711 3197 quod
2756 3114 3127 3176 solvendum
3155 3129 3334 3181 acce·

1804 3218 1982 3292 ptum
2036 3212 2152 3274 suit
2195 3229 2428 3273 novum
2469 3210 2732 3289 capitale
2779 3207 3036 3269 secundi
3080 3204 3331 3267 cambii.

1806 3309 1937 3367 Hoc
1966 3311 2176 3366 autem
2207 3304 2393 3365 debet
2420 3303 2715 3382 intelligi,
2749 3301 2867 3361 nisi
2895 3301 2974 3362 ab
3004 3299 3180 3361 initio
3213 3316 3328 3376 pa-

1805 3402 1975 3460 ctum
2003 3399 2207 3458 solum
2236 3396 2334 3473 sit,
2369 3397 2447 3456 de
2477 3395 2778 3457 solvendo
2800 3394 3098 3456 iuteresse
3127 3391 3192 3452 in
3213 3393 3337 3452 fine

1803 3491 1994 3553 totius
2023 3489 2273 3565 cambii,
2308 3492 2375 3551 ut
2402 3488 2667 3549 dicimus
2696 3507 2758 3548 n.
2795 3489 2932 3548 123.

1887 3584 2169 3663 Septima
2197 3582 2532 3643 difficultas
2576 3585 2672 3642 est
2711 3580 2878 3642 clrca
2920 3576 3330 3658 provisioneS,

1804 3696 1886 3738 an
1931 3682 1993 3737 et
2038 3675 2351 3755 quomodo
2404 3692 2479 3734 ex
2527 3671 2770 3734 cambio
2827 3688 3096 3731 recursae
3140 3665 3336 3745 recipi
3403 3710 3437 3753 1>
3438 3708 3663 3753 mione·

1804 3769 2085 3849 possint?
2126 3767 2597 3845 Respondetur,
2647 3763 3039 3844 provisiones
3086 3760 3177 3820 illi
3220 3758 3333 3819 soli
3411 3776 3462 3806 α
3495 3764 3653 3805 cambio

1805 3862 2041 3937 deberi,
2076 3861 2183 3939 qui
2211 3859 2390 3920 alteri
2418 3858 2482 3918 in
2513 3858 2632 3918 boc
2661 3855 2910 3932 negotio
2942 3852 3234 3927 inservit,
3268 3854 3338 3911 ut
3384 3828 3684 3932 namnam

1804 3953 1939 4033 ejus
1967 3953 2252 4014 minister
2278 3952 2373 4012 vel
2404 3953 2807 4030 procurator,
2861 3951 2928 4008 ut
2955 3963 3147 4023 supra
3177 3943 3336 4003 dixi·
3465 3922 3611 3978 ’‘²⁰⁸¹'‘

1805 4065 1944 4106 mus
1973 4066 1987 4106 ε
2023 4063 2217 4124 quare
2248 4043 2553 4105 Antonius
2589 4060 2700 4120 pro
2731 4041 2807 4101 iis
2836 4038 3162 4114 omnibus,
3198 4056 3338 4116 quae

1804 4140 1954 4201 facit
1998 4144 2066 4199 ut
2093 4140 2462 4216 procurator
2486 4135 2747 4197 Joannis
2786 4131 3166 4212 campsoris,
3215 4148 3340 4191 non

1805 4236 2012 4312 potest
2037 4231 2425 4310 provisiones
2455 4228 2704 4307 exigere
2750 4246 2788 4288 a
2813 4230 2995 4288 Petro
3045 4243 3339 4303 campsa-

1804 4326 1920 4402 rio,
1955 4324 2064 4385 sed
2092 4343 2131 4385 a
2157 4325 2192 4385 J
2201 4340 2434 4398 oanne,
2477 4321 2526 4381 si
2554 4320 2633 4381 ab
2664 4338 2737 4381 eo
2767 4320 2921 4381 alias
2950 4317 3342 4398 stipendium

1804 4437 1931 4480 non
1952 4417 2143 4477 habet
2163 4434 2274 4494 pro
2308 4432 2381 4475 eo
2412 4414 2638 4476 officio,
2674 4415 2794 4474 Pro
2815 4412 2890 4472 iis
2910 4416 3123 4474 autem
3142 4410 3341 4472 omni-

1804 4513 1942 4588 buS‚
1978 4528 2117 4589 quae
2149 4508 2297 4570 facit
2323 4508 2394 4567 in·
2419 4505 2792 4586 obsequium
2812 4505 3000 4580 Petri,
3035 4507 3099 4565 et
3117 4508 3187 4565 ut
3205 4503 3341 4583 ejus

1804 4607 2194 4684 procurator,
2227 4603 2432 4680 potest
2462 4599 2851 4679 provisiones
2862 4598 3067 4677 justas
3096 4614 3135 4656 a
3153 4597 3337 4658 Petro

1805 4697 2052 4775 exigere
2073 4741 2089 4771 ‚
2149 4713 2210 4755 ν.
2242 4712 2338 4772 gr.
2385 4691 2637 4772 quando
2685 4690 2937 4751 nomine
2965 4688 3133 4750 Petri
3160 4706 3343 4749 acce-

1806 4790 1940 4868 piat
1968 4790 2103 4867 ejus
2130 4787 2372 4847 litteras
2405 4784 2735 4846 Placentiae
2761 4831 2776 4859 ,
2835 4782 3060 4862 quaerit
3086 4785 3150 4842 et
3177 4779 3342 4841 acci-

1803 4882 1895 4959 pit
1923 4879 2254 4958 pecuniam
2284 4879 2367 4938 ibi
2396 4876 2475 4938 ad
2507 4876 2856 4938 secundum
2884 4873 3202 4935 cambium
3221 4918 3237 4949 ,
3271 4875 3342 4934 ut

1802 4973 2073 5051 primum
2102 4973 2322 5044 solvat,
2358 4970 2636 5049 illudque
2653 4968 2859 5045 solvit,
2893 4971 2955 5028 et
2982 4967 3222 5027 litteras
3251 4964 3333 5025 ad

1806 5068 2058 5127 Petrum
2086 5063 2349 5125 remittit
2406 5081 2422 5123 :
2484 5062 2618 5121 haec
2662 5060 2828 5120 enim
2858 5057 3068 5119 omnia
3094 5056 3244 5117 facit
3273 5055 3337 5115 in

3487 3584 3599 3644 ⁴03

1803 5158 1969 5220 Petri
2016 5157 2388 5235 obsequium
2437 5157 2498 5216 et
2543 5174 2619 5214 ex
2664 5155 2799 5232 ejus
2842 5150 3281 5213 commissione
3317 5168 3331 5210 :

1802 5270 1996 5331 quare
2024 5249 2220 5325 sicut,
2251 5248 2303 5309 si
2332 5252 2552 5311 Petrus
2581 5246 2700 5306 boc
2730 5244 3005 5306 officium
3033 5242 3333 5304 commis-

1800 5344 1999 5420 sisset,
2032 5362 2157 5403 non
2188 5340 2456 5403 Antonio
2487 5336 2874 5419 procuratori
2903 5336 3187 5412 Joannis,
3220 5333 3333 5396 sed

1800 5437 1977 5499 alteri
2005 5434 2396 5516 procuratori
2424 5433 2520 5494 sui
2549 5431 2762 5506 soliuS,
2798 5430 2986 5491 debet
3014 5428 3106 5488 illi
3131 5427 3333 5507 provi-

1798 5529 2071 5607 sionem,
2130 5528 2351 5608 suique
2392 5525 2625 5587 laboris
2666 5522 3023 5586 mercedem
3063 5523 3328 5601 solvere,
