4263 6376
1183 258 1654 320 DISPUTATIO
1696 256 1914 332 XXIX,
1963 255 2238 318 SEGTIO
2280 257 2355 317 11.

3226 258 3341 317 447

224 455 333 499 rem
356 455 390 497 a
414 433 702 496 solvenda
728 432 1029 513 pensione
1073 450 1188 513 pro
1233 439 1371 496 rata
1408 433 1707 513 temporis
1805 430 2135 494 locationis
2165 431 2244 491 ad
2287 430 2563 510 primum
2591 431 3039 494 conductorem
3077 437 3340 511 spectat,

222 531 377 605 illius,
405 532 470 589 ut
495 531 737 588 constat
764 546 839 587 ex
868 526 910 588 l.
949 525 1266 604 Ouoeritur‚
1299 528 1354 606 ἓ.
1388 526 1453 587 E
1452 526 1702 603 xercitu,

222 626 257 685 l.
282 621 647 683 Habitatores.
678 621 735 699 §.
769 620 881 683 011.
914 620 957 681 l.
990 619 1069 680 Si
1089 618 1340 700 fundus,
1373 623 1437 681 et
1464 618 1709 680 duabus

221 712 582 793 sequentibus
601 758 617 789 ,
649 714 710 776 ff.
740 711 954 788 locati,
985 711 1028 772 l.
1059 710 1277 772 Pedius
1296 758 1312 789 ,
1345 711 1410 771 in
1440 710 1705 789 princip.

222 809 275 868 ff.
312 804 373 866 de
412 803 699 881 incendiis,
750 808 815 866 et
868 824 943 864 ex
997 805 1316 865 communi
1355 804 1705 879 doctorum,

222 918 353 979 quos
376 899 545 958 affert
572 902 634 958 et
677 897 963 976 sequitur
990 897 1134 959 Mol.
1166 897 1397 978 disput.
1430 899 1568 959 493.
1605 895 1712 974 qui

221 1012 272 1052 n.
300 996 351 1052 2.
379 990 530 1050 bene
559 992 735 1050 notat
761 1008 904 1050 cum
936 989 1093 1066 aliis,
1127 1008 1250 1050 non
1280 990 1513 1049 referre
1544 987 1712 1067 quod

218 1084 417 1145 bellum
432 1083 667 1161 justum
698 1082 778 1143 sit
804 1082 903 1142 vel
938 1081 1258 1161 injustum,
1283 1081 1363 1142 01)
1392 1080 1571 1160 cujus
1584 1098 1711 1141 me-

219 1185 332 1240 tum
358 1176 567 1236 domus
596 1194 634 1235 a
663 1175 1049 1236 conductore
1079 1175 1406 1236 deseratur
1431 1194 1447 1246 ;
1481 1173 1598 1234 nisi
1618 1178 1715 1234 10-

219 1288 339 1331 men
366 1272 660 1348 praesente
680 1267 817 1347 jam
846 1267 1121 1346 periculo
1148 1267 1480 1329 conductio
1509 1267 1708 1340 fieret,

219 1381 322 1423 non
349 1361 503 1421 enim
531 1365 933 1422 excusaretur
972 1365 1123 1423 1000
1163 1360 1545 1436 conductor,
1595 1358 1715 1419 nisi

219 1454 528 1534 periculum
555 1454 744 1531 longe
775 1452 915 1531 plus
943 1457 1350 1529 accresceret,
1386 1471 1577 1532 quam
1607 1470 1714 1511 00-

218 1554 303 1608 tea
325 1552 658 1625 appareret.
704 1546 902 1607 Debet
944 1551 1155 1608 autem
1185 1545 1529 1607 conductor
1556 1564 1715 1605 nun-

217 1640 350 1701 tiare
373 1638 624 1699 locatori
658 1641 723 1699 et
747 1638 1062 1715 resistere,
1096 1639 1149 1699 si
1169 1638 1456 1700 nuntiare
1486 1642 1711 1716 potest,

218 1738 309 1792 aut
329 1732 451 1791 sine
478 1749 591 1791 suo
622 1731 902 1809 periculo
929 1731 1242 1807 resistere,
1278 1735 1346 1792 ut
1369 1735 1613 1793 constat
1639 1749 1717 1791 ex

218 1824 359 1885 dicto
383 1824 436 1903 ἓ.
468 1821 780 1884 Eme-citu.
817 1824 881 1886 Si
898 1828 1108 1885 tamen
1125 1823 1512 1886 denuntiatio
1534 1824 1716 1885 inuti-

215 1918 278 1977 lis
301 1933 540 1995 prorsus
567 1915 777 1976 futura
807 1917 953 1993 erit,
1000 1916 1222 1977 merito
1265 1920 1444 1996 putat
1486 1917 1719 1978 Melina

217 2030 269 2070 n.
299 2013 350 2070 1.
380 2027 499 2069 non
529 2009 737 2069 minus
752 2010 1035 2070 excusari
1051 2009 1494 2070 conductorem
1515 2028 1721 2089 apen-

215 2103 366 2163 sione
392 2101 726 2179 solvenda,
762 2103 1048 2181 quamvis
1096 2120 1222 2162 non
1260 2101 1722 2164 denuntiaverit

218 2214 342 2256 cum
366 2199 596 2274 posset.
1004 2274 1007 2277 y

284 2288 539 2349 infertur
563 2286 863 2363 secundo,
893 2284 1042 2365 quid
1063 2286 1399 2347 dicendum
1415 2285 1514 2363 sit,
1531 2305 1724 2366 quan·

218 2382 287 2441 do
312 2381 386 2441 oh
414 2385 653 2459 pestem
681 2379 905 2440 domus
923 2380 1127 2441 locata
1149 2378 1494 2441 deseritur?
1516 2380 1722 2460 inquo

215 2493 345 2535 casu
373 2473 537 2533 idem
567 2473 844 2533 sentiunt
875 2472 1093 2549 multi,
1143 2490 1299 2552 quos
1335 2475 1515 2535 affert
1542 2477 1605 2534 et
1630 2491 1724 2533 se-

214 2567 404 2647 quitur
428 2565 661 2627 Melina
686 2584 748 2627 0.
782 2567 840 2627 3.
876 2565 998 2626 Alii
1025 2569 1238 2627 tamen
1280 2566 1576 2627 videntur
1602 2565 1724 2625 dis·

212 2659 443 2735 sentire,
477 2663 542 2722 et
571 2658 1050 2719 panormitanus
1076 2658 1140 2718 in
1171 2657 1584 2740 cap.Propter
1609 2666 1725 2718 ste-

211 2751 487 2829 filantem,
522 2770 587 2812 n.
620 2754 680 2812 8.
716 2751 793 2811 de
821 2751 1023 2813 locato
1044 2796 1059 2826 ,
1106 2750 1290 2827 dicit,
1324 2751 1426 2811 vix
1454 2751 1519 2810 in
1547 2749 1724 2829 praxi

211 2864 376 2925 posse
402 2845 467 2906 id
499 2844 790 2920 obtineri,
824 2848 888 2905 et
912 2843 1161 2904 Lessius
1189 2861 1283 2904 ca.
1317 2845 1537 2905 XXIV.
1570 2842 1720 2904 dub.

212 2955 272 2999 11.
328 2958 495 3000 num.
556 2942 617 2998 7.
678 2941 858 3015 putat
901 2936 963 2996 id
1013 2954 1138 2997 000
1199 2954 1333 2997 0330
1391 2956 1507 2998 030
1549 2953 1724 2997 rece-

210 3038 391 3110 ptum,
425 3036 487 3093 et
516 3029 897 3090 servandam
925 3028 989 3089 in
1018 3028 1139 3091 hoc
1169 3047 1303 3090 esse
1331 3029 1730 3090 lociconsue·

210 3124 496 3185 tudinem.
532 3121 712 3185 Unde
752 3122 816 3181 10
860 3126 1082 3183 senatu
1122 3122 1531 3202 Neapolitano
1577 3126 1730 3183 tem-

212 3236 348 3296 pore
377 3215 682 3295 Alphonsi
713 3215 971 3276 secundi
1001 3215 1257 3293 obligati
1300 3215 1552 3277 fuerunt
1579 3234 1734 3276 000-

209 3311 488 3372 ductores
516 3309 599 3370 ad
628 3308 994 3388 pensionem
1025 3307 1412 3385 solvendam,
1446 3312 1517 3369 ut
1544 3309 1734 3371 refert

207 3403 529 3464 Matthaeus
573 3400 646 3462 de
689 3401 930 3482 afflicte&
973 3400 1142 3480 apud
1191 3402 1635 3463 Covarruviam
1665 3401 1736 3462 de

203 3497 495 3577 prestabis,
530 3515 639 3575 qu.
673 3511 816 3555 xxx.
851 3513 957 3555 nu.
992 3497 1050 3556 3.
1086 3494 1194 3573 qui
1232 3499 1445 3555 tamen
1474 3497 1727 3556 Covarr.

207 3590 393 3667 addit,
428 3589 754 3650 decretum
781 3586 937 3648 illud
981 3587 1462 3665 Neapolitanum
1504 3587 1569 3647 in
1600 3587 1734 3648 aliis

207 3683 406 3762 regnis
430 3682 816 3743 servandum
847 3698 972 3742 non
1002 3699 1159 3742 esse.
1194 3682 1325 3759 Ego
1343 3699 1493 3741 vero
1515 3680 1736 3742 distin-

205 3795 479 3854 guerem,
511 3777 602 3836 ita
630 3778 698 3835 ut
726 3772 1074 3834 conductor
1114 3774 1447 3850 liberetur,
1483 3773 1734 3852 quando

205 3869 451 3931 domum
487 3867 805 3946 relinquit,
840 3884 913 3926 00
945 3866 1114 3946 quod
1145 3866 1369 3927 domus
1398 3866 1533 3944 ipsa
1561 3870 1736 3944 peste

205 3961 280 4022 sit
303 3962 537 4022 infecta
560 4006 576 4037 ,
627 3976 745 4019 000
799 3957 887 4018 ibi
937 3958 1069 4018 sine
1112 3957 1411 4037 peculiari
1458 3958 1735 4036 periculo

203 4073 453 4116 manere
481 4053 722 4133 possit,
769 4055 832 4111 et
859 4050 938 4110 ad
968 4050 1154 4111 aliam
1186 4051 1444 4112 domum
1488 4051 1733 4129 transit,

205 4153 265 4209 et
288 4149 409 4210 hoc
438 4146 696 4227 quando
743 4143 1004 4222 periculi
1046 4148 1109 4206 et
1153 4143 1507 4205 infectionis
1547 4162 1738 4204 causa

203 4241 277 4300 ab
304 4241 443 4320 ipso
474 4238 859 4300 conductore
891 4240 1098 4297 ortum
1123 4255 1249 4297 non
1280 4235 1502 4298 habuit
1523 4253 1538 4299 ε
1560 4254 1740 4297 secus

204 4350 370 4411 vero,
410 4331 672 4413 quando
700 4328 921 4390 civitas
949 4329 1182 4390 infecta
1210 4332 1408 4405 esset,
1443 4334 1506 4391 et
1533 4328 1615 4389 ad
1642 4329 1740 4389 fu·-

203 4426 504 4504 giendum
532 4421 883 4504 periculum
910 4421 1033 4483 alio
1062 4422 1335 4501 migrare
1362 4421 1573 4498 vellet,
1598 4439 1740 4500 quae

206 4536 326 4579 non
352 4518 610 4580 videtur
638 4533 831 4576 causa
858 4514 1173 4575 sufficiens
1203 4520 1266 4576 et
1293 4533 1526 4593 cogens
1541 4515 1622 4575 ad
1642 4532 1743 4575 re-

203 4611 613 4692 linquendam
642 4609 927 4684 domum,
957 4625 1102 4669 cum
1132 4607 1237 4668 alii
1261 4607 1429 4669 cives
1450 4607 1657 4668 adhuc
1676 4606 1741 4667 in

202 4704 475 4783 propriis
489 4701 780 4763 domibus
795 4704 1182 4777 remaneant,
1196 4705 1259 4761 et
1276 4704 1423 4761 tunc
1435 4699 1625 4761 etiam
1638 4717 1742 4761 no·

201 4816 293 4859 101
311 4796 661 4858 iocationes
682 4798 746 4856 et
768 4792 1214 4856 conductiones
1236 4793 1538 4855 domuum
1561 4793 1736 4870 fiant,

203 4891 327 4951 imo
359 4907 507 4969 quae
552 4887 864 4948 immunes
908 4887 1308 4965 reperiuntur
1341 4905 1379 4945 a
1424 4884 1736 4964 contagio,

202 4983 401 5062 pluris
432 4981 843 5043 aestimentur.

282 5075 562 5137 Infertur
578 5072 785 5147 tertie,
811 5071 1062 5150 quando
1086 5070 1605 5151 impedimentum
1623 5068 1742 5130 ori·

201 5172 304 5230 tur
328 5186 409 5228 ex
439 5171 619 5247 parte
648 5164 1088 5241 conductoris,
1138 5165 1225 5225 ita
1263 5165 1469 5243 ipsum
1511 5163 1742 5223 debere

203 5262 418 5323 adhuc
448 5258 816 5339 pensionem
845 5256 1110 5334 solvere,
1145 5262 1214 5319 ut
1232 5262 1443 5318 tamen
1470 5255 1520 5317 si
1549 5254 1744 5316 domi·

204 5375 322 5417 nus
350 5352 610 5416 interim
636 5369 772 5411 rem
801 5350 938 5410 aliis
967 5350 1129 5412 locet
1147 5397 1163 5428 ,
1196 5351 1425 5412 debeat
1450 5348 1515 5409 id
1541 5348 1748 5409 minus

204 5448 563 5510 conductor
587 5444 853 5520 solvere,
885 5443 1035 5521 quia
1062 5442 1333 5523 pretium
1369 5442 1524 5504 illud
1568 5459 1748 5504 novae

1808 524 1912 604 qui
1941 543 2073 585 rem
2103 524 2239 584 aliis
2265 524 2473 585 locare
2502 528 2734 604 posset,
2771 529 2839 585 ut
2866 529 3109 587 constat
3138 545 3218 585 ex
3247 525 3341 586 di-

1807 620 1906 678 010
1934 617 1989 695 ἓ.
2021 615 2171 678 Cum
2191 615 2452 696 quidam,
2474 622 2536 678 et
2565 636 2706 677 cum
2739 617 2875 678 aliis
2903 617 3087 679 (10001
3114 617 3348 679 Molina

1808 727 1981 769 num.
2015 711 2075 769 5.
2109 709 2304 770 Addit
2332 713 2544 771 autem
2571 710 2818 771 Lessius
2848 729 2954 772 nu.
3003 713 3100 772 10.
3152 711 3204 770 si
3232 710 3347 773 (10-

1808 819 1948 861 mus
1977 820 2014 860 a
2042 803 2102 861 te
2135 801 2445 862 conducta
2475 821 2599 863 000
2627 802 2847 864 fuisset
2866 821 3043 883 aeque
3063 803 3224 864 bene
3255 803 3347 863 al-

1808 894 1923 955 teri
1954 893 2260 970 locanda,
2305 913 2429 955 non
2476 894 2708 956 debere
2744 900 2806 957 te
2851 899 3048 957 totam
3090 897 3345 976 pensio-

1808 1004 1955 1046 nem
1984 986 2247 1062 solvere,
2268 987 2520 1066 quando
2538 988 2617 1049 01)
2632 987 3151 1068 impedimentum
3170 994 3346 1051 tuum
3699 988 3726 1023 Ψ

1810 1098 1951 1139 eam
1980 1078 2281 1158 relinquis
2305 1126 2321 1153 ,
2363 1080 2474 1140 sed
2502 1080 2760 1143 arbitrio
2791 1082 3115 1161 prudentis
3151 1104 3164 1144 :
3198 1083 3348 1162 quia

1809 1176 1959 1234 tunc
1986 1171 2174 1233 etiam
2206 1176 2578 1250 potestatem
2607 1173 2761 1234 facis
2801 1174 3054 1236 domino
3097 1195 3229 1236 rem
3261 1175 3347 1237 al·

1810 1264 1926 1327 teri
1980 1264 2263 1341 locandi,
2323 1265 2491 1344 quod
2548 1270 2644 1327 est
2694 1267 2894 1345 pretio
2952 1268 3341 1331 aestimabile.

1811 1357 2207 1419 Contrarium
2235 1362 2447 1420 tamen
2476 1358 2580 1419 alii
2621 1366 3019 1439 supponunt,
3072 1367 3134 1424 et
3170 1363 3233 1423 in
3262 1362 3348 1423 ri-

1811 1468 1964 1529 gore
1994 1450 2243 1512 videtur
2275 1469 2493 1512 verum
2528 1472 2540 1512 :
2577 1471 2793 1531 quare,
2827 1455 2878 1513 si
2897 1455 3167 1534 pretium
3183 1456 3349 1517 loca-

1810 1542 1999 1604 tionis
2026 1560 2154 1602 non
2204 1542 2322 1604 fuit
2374 1543 2671 1622 injustum
2692 1590 2708 1620 ,
2766 1547 3009 1607 etiamsi
3056 1547 3349 1610 dominus

1813 1634 2008 1714 possit
2034 1639 2253 1713 postea
2286 1634 2463 1696 alteri
2504 1636 2710 1697 locare
2753 1641 2815 1698 01
2861 1658 2982 1700 000
3029 1640 3227 1719 10001,
3260 1646 3352 1704 to-

1812 1733 1945 1791 tam
1999 1728 2365 1805 pensionem
2417 1730 2647 1808 poterit
2689 1749 2729 1791 a
2772 1735 2834 1793 te
2878 1733 3165 1811 exigere,
3201 1736 3348 1815 quia

1815 1825 1945 1881 tota
1975 1839 2049 1880 ex
2079 1824 2405 1883 contractu
2437 1821 2721 1900 debetur,
2773 1828 2836 1885 et
2877 1824 2988 1886 tibi
3018 1827 3208 1889 debes
3238 1830 3349 1891 im-

1815 1916 2036 1992 putare
2061 1959 2078 1988 ,
2124 1913 2292 1993 quod
2322 1914 2502 1974 alteri
2543 1914 2790 1977 interim
2820 1935 2962 1978 eam
2990 1938 3116 1981 non
3155 1923 3344 2000 10003,

1816 2025 1933 2067 000
1961 2006 2128 2066 enim
2157 2006 2447 2067 dominus
2491 2008 2571 2068 ad
2614 2008 2677 2068 id
2720 2013 3000 2089 tenetur,
3033 2030 3177 2074 cum
3214 2015 3351 2096 jam

1818 2099 2009 2160 semel
2031 2100 2201 2177 juste
2231 2099 2552 2163 locaverit.
2584 2101 2768 2163 Addo
2796 2106 3030 2183 tamen,
3065 2106 3114 2167 si
3146 2107 3349 2170 domi-

1818 2211 1935 2253 nus
1965 2195 2182 2270 postea
2210 2190 2433 2270 majori
2476 2193 2674 2272 pretio
2703 2195 2867 2258 locet
2894 2216 3084 2277 quam
3124 2200 3236 2261 tibi
3264 2201 3354 2265 lo-

1819 2289 2092 2361 caverat,
2125 2288 2327 2345 totum
2356 2285 2508 2346 illud
2536 2287 2808 2365 pretium
2837 2289 2948 2350 tibi
2978 2291 3235 2372 deberi,
3268 2295 3355 2357 ita

1819 2382 2043 2439 utnon
2089 2376 2291 2438 solum
2331 2378 2492 2439 liber
2535 2397 2793 2442 maneas
2820 2401 2860 2442 a
2887 2384 3185 2461 pensione
3232 2389 3356 2450 sol-

1819 2469 2045 2545 venda,
2079 2469 2192 2531 sed
2221 2488 2543 2532 excessum
2573 2472 2760 2534 etiam
2777 2475 3198 2540 illumlucrari
3218 2499 3359 2559 pos-

1821 2563 1926 2639 313,
1958 2562 2107 2643 quia
2136 2581 2235 2622 res
2256 2581 2294 2622 a
2312 2567 2371 2623 te
2401 2564 2712 2626 conducta
2739 2568 2852 2628 tibi
2878 2568 3214 2634 fructificat
3240 2574 3356 2636 du-

1820 2659 1999 2717 rante
2028 2659 2158 2717 1010
2186 2660 2470 2734 tempore
2498 2658 2949 2724 conductionis,
3580 2707 3594 2711 -

1902 2747 2173 2810 Infertur
2226 2754 2472 2828 quarte,
2531 2757 2814 2813 cessante
2866 2753 3054 2831 bello,
3101 2759 3201 2819 vel
3247 2759 3353 2821 illo
3501 2769 3575 2830 31

1825 2841 1945 2902 0110
1973 2838 2273 2920 periculo,
2308 2843 2485 2921 cujus
2514 2861 2702 2904 causa
2731 2863 2770 2904 a
2799 2845 3007 2909 debito
3036 2851 3354 2927 pensionis
3455 2893 3579 2939 cem

1823 2933 2125 2995 liberatur
2179 2934 2551 3014 conductor,
2614 2936 2843 2998 debere
2897 2939 3102 3018 ipsum
3158 2945 3358 3007 conti·
3426 2902 3704 3015 tmpaassssssn-

1826 3045 2021 3088 00010
2066 3031 2456 3088 contractum
2506 3029 2969 3109 conductioniS‚
3020 3034 3072 3094 si
3111 3039 3361 3117 tempus
3438 3005 3682 3102 rassfflufn.

1827 3119 2035 3180 adhuc
2063 3124 2369 3197 superest,
2402 3119 2452 3180 si
2484 3121 2691 3183 adhuc
2714 3141 2815 3184 res
2831 3123 2912 3186 sit
2928 3125 3174 3208 integra
3200 3150 3216 3205 ;
3243 3130 3363 3194 1100

1829 3219 1923 3275 031
1951 3213 2068 3274 nisi
2102 3213 2394 3274 dominus
2425 3215 2804 3277 conductore
2850 3218 3122 3283 abeunte
3145 3268 3161 3300 ,
3194 3224 3359 3285 loca·

1828 3306 1991 3368 verit
2018 3305 2225 3379 alteri;
2260 3310 2408 3366 tunc
2425 3306 2592 3369 enim
2618 3327 2742 3369 non
2763 3311 2991 3388 poterit
3019 3315 3367 3378 conductor

1831 3399 2080 3461 rediens
2110 3416 2337 3476 cogere
2364 3398 2707 3462 locatorem
2738 3401 2819 3461 ad
2865 3405 3366 3471 continuandum

1833 3495 2226 3554 contractum
2266 3508 2280 3554 :
2334 3491 2495 3553 sicut
2534 3511 2739 3572 neque
2788 3513 2822 3554 e
2868 3501 3087 3559 contra
3124 3500 3368 3564 locator

1832 3584 2063 3665 poterit
2090 3601 2316 3662 cogere
2346 3585 2793 3647 conductorem
2823 3588 2905 3649 ad
2946 3591 3362 3673 redeundum,

1834 3676 2085 3757 quando
2137 3676 2484 3739 conductor
2528 3677 2690 3739 bello
2736 3679 2846 3740 diu
2900 3691 3364 3764 perseverante,

1833 3770 2017 3848 longe
2046 3768 2381 3848 migravit,
2416 3773 2480 3831 et
2505 3789 2630 3831 non
2675 3776 2881 3851 potest
2906 3775 3039 3835 sine
3066 3780 3247 3856 gravi
3273 3780 3370 3840 in-

1836 3861 2168 3925 commodo
2197 3861 2403 3922 redire
2427 3908 2443 3939 ,
2477 3865 2548 3924 ut
2589 3864 2814 3941 probat
2839 3867 3072 3929 Melina
3098 3889 3271 3934 num.
3303 3877 3364 3935 4.

1837 3955 2016 4017 Ratio
2047 3959 2259 4016 autem
2289 3973 2425 4014 esse
2454 3959 2661 4034 potest
2688 4005 2703 4033 ,
2755 3957 2903 4037 quia
2932 3959 3241 4025 discessus
3269 3966 3371 4028 ille

1836 4047 2258 4124 conductoriS,
2293 4051 2354 4109 et
2379 4051 2511 4112 tota
2538 4048 2908 4127 impotentia
2947 4054 3254 4119 redeundi
3280 4060 3374 4122 vi-

1838 4143 2021 4204 detur
2047 4145 2185 4202 0110
2215 4159 2290 4201 ex
2317 4140 2519 4220 primo
2561 4141 3007 4220 impedimento
3031 4193 3048 4224 ,
3099 4151 3267 4228 quod
3298 4171 3374 4213 ex
3482 4149 3488 4156 ’

1837 4238 2013 4314 parte
2043 4233 2238 4313 ipsius
2265 4234 2358 4295 rei
2386 4232 2607 4296 locatae
2633 4234 2779 4313 fuit,
2814 4242 2876 4301 et
2920 4257 3044 4300 non
3092 4260 3167 4301 ex
3194 4249 3372 4324 parte

1838 4327 2256 4390 conductoris·

1919 4421 2188 4482 Infertur
2215 4419 2457 4498 quinto,
2492 4420 2745 4499 quando
2767 4420 3284 4501 impedimentum
3305 4449 3371 4493 se
3521 4447 3598 4508 32

1837 4518 2010 4575 tenet
2038 4531 2113 4573 ex
2140 4517 2319 4591 parte
2359 4512 2661 4590 locantis,
2713 4514 2819 4593 qui
2865 4516 3019 4578 illud
3064 4519 3371 4600 impedire
3424 4572 3527 4626 Quid
3565 4574 3600 4616 ,ἰ
3636 4572 3718 4617 ,m-

1838 4605 2061 4687 potuit,
2095 4606 2196 4667 vel
2225 4623 2617 4685 praemonere
2648 4606 2866 4669 debuit
2893 4611 3369 4696 conductorem,
3425 4606 3700 4690 quitiventum

1838 4700 2151 4761 iocantem
2178 4699 2378 4759 teneri
2406 4717 2532 4759 non
2562 4699 2763 4760 solum
2800 4700 2883 4762 ad
2927 4705 3372 4778 remittendam
3444 4686 3705 4776 ἰ’ἑέἆῑὲἓῖἷῗ

1842 4791 2206 4870 pensionem
2236 4809 2348 4870 pro
2377 4795 2514 4852 rata
2544 4792 2843 4872 temporis
2866 4840 2882 4871 ,
2934 4796 3044 4856 sed
3074 4798 3263 4859 etiam
3293 4803 3374 4864 ad

1841 4888 2042 4946 totum
2070 4883 2370 4945 interesse
2399 4884 2788 4946 conductori.
2836 4887 2914 4947 Et
2960 4889 3218 4968 quidem
3248 4911 3375 4956 000

1841 4976 2044 5037 301010
2068 4976 2151 5036 ad
2180 4976 2927 5056 interesseintrinsecum,
2947 4981 3058 5041 sed
3083 4983 3272 5045 etiam
3293 4987 3376 5049 ad

1844 5068 2283 5143 extrinsecum,
2317 5087 2378 5130 v.
2422 5087 2485 5148 g.
2543 5074 2848 5150 quantum
2903 5073 3250 5137 conductor
3303 5097 3379 5141 ea

1847 5161 2175 5223 occasione
2203 5161 2553 5222 lucraturus
2580 5162 2829 5241 fuisset,
2876 5170 2946 5226 ut
2974 5170 3193 5229 contra
3222 5170 3379 5234 alios

1845 5253 2071 5334 probat
2096 5254 2257 5314 bene
2305 5253 2450 5316 Mol.
2499 5272 2674 5316 num.
2706 5260 2768 5316 7.
2802 5258 2950 5338 quia
2993 5258 3140 5324 licet
3166 5264 3379 5326 vendi·

1846 5351 1946 5409 tor
1972 5346 2175 5408 solum
2202 5351 2490 5414 teneatur
2517 5348 2785 5426 emptori
2824 5350 2908 5412 ad
2953 5351 3256 5420 interesse
3283 5359 3382 5420 in·

1844 5439 2185 5502 trinsecum
2214 5458 2288 5502 ex
2316 5440 2361 5503 1.
2392 5438 2471 5503 Si
2490 5440 2732 5519 stem'lzb,
2775 5442 2833 5520 ἓ.
2870 5440 3021 5507 Cum
3041 5465 3153 5528 per
3180 5450 3381 5515 vendi.
