4263 6376
489 1728 602 1787 114

432 1851 657 1898 Proui-sio

385 1907 484 1951 ficti
500 1907 623 1949 alieni
633 1905 685 1948 nd

386 1960 484 2017 quid
510 1959 683 2015 obliget.

517 5354 633 5416 115

729 241 808 301 22

729 416 791 478 xi
816 417 941 480 late
968 417 1118 480 dict.
1150 425 1301 483 sect.
1334 436 1431 482 111.
1477 421 1588 483 ubi
1615 421 1885 483 vidimus
1914 425 2058 482 ante
2100 438 2259 500 opus

729 509 1012 571 illicitum
1041 514 1383 589 patratum,
1423 514 1539 576 sub
1569 515 1748 595 cujus
1777 514 2136 576 conditione
2154 513 2260 573 ali-

730 602 880 682 quid
910 603 1284 683 promissum
1307 611 1418 680 est,
1453 607 1928 685 promissionem
1949 625 2075 667 000
2106 606 2263 667 01111-

729 713 904 774 3016,
941 696 1068 756 imo
1097 695 1328 758 debere
1358 699 1610 761 omnino
1641 700 1992 777 retractari,
2025 705 2158 761 tam
2186 716 2259 759 ex

729 791 907 865 parte
933 788 1328 867 promissoris
1358 810 1548 871 quam
1565 811 1640 852 ex
1655 796 1832 872 parte
1848 790 2258 872 promissarii,

701 898 810 940 -ne
839 879 1023 942 detur
1049 883 1295 944 occasio
1330 885 1659 962 peccandi,
1693 890 1757 946 et
1784 886 1932 966 quia
1954 884 2090 965 ipsa
2120 903 2261 963 pro-

728 973 941 1034 missio
1007 992 1416 1052 perseverans
1472 982 1566 1039 est
1626 979 1875 1040 allicere
1929 977 2263 1058 promissa-

728 1065 914 1141 rium,
948 1070 1013 1128 et
1037 1067 1305 1129 suadere
1335 1070 1393 1130 ei
1422 1087 1580 1149 opus
1597 1070 1882 1133 illicitum
1907 1069 2265 1149 promissio-

730 1176 810 1218 ne
864 1161 1411 1224 remunerationis,
1479 1165 1821 1243 Postquam
1893 1181 2042 1224 vero
2106 1180 2264 1240 opus

729 1252 966 1313 malum
1019 1254 1292 1331 positum
1349 1259 1480 1331 est,
1540 1256 2023 1335 promissionem
2076 1254 2264 1315 debe-

729 1363 798 1406 re
844 1346 1185 1421 observari,
1243 1350 1306 1408 et
1340 1365 1477 1408 rem
1532 1349 1909 1429 promissam
1933 1394 1949 1425 ,
2009 1348 2109 1408 vel
2156 1365 2261 1408 ac-

729 1443 978 1517 ceptam
1031 1439 1288 1500 retineri
1344 1459 1530 1519 posse
1553 1486 1570 1518 ,
1630 1441 1748 1504 nisi
1809 1441 2052 1520 legibus
2121 1440 2263 1500 irri-

730 1533 795 1591 ta
823 1531 924 1607 sit,
957 1531 1055 1592 vel
1085 1532 1403 1609 prohibita
1430 1533 1511 1596 sit
1549 1534 1694 1597 talis
1723 1534 2007 1613 acceptio
2036 1533 2137 1594 vel
2165 1548 2265 1593 re-

730 1623 948 1685 tentio.

815 1716 1146 1779 Dubitatur
1162 1720 1459 1796 secundo,
1476 1739 1555 1781 an
1566 1720 1897 1800 promissio
1918 1719 2067 1781 facti
2077 1716 2265 1779 alieni

731 1809 942 1872 valida
964 1810 1045 1871 sit
1072 1815 1135 1872 et
1162 1809 1443 1892 obliget?
1470 1815 1721 1876 Certum
1752 1816 1959 1874 autem
1994 1811 2263 1886 videtur,

733 1923 858 1966 non
888 1921 1024 1964 esse
1052 1903 1328 1965 validam
1350 1951 1367 1982 ,
1418 1910 1605 1984 prout
1640 1906 2015 1967 terminatur
2048 1903 2134 1964 ad
2179 1903 2268 1964 fa-

733 1998 905 2059 ctum
945 1996 1218 2057 alienum
1255 2001 1326 2060 ut
1372 1998 1680 2072 alienum;
1738 1999 1886 2079 quia
1938 2000 2128 2077 prout
2179 1994 2268 2055 sic

734 2108 860 2152 non
889 2092 984 2151 est
1009 2089 1074 2150 in
1102 2091 1521 2168 promittentis
1550 2095 1859 2170 potestate
1884 2110 1900 2164 ;
1951 2094 2015 2152 et
2041 2089 2122 2150 ad
2155 2089 2268 2149 im-

733 2182 1030 2263 possihile
1056 2201 1241 2243 nemo
1272 2188 1477 2262 potest
1501 2183 1786 2263 obligari.
1806 2186 2058 2245 Certum
2078 2181 2267 2243 etiam

735 2274 1019 2351 videtur,
1069 2274 1347 2336 validam
1394 2294 1530 2336 esse
1560 2276 1871 2355 ejusmodi
1906 2273 2272 2354 promissio-

737 2386 883 2429 nem
906 2413 922 2444 ,
957 2371 1144 2446 prout
1168 2367 1542 2430 terminatur
1565 2370 1647 2430 ad
1676 2369 1911 2430 factum
1939 2367 2267 2447 proprium

737 2459 1188 2542 promittentiS,
1245 2481 1304 2522 v,
1338 2480 1401 2540 g.
1438 2462 1490 2522 si
1535 2462 1864 2540 promittas
1909 2470 1972 2523 te
2018 2464 2271 2522 curatu-

737 2572 878 2617 rum
905 2556 975 2615 ut
1002 2555 1222 2615 Petrus
1246 2554 1496 2631 vendat,
1522 2554 1622 2615 vel
1649 2555 1814 2616 locet
1831 2553 2112 2629 domum,
2147 2555 2266 2613 etc.

741 2647 862 2709 hoc
884 2645 1050 2707 enim
1094 2664 1434 2725 procurare
1476 2649 1571 2707 est
1615 2647 1850 2709 factum
1893 2647 1987 2708 tui
2025 2644 2220 2725 ipsius
2253 2663 2266 2704 :

743 2757 937 2820 quare
967 2739 1016 2798 si
1045 2738 1111 2799 id
1145 2738 1396 2800 omittas
1427 2739 1660 2800 teneris
1690 2738 1769 2799 ad
1797 2738 2120 2814 interesse,
2155 2737 2272 2797 hoc

745 2835 859 2908 est,
893 2850 1018 2892 non
1050 2830 1130 2890 ad
1162 2831 1443 2892 valorem
1488 2834 1692 2892 totum
1720 2831 1867 2892 facti
1893 2829 2080 2892 alieni
2108 2846 2272 2891 sem·

744 2944 878 3006 per,
912 2923 1019 2985 sed
1046 2942 1161 3003 pro
1198 2941 1493 2985 mensura
1530 2925 1701 3002 spei,
1750 2943 1891 3004 quae
1929 2927 2066 2985 erat
2107 2921 2277 3002 quod

745 3017 1029 3080 adhibita
1055 3015 1380 3095 diligentia
1410 3033 1444 3076 a
1474 3019 1536 3078 te
1565 3015 1802 3093 dehita,
1834 3034 1936 3077 res
1967 3015 2280 3077 obtinere-

746 3118 872 3174 tur.
909 3111 1165 3172 Certum
1186 3107 1459 3188 denique
1487 3108 1768 3186 videtur,
1803 3108 1973 3191 quod
2001 3127 2115 3187 per
2143 3126 2281 3169 mo-

748 3208 899 3269 dum
935 3200 1391 3282 fidejussioniS,
1435 3203 1534 3263 vel
1584 3201 2062 3263 assecurationis
2101 3206 2281 3280 potes

748 3301 984 3362 factum
1012 3295 1287 3357 alienum
1314 3294 1716 3375 promittere,
1767 3314 1829 3356 v.
1876 3314 1938 3373 g.
1987 3295 2040 3355 si
2081 3295 2276 3371 dieas,

749 3389 1071 3472 promitto,
1104 3387 1155 3448 si
1184 3389 1405 3448 Petrus
1431 3405 1554 3448 non
1586 3386 1830 3448 dederit
1865 3388 1965 3448 vel
2000 3386 2276 3463 solverit,

750 3485 992 3547 solvere
1018 3480 1301 3556 totidem,
1326 3479 1415 3541 vel
1435 3479 1733 3541 interesse
1761 3497 1874 3558 pro
1893 3480 2123 3541 damno
2140 3479 2283 3540 sub-

752 3583 989 3640 secuto.
1022 3576 1174 3635 Tota
1204 3590 1355 3652 ergo
1385 3571 1719 3633 difficultas
1747 3590 1882 3633 esse
1912 3575 2151 3651 potest,
2188 3589 2283 3633 so-

750 3671 884 3733 lum
912 3668 1079 3730 circa
1105 3665 1393 3742 modum,
1418 3682 1542 3745 quo
1558 3664 1956 3744 interpretari
1979 3664 2285 3725 debemus

752 3761 1164 3826 intentionem
1207 3757 1343 3839 ejus
1390 3757 1499 3837 qui
1535 3757 1772 3818 factum
1813 3758 2087 3818 alienum
2140 3775 2288 3837 pro-

754 3855 944 3932 misit,
978 3851 1229 3934 quando
1261 3869 1384 3912 non
1412 3849 1562 3912 satis
1595 3854 1841 3913 constat
1867 3869 1991 3931 quo
2008 3869 2083 3911 ex
2103 3849 2286 3912 dictis

757 3948 962 4011 modis
991 3944 1356 4024 promittere
1381 3942 1668 4005 voluerit.
1703 3944 1966 4015 Quando
1993 3942 2169 4028 ‘enim
2197 3942 2288 4002 10-

756 4041 952 4108 160110
981 4041 1246 4111 0003101,
1265 4036 1354 4096 1111
1381 4035 1674 4097 standum
1696 4037 2055 4098 estomnino
2073 4036 2135 4096 in
2152 4036 2286 4097 foro

759 4131 1176 4206 conscientias,
1211 4147 1358 4190 nam
1383 4128 1618 4207 regulae
1645 4146 1785 4208 quae
1815 4130 1879 4189 in
1907 4129 2026 4190 hoc
2055 4132 2287 4209 puncto

759 4226 925 4292 tradi
967 4224 1170 4286 solent
1191 4268 1207 4299 ,
1239 4222 1440 4283 solum
1487 4220 1850 4282 deserviunt
1874 4239 1989 4301 pro
2019 4221 2154 4282 foro
2185 4239 2292 4281 ex-

759 4324 975 4396 terno,
1019 4315 1271 4397 quando
1312 4314 1390 4376 de
1427 4313 1742 4376 contraria
1777 4313 2125 4375 intentione
2165 4331 2289 4375 non

760 4415 1025 4476 constat.

841 4504 1085 4585 Duplex
1112 4519 1262 4580 ergo
1292 4499 1512 4578 regula
1539 4499 1703 4561 tradi
1733 4500 1910 4576 solet,
1942 4499 2146 4578 prima
2174 4503 2288 4578 est,

761 4600 843 4662 de
863 4599 1006 4679 jure
1034 4594 1353 4658 communi
1378 4594 1545 4654 civili
1567 4639 1582 4669 ,
1618 4592 1723 4673 qui
1755 4593 1988 4655 factum
2017 4594 2291 4655 alienum

761 4690 1044 4755 absolute
1073 4687 1377 4767 promisit,
1412 4686 1491 4746 ad
1509 4685 1660 4746 nihil
1679 4685 2012 4765 obligatur,
2032 4686 2153 4749 hoc
2174 4691 2287 4764 est,

762 4782 1013 4866 quando
1043 4799 1169 4843 non
1197 4779 1486 4859 promisit
1509 4798 1576 4840 36
1606 4782 1971 4840 curaturum
1998 4825 2013 4856 ‚
2047 4779 2159 4840 sed
2189 4780 2296 4840 ab·

761 4877 962 4939 solute
991 4873 1278 4954 promisit
1319 4873 1554 4933 factum
1584 4871 1883 4933 alienum.
1935 4873 2027 4933 Ita
2054 4871 2295 4951 colligi-

760 4975 866 5031 tur
892 4987 969 5030 ex
992 4969 1049 5048 §-
1083 4966 1160 5028 Si
1182 4965 1311 5047 quis
1338 4964 1511 5026 alten
1535 5010 1550 5040 ,
1599 4965 1655 5043 g.
1707 4963 1785 5025 Si
1822 4963 1951 5045 quis
1987 4964 2200 5040 alium,
2231 4965 2289 5044 ἓ.

778 5061 954 5124 Versa
981 5061 1122 5137 vice,
1152 5057 1347 5121 instit.
1378 5056 1447 5118 de
1475 5057 1666 5119 inutil.
1697 5056 1898 5139 stipul.
1927 5057 2051 5136 leg.
2085 5056 2298 5139 Stipa-

765 5155 910 5217 latio
933 5156 1067 5231 t'sto,
1097 5155 1153 5233 ἓ.
1182 5151 1437 5229 Habere,
1469 5150 1532 5211 in
1561 5150 1893 5231 principie,
1928 5155 1994 5212 et
2017 5151 2074 5230 ἓ.
2099 5149 2226 5211 Sed
2244 5149 2301 5211 si

762 5249 892 5330 quis
905 5247 1224 5330 promittit.
1257 5246 1320 5306 ff.
1352 5242 1421 5304 de
1446 5243 1672 5305 verbor.
1705 5242 1945 5324 obliqot.
2216 5241 2220 5245 ’

844 5341 940 5403 Ab
961 5340 1080 5401 hac
1097 5339 1314 5419 regula
1333 5338 1634 5416 excipitur
1663 5336 1886 5416 primo,
1912 5335 2163 5416 quando
2181 5335 2295 5398 ali-

762 5433 903 5515 quis
911 5432 1111 5513 promi
1119 5433 1216 5495 ttit
1225 5431 1456 5513 aliquid
1471 5450 1509 5492 a
1520 5449 1631 5493 suo
1649 5430 1900 5492 haerede
1911 5428 2288 5503 faciendum,

1888 246 1991 306 DE
2030 245 2386 307 JUSTITIA
2431 246 2531 305 ΕΤ
2570 247 2771 307 JURE

2357 419 2481 499 leg.
2508 422 2617 482 fin.
2650 423 2718 483 C.
2744 420 2815 483 de
2840 422 3232 489 contrahenda
3266 431 3323 484 et
3354 423 3763 485 committenda
3790 432 3906 485 stt-
3956 442 4071 503 raas

2347 514 2481 595 put.
2514 515 2827 593 Secundo,
2861 516 3169 595 excipitur
3192 516 3245 577 si
3274 517 3513 597 aliquid
3544 518 3608 577 in
3650 516 3904 596 judicio
3954 495 4157 593 “0254

2361 607 2711 685 promittas,
2742 628 2803 668 v.
2837 627 2899 687 g.
2937 608 3105 688 quod
3136 609 3295 669 alius
3316 609 3556 689 judicio
3575 609 3776 685 sistet,
3811 615 3907 671 te-
3992 604 4153 656 m

2360 699 2526 759 neris
2555 699 2719 760 enim
2749 701 2831 761 ad
2861 701 3157 762 interesse
3178 749 3195 778 ,
3228 702 3348 763 nisi
3376 702 3480 762 ille
3510 703 3728 780 sistat,
3768 703 3905 782 leg.

2364 790 2592 866 Quoties
2612 791 2787 872 quid,
2830 795 2894 854 ff.
2927 792 2999 854 de
3033 793 3192 856 verb.
3244 794 3485 874 obliyot.
3536 796 3662 873 163.
3704 812 3777 857 11.
3837 796 3905 855 ff.

2359 902 2482 944 rem
2507 894 2626 945 rat.
2660 883 2790 945 hab.
2824 885 3032 947 Tertio
3062 887 3114 947 si
3143 887 3472 965 promittas
3515 905 3651 948 rem
3678 886 3913 967 pupilli

2360 976 2716 1038 incolumen
2745 978 3146 1051 servandum,
3182 979 3307 1059 leg.
3340 980 3689 1057 Praetorzoe,
3728 981 3801 1041 ff.
3838 980 3915 1041 de

2350 1070 2658 1149 proetorz'is
2683 1071 2886 1151 ειὶριιῐ.
2936 1071 2999 1131 10
3044 1072 3270 1152 quibus
3314 1073 3564 1134 casibus
3607 1079 3913 1135 censetur

2363 1162 2586 1242 aliquis
2625 1163 2707 1224 ad
2735 1164 3034 1225 interesse
3063 1184 3130 1225 se
3160 1165 3476 1244 obligare,
3522 1166 3671 1228 licet
3694 1167 3914 1227 solum

2361 1255 2596 1316 factum
2623 1255 2896 1317 alienum
2912 1257 3203 1319 videatur
3228 1258 3615 1336 promittere.
3638 1260 3910 1331 Quarto,

2364 1346 2469 1426 qui
2497 1348 2804 1425 promittit
2830 1349 3065 1411 factum
3095 1350 3371 1411 alienum
3400 1351 3651 1430 adjecta
3678 1369 3910 1430 poena,

2363 1444 2653 1501 censetur
2694 1459 2761 1501 se
2807 1441 2968 1502 velle
3014 1443 3095 1503 ad
3149 1461 3407 1521 poenam
3453 1444 3738 1522 obligare
3765 1489 3780 1519 ,
3840 1444 3904 1522 ἓ.

2380 1532 2554 1593 Verso
2581 1532 2703 1595 vice
2728 1533 2920 1596 instit.
2952 1532 3023 1595 de
3049 1533 3242 1596 inutil.
3277 1535 3480 1617 stipul.
3524 1536 3649 1614 leg.
3686 1534 3912 1616 Stipa-

2366 1625 2506 1686 latio
2542 1626 2676 1701 ista,
2727 1627 2790 1687 in
2836 1627 3103 1707 princip.
3137 1646 3301 1691 vers.
3349 1627 3554 1690 ultim.
3588 1630 3652 1690 ff.
3686 1627 3760 1689 de
3784 1646 3918 1688 ver-

2365 1718 2568 1780 borum
2585 1718 2763 1800 obliq.
2789 1719 3040 1796 Quinto,
3061 1720 3313 1801 quando
3335 1721 3645 1800 promittis
3666 1721 3915 1783 factum

2365 1811 2529 1872 illius
2558 1830 2745 1891 quem
2777 1830 3003 1891 cogere
3047 1818 3226 1892 potes
3248 1859 3266 1889 ,
3311 1817 3382 1875 ut
3418 1812 3529 1873 filii
3559 1813 3659 1874 vel
3705 1813 3905 1887 servi,

2367 1904 2514 1984 quia
2551 1904 2688 1983 jam
2717 1924 2841 1967 non
2886 1906 3199 1985 promittis
3244 1924 3380 1968 rem
3422 1906 3910 1985 impossibilem,

2366 1997 2474 2058 sed
2504 1996 2615 2060 tibi
2644 1998 3027 2076 possibilem.
3062 2001 3251 2061 Sexto
3275 2044 3292 2076 ,
3322 2000 3386 2060 -31
3414 2001 3746 2078 promittas
3774 2017 3915 2060 ma-

2364 2090 2729 2152 trimonium
2758 2090 3052 2167 alienum,
3086 2097 3233 2154 tunc
3266 2090 3432 2153 enim
3451 2091 3533 2152 ad
3562 2110 3915 2170 procuran-

2367 2183 2518 2244 dum
2546 2188 2607 2244 te
2636 2183 2868 2244 videris
2897 2184 3166 2246 voluisse
3192 2184 3495 2263 obligare,
3519 2188 3591 2246 ut
3603 2203 3749 2245 cum
3769 2184 3917 2245 aliis

2367 2276 2597 2337 docent
2635 2275 2870 2338 Molina
2913 2280 3068 2339 tom.
3119 2293 3190 2338 11.
3250 2276 3409 2356 disp.
3450 2280 3590 2339 268.
3634 2277 3692 2356 §-
3745 2275 3924 2351 Quod

2367 2368 2448 2429 ad
2467 2367 2798 2445 secundum,
2857 2373 2921 2430 et
2974 2369 3207 2431 Sanch.
3265 2369 3374 2431 lib.
3425 2371 3473 2431 1.
3525 2368 3596 2430 de
3639 2369 3909 2430 matrim.

2369 2460 2530 2539 disp.
2563 2464 2660 2522 24.
2696 2480 2867 2522 num.
2913 2464 2973 2524 6.
3019 2462 3300 2542 Denique
3342 2462 3394 2522 si
3439 2461 3702 2523 accedat
3729 2461 3917 2542 jura·

2369 2557 2650 2613 mentum
2671 2599 2687 2628 ,
2745 2571 2823 2613 ne
2862 2552 3144 2614 credaris
3193 2571 3328 2613 rem
3380 2553 3685 2616 incertam
3735 2552 3916 2631 jura-

2369 2650 2583 2707 mento
2614 2645 2961 2707 affirmasse
2986 2691 3002 2722 ,
3043 2646 3317 2707 censeris
3344 2646 3505 2707 velle
3533 2651 3596 2707 te
3626 2645 3915 2723 obligare

2372 2738 2452 2798 ad
2496 2737 2996 2816 procurandum,
3055 2744 3137 2800 111·
3166 2756 3309 2799 cum
3358 2738 3496 2798 aliis
3538 2737 3750 2799 multis
3798 2738 3915 2797 do·

2372 2833 2517 2891 cent
2543 2830 2773 2892 Molina
2800 2830 2883 2891 ibi
2911 2831 2967 2909 ἓ.
3005 2831 3269 2907 Quintus,
3299 2830 3552 2911 quando,
3586 2838 3649 2892 et
3668 2830 3907 2893 Sanch.

2373 2942 2437 2985 0.
2469 2927 2529 2983 7.

2451 3014 2741 3079 Secunda
2763 3014 2983 3093 regula
3008 3017 3123 3090 est,
3154 3014 3469 3095 loquendo
3499 3015 3579 3077 de
3616 3014 3760 3094 jure
3802 3033 3917 3076 ca·
4062 3022 4148 3080 116

2377 3108 2623 3185 1100100,
2657 3112 2845 3188 atque
2871 3108 3012 3169 ideo
3041 3107 3106 3168 in
3132 3108 3396 3171 materia
3426 3109 3728 3170 canonica
3750 3155 3768 3185 ,
3803 3109 3919 3190 qui
3969 3147 4131 3192 Μ
4153 3155 4201 3185 st.

2377 3202 2664 3266 absolute
2699 3201 3010 3280 promittit
3052 3200 3290 3262 factum
3334 3201 3613 3262 alienum
3661 3220 3735 3263 60
3772 3203 3918 3282 ipso
3969 3201 4201 3298 πωέωᾱὲξ·

2380 3299 2668 3358 06036101
2692 3293 2851 3354 velle
2879 3312 2946 3354 se
2975 3293 3256 3372 obligare
3299 3294 3380 3354 ad
3417 3296 3917 3373 procurandum,

2381 3392 2450 3451 ut
2475 3405 2620 3450 cum
2648 3386 2784 3447 aliis
2811 3385 3021 3448 multis
3036 3386 3264 3450 docent
3283 3386 3517 3448 Molina
3537 3388 3675 3450 1000
3696 3388 3919 3463 011010,

2381 3482 2545 3544 dicto
2573 3480 2630 3559 ἓ.
2668 3477 2873 3555 Quoad
2891 3478 3223 3555 secundum,
3257 3484 3321 3541 et
3349 3480 3632 3541 Sanchez
3660 3484 3918 3542 num.8.

2383 3573 2635 3647 Quoties
2663 3577 2874 3634 autem
2906 3572 3279 3650 promittens
3310 3572 3626 3650 obligatur
3653 3574 3737 3635 ad
3773 3591 3925 3653 pro·

2383 3665 2752 3742 curandum,
2784 3682 2907 3725 non
2938 3664 3240 3726 satisfacit
3267 3664 3318 3725 si
3347 3665 3488 3725 ficte
3513 3669 3576 3727 et
3602 3665 3925 3728 simultate

2383 3759 2674 3841 postulet,
2707 3756 2990 3817 indicans
3017 3756 3152 3836 ipso
3182 3755 3370 3817 modo
3402 3758 3819 3836 procurandi,
3855 3775 3927 3818 se

2385 3854 2449 3915 id
2477 3851 2680 3914 solum
2717 3849 2962 3924 facere,
3021 3854 3091 3910 111
3116 3849 3505 3927 ‚obligationi
3552 3850 3921 3926 satisfaciat,

2385 3946 2496 4009 sed
2517 3944 2705 4005 dehet
2721 3940 2882 4002 serio
2900 3941 3139 4003 sincere
3151 3947 3213 4004 et
3227 3941 3395 4002 bona
3407 3941 3531 4002 fide
3553 3960 3922 4021 procurare,

2386 4043 2457 4101 ut
2481 4055 2625 4099 cum
2651 4033 2993 4111 Hostiensi,
3037 4038 3099 4096 61
3123 4033 3262 4096 01113
3301 4033 3599 4096 011361νο1
3636 4034 3929 4098 Sanchez

2388 4150 2561 4194 num.
2586 4132 2682 4191 12.
3161 4189 3164 4193 Α

2472 4226 2684 4285 Restat
2708 4224 2919 4283 tamen
2959 4219 3126 4281 01100
3172 4218 3293 4281 1100
3336 4219 3710 4297 difficultate,
3756 4240 3837 4283 an
3870 4222 3926 4283 si
4071 4240 4155 4299 m

2388 4317 2622 4379 factum
2651 4314 2924 4380 alienum
2952 4312 3311 4391 promisisti,
3336 4311 3584 4392 adjecta
3612 4332 3820 4392 poena,
3854 4314 3928 4375 li·
3975 4367 4072 4420 Quid
4094 4364 4211 4417 ψ,

2387 4410 2503 4472 1161
2523 4409 2608 4470 313
2635 4419 2673 4467 0
2699 4424 2903 4486 poenae
2934 4404 3315 4483 obligatione
3334 4449 3350 4480 ,
3393 4405 3444 4465 si
3473 4405 3673 4482 110110,
3706 4406 3829 4467 fide
3861 4412 3929 4470 et
3987 4399 4202 4476 ‚aaa

2389 4500 2721 4564 sufficienti
2748 4497 3070 4577 diligentia
3114 4496 3397 4558 adhibita
3438 4496 3504 4557 id
3545 4500 3923 4578 procurasssi,

2391 4613 2507 4657 nec
2536 4592 2785 4672 assequi
2810 4589 3111 4671 potuisti?
3155 4590 3367 4650 Prima
3395 4592 3707 4652 sententia
3736 4596 3931 4671 negat

2390 4692 2453 4752 te
2478 4688 2745 4749 liberum
2774 4702 2907 4744 esse
2935 4702 2974 4744 a
2999 4700 3188 4763 poena
3223 4702 3236 4742 :
3273 4701 3462 4762 quam
3482 4686 3698 4745 tenent
3713 4684 3930 4763 plures

2384 4780 2627 4862 juristae
2660 4797 2677 4853 ;
2731 4794 2886 4857 quos
2913 4776 3104 4837 refert
3130 4775 3471 4836 Covarruv.
3522 4774 3594 4835 de
3627 4776 3817 4856 pactis
3843 4778 3925 4839 11.

2392 4878 2552 4953 part.
2586 4872 2641 4951 ἓ.
2677 4888 2764 4932 lv.
2797 4887 2971 4930 num.
3004 4871 3064 4930 3.
3100 4868 3219 4944 Qui
3262 4871 3474 4928 101060
3504 4868 3685 4929 011161
3712 4869 3925 4945 sentit,

2393 4970 2457 5027 et
2483 4984 2544 5025 0.
2577 4968 2637 5025 4.
2670 4966 2732 5024 et
2757 4965 2817 5024 5.
2851 4960 3196 5040 distinguit,
3229 4978 3376 5021 nam
3395 4960 3448 5020 si
3467 4960 3670 5030 solum
3696 4961 3929 5039 promi-

2393 5057 2521 5119 sisti
2553 5074 2841 5135 expressc
2868 5059 2929 5116 te
2959 5057 3344 5129 curaturum,
3378 5051 3693 5114 excusaris
3720 5072 3760 5115 a
3788 5072 3929 5132 poe-

2393 5169 2512 5222 na,
2572 5147 2851 5210 adhibita
2907 5145 3228 5224 diligentia
3262 5165 3275 5207 ε
3308 5144 3358 5206 31
3398 5164 3544 5206 vero
3585 5146 3925 5224 promisisti

2394 5241 2674 5304 absolute
2700 5241 2933 5301 factum
2962 5238 3235 5299 alienum
3260 5238 3377 5299 sub
3406 5242 3578 5298 certa
3604 5256 3828 5317 poena,
3864 5241 3930 5299 et

2392 5353 2535 5396 cum
2569 5333 2961 5415 juramento,
3009 5329 3326 5392 excusaris
3367 5330 3595 5408 etiam,
3651 5330 3798 5411 quia
3842 5330 3926 5391 ad

2390 5427 2716 5489 vitandum
2743 5424 3088 5504 perjurium
3118 5423 3390 5485 censeris
3435 5426 3495 5485 te
3537 5423 3741 5486 solum
3779 5441 3929 5501 pro-
