4263 6376
516 3314 629 3374 134

467 3441 587 3493 Quid,
622 3443 657 3485 si

447 3502 630 3549 exigatur
654 3513 678 3543 a

457 3557 669 3601 venditore

410 3626 435 3656 e
455 3614 710 3669 infln,quando

413 3669 550 3711 vendit
560 3672 621 3714 cle
626 3671 709 3714 rico

756 356 875 415 652

759 531 888 593 sive
935 531 1000 592 in
1038 532 1331 593 carnibus
1376 533 1626 610 gabella
1682 534 2042 613 imponatur
2084 532 2282 609 laieiS‚

758 629 1054 704 poterunt
1078 625 1290 685 clerici
1322 627 1622 705 conqueri
1651 627 1821 707 quod
1851 626 2095 688 ratione
2124 626 2289 686 illius

758 717 972 778 tributi
1005 721 1313 796 coguntur
1341 718 1456 796 ipsi
1487 719 1693 798 majus
1724 719 2108 798 stipendium
2138 720 2288 780 dare

759 810 1008 871 famulis
1037 811 1132 871 vel
1164 813 1470 889 operariis
1499 832 1657 892 quos
1685 814 2086 889 conducunt,
2142 813 2290 892 quia

758 903 875 981 ipsi
908 903 989 962 ad
1019 903 1286 964 emenda
1315 904 1429 965 sibi
1461 907 1816 966 necessaria
1845 905 2064 985 majori
2088 905 2287 985 pretio

756 994 1043 1074 indigent
1096 1002 1353 1076 propter
1397 997 1632 1059 tributa
1686 1016 1826 1077 quae
1877 999 2207 1059 solvuntur
2250 1016 2289 1057 a

755 1088 1192 1149 venditoribus
1222 1090 1322 1149 vel
1364 1091 1753 1170 emptoribus
1795 1109 2011 1151 earum
2049 1108 2284 1153 rerum.

757 1181 933 1254 Quod
982 1179 1031 1240 si
1065 1180 1185 1241 hoc
1216 1186 1380 1244 esset
1409 1187 1629 1244 contra
1671 1183 2135 1244 immunitatem
2181 1202 2288 1243 ec-

756 1272 1172 1333 clesiasticam
1196 1320 1211 1350 ,
1262 1278 1427 1336 esset
1455 1275 1642 1336 etiam
1673 1280 1891 1337 contra
1920 1277 2289 1336 immunita-

757 1370 881 1426 tem
912 1366 1238 1442 nobilium,
1273 1368 1379 1446 qui
1410 1386 1486 1427 ex
1511 1368 1836 1448 privilegio
1858 1369 2128 1448 exempti
2146 1378 2293 1429 sunt

755 1475 795 1517 a
821 1457 1072 1520 tributis
1103 1476 1117 1522 z
1153 1479 1475 1540 nunquam
1504 1466 1713 1521 tamen
1743 1462 1981 1522 nobiles
2011 1480 2286 1540 conque-

756 1551 834 1612 sti
869 1556 1053 1628 sunt,
1114 1554 1281 1632 quod
1330 1572 1547 1614 eorum
1602 1554 1933 1633 privilegia
1980 1555 2291 1615 laedantur

758 1644 1009 1722 quando
1054 1645 1358 1724 ejusmodi
1405 1647 1636 1707 tributa
1676 1647 1940 1725 plebeiis
1960 1647 2291 1727 imponun-

755 1740 877 1798 tur.
932 1738 1133 1811 Quare
1155 1739 1427 1818 theologi
1452 1758 1668 1799 omnes
1689 1740 1750 1798 in
1772 1759 1845 1801 eo
1886 1741 2286 1817 conveniunt,

757 1830 928 1909 quod
945 1849 1018 1891 ea
1031 1849 1170 1910 quae
1192 1831 1278 1892 ita
1296 1837 1534 1894 remote
1553 1833 1752 1893 solum
1772 1833 2030 1895 elericos
2059 1834 2290 1894 laedere

759 1929 1060 2001 possunt,
1094 1943 1222 1985 non
1251 1929 1397 1986 sunt
1424 1930 1645 1987 contra
1674 1944 1892 1987 eorum
1929 1926 2293 1987 immunita-

757 2021 904 2076 tem.
942 2016 1244 2078 Videatur
1268 2018 1499 2079 Melina
1531 2019 1689 2098 disp.
1716 2022 1851 2080 663.
1888 2038 2059 2080 num.
2084 2023 2147 2080 5.
2185 2018 2289 2078 ubi

756 2108 818 2168 id
851 2113 1151 2189 tanquam
1182 2115 1425 2172 eertum
1454 2112 1770 2189 supponit,
1806 2115 1877 2172 ut
1904 2112 2047 2172 inde
2068 2110 2294 2191 probet

757 2202 820 2261 id
850 2202 1020 2280 quod
1051 2202 1252 2280 magis
1295 2202 1558 2263 dubium
1591 2208 1757 2279 erat,
1810 2205 2063 2283 quando
2093 2204 2291 2264 laicus

758 2294 975 2355 vendit
1003 2295 1227 2356 clerico
1278 2296 1638 2359 immediate
1666 2342 1682 2372 ‚
1743 2316 1823 2356 an
1870 2297 2066 2357 laicus
2096 2296 2294 2376 possit

758 2386 897 2466 cogi
927 2388 1169 2449 solvere
1203 2389 1506 2451 tributum
1535 2409 1608 2448 ex
1638 2389 2021 2466 venditione,
2057 2390 2136 2449 de
2166 2407 2289 2467 quo

758 2486 972 2558 postea
1007 2480 1307 2542 dicemus
1345 2483 1517 2544 Idem
1549 2483 1735 2543 docet
1761 2483 2112 2562 Henriquez
2143 2483 2183 2543 l.
2210 2484 2285 2542 X.

760 2590 898 2650 cap.
931 2589 1034 2634 xv.
1067 2591 1238 2634 nuni.
1273 2578 1332 2635 5.
1365 2574 1434 2633 in>
1458 2575 1740 2652 margine
1769 2575 1981 2636 littera
2009 2577 2083 2635 V.
2141 2575 2287 2634 Em-

758 2665 1033 2726 manuel.
1083 2666 1433 2746 Rodriquez
1477 2670 1696 2745 quaest.
1741 2668 1942 2745 regul.
1993 2671 2147 2728 tom.
2182 2667 2284 2726 111.

758 2763 980 2838 quaest.
1015 2775 1218 2821 Lxxlv.
1271 2763 1389 2820 art.
1437 2764 1495 2820 7.
1548 2759 1652 2818 ubi
1703 2759 1885 2820 affert
1911 2760 2286 2833 Marantam,

758 2852 1062 2928 Mexiam,
1112 2856 1175 2913 et
1201 2854 1486 2925 Lasarte3
1535 2856 1598 2913 et
1635 2852 1695 2911 in
1723 2853 1969 2913 Summa
2011 2857 2165 2913 tom.
2198 2868 2285 2913 1v.

729 2962 898 3022 cap.
933 2947 1069 3005 ¹66.
1130 2964 1301 3006 num.
1335 2951 1394 3006 7.
1454 2948 1637 3006 Azor.
1698 2950 1849 3006 tom.
1885 2947 1988 3006 111.
2044 2945 2187 3006 libr.
2226 2961 2287 3009 V.

759 3054 897 3115 cap.
931 3041 1029 3098 20.
1065 3057 1170 3117 qu.
1203 3042 1262 3098 2.
1299 3037 1545 3114 dicens,
1595 3056 1730 3097 esse
1760 3056 2160 3099 communem
2181 3084 2197 3113 ,
2231 3043 2295 3099 et

760 3130 1030 3209 denique
1087 3130 1188 3191 alii
1246 3131 1456 3210 plures
1500 3149 1656 3211 quos
1685 3133 1867 3193 affert
1921 3134 1983 3192 et
2010 3132 2294 3211 sequitur

759 3225 982 3285 Thom.
1017 3225 1299 3286 Sanehez
1330 3225 1478 3285 dub.
1514 3242 1610 3286 tv.
1650 3243 1821 3286 num.
1854 3228 1952 3286 40.

840 3320 973 3377 Hoc
1004 3336 1151 3396 ergo
1182 3319 1504 3397 supposito
1530 3365 1545 3395 ,
1605 3318 1928 3380 dubitatur
1977 3337 2057 3378 an
2096 3317 2151 3377 si
2174 3336 2291 3396 ga-

758 3410 920 3471 bella
967 3410 1274 3488 exigenda
1318 3411 1398 3471 sit
1441 3431 1479 3472 a
1506 3411 1832 3473 venditore
1860 3412 1960 3472 vel
2009 3414 2291 3490 emptore

758 3503 916 3564 laico
944 3549 959 3579 ,
1009 3504 1090 3563 sit
1115 3508 1335 3565 contra
1362 3504 1819 3565 immunitatem
1843 3550 1859 3580 ,
1921 3505 1972 3565 si
2018 3503 2155 3564 brec
2181 3522 2295 3582 ga-

758 3597 925 3658 bella
969 3597 1049 3657 ab
1080 3616 1153 3658 eo
1187 3596 1474 3676 exigatur
1496 3643 1512 3672 ,
1575 3597 1827 3676 quando
1859 3597 2075 3658 vendit
2102 3597 2291 3658 etiam

759 3690 1019 3767 clerice,
1062 3690 1163 3750 vel
1192 3690 1451 3751 emitab
1479 3690 1605 3750 illo.
1663 3691 1799 3749 Non
1846 3690 2027 3769 pauci
2076 3689 2295 3751 dicunt

759 3783 878 3844 hoc
907 3802 1042 3843 esse
1065 3787 1285 3844 contra
1313 3782 1794 3843 immunitatem.
1821 3785 1912 3843 Ita
1934 3782 2286 3859 GratianuS,

756 3874 1145 3952 Menochins,
1204 3874 1589 3936 Laderchius
1651 3876 1897 3936 lliccius
1931 3921 1947 3950 ,
2024 3875 2286 3953 SurduS‚

757 3967 1113 4031 Homobon.
1146 3971 1208 4029 et
1232 3969 1477 4044 Zerola,
1513 3986 1669 4047 quos
1700 3969 1881 4029 affert
1900 3968 2099 4028 Diana
2125 3972 2213 4029 to,
2240 3969 2286 4029 1.

758 4062 924 4123 dicto
953 4065 1138 4126 tract.
1172 4079 1241 4123 11.
1275 4062 1461 4123 resol.
1492 4064 1591 4123 48.
1638 4061 1757 4123 Alii
1790 4061 1978 4122 etiam
2019 4062 2079 4120 in
2125 4060 2292 4120 idem

757 4155 1109 4217 consentire
1131 4154 1444 4231 videntur,
1475 4153 1578 4232 qui
1603 4153 1664 4213 id
1688 4154 2063 4230 concedunt,
2098 4172 2293 4233 quan-

759 4248 840 4308 do
871 4248 1121 4327 gabella
1151 4247 1497 4327 imponitur
1525 4251 1586 4307 et
1612 4248 1969 4309 annectitur
1994 4247 2115 4326 ipsi
2146 4264 2296 4308 con-

756 4341 985 4404 tractui
1016 4340 1351 4421 emptionis
1393 4344 1504 4402 aut
1529 4339 1907 4401 venditionis
1952 4341 2240 4419 proxime
2274 4359 2287 4400 :

760 4439 992 4514 negant
1039 4453 1190 4495 vero
1236 4433 1488 4513 quando
1545 4434 1895 4495 annectitur
1945 4432 2292 4498 contractui

759 4531 1081 4608 separato,
1141 4531 1210 4588 ut
1256 4527 1308 4588 si
1335 4526 1583 4605 gabella
1621 4527 1981 4606 imponatur
2010 4525 2294 4587 afferenti

761 4622 999 4682 dolium
1029 4620 1157 4680 vini
1188 4620 1249 4679 in
1279 4620 1522 4695 urbem,
1560 4639 1682 4699 quo
1714 4639 1861 4681 casu
1892 4620 2143 4697 gabella
2171 4637 2294 4679 non

758 4714 1015 4794 respicit
1042 4712 1402 4774 immediate
1441 4718 1832 4774 contractum
1871 4713 2074 4792 ipsum
2106 4758 2121 4787 ,
2185 4711 2294 4771 sed

762 4807 1273 4888 asportationem,
1308 4806 1395 4866 ita
1415 4807 1709 4883 BelletuS‚
1737 4805 2151 4880 RiminalduS,
2178 4806 2296 4864 Ro-

761 4900 934 4962 land.
968 4904 1030 4960 et
1056 4899 1163 4960 alii
1190 4898 1358 4978 apud
1391 4900 1684 4960 eumdem
1715 4897 1978 4958 Dianam
2006 4898 2114 4958 ibi.
2175 4896 2295 4958 Alii

766 4994 1036 5072 denique
1065 4992 1243 5053 multi
1273 4992 1527 5068 dicnnt,
1583 4991 1646 5050 in
1692 4995 1912 5052 neutro
1963 5009 2111 5052 casu
2161 5007 2298 5050 esse

768 5090 987 5148 contra
1014 5085 1476 5146 immunitatem
1498 5130 1513 5161 ,
1562 5084 1710 5162 quia
1738 5103 1858 5145 non
1892 5084 2161 5163 exigitur
2188 5102 2299 5162 ga-

769 5179 933 5241 bella
975 5198 1012 5238 a
1040 5178 1300 5255 clerico,
1361 5177 1472 5238 sed
1515 5196 1553 5237 a
1582 5177 1711 5238 solo
1749 5178 1930 5239 laice.
1991 5180 2083 5239 lta
2111 5179 2294 5239 Boer.

771 5275 1100 5348 BursatuS,
1163 5270 1466 5332 Alexand.
1505 5272 1922 5348 Purpuratus,
1980 5268 2294 5348 Tiraquel.

772 5367 1106 5441 ValaseuS,
1149 5363 1516 5425 Menochius
1561 5363 1748 5424 etiam
1781 5363 1894 5423 sibi
1926 5363 2297 5438 contrariuS,

771 5458 996 5534 Mexia,
1028 5459 1306 5530 Lasarte,
1344 5458 1406 5517 et
1434 5456 1531 5514 alii
1569 5475 1724 5534 quos
1754 5457 1937 5517 affert
1961 5456 2129 5516 idem
2160 5455 2304 5516 Dia-

775 5571 857 5612 na
886 5551 992 5624 ibi,
1028 5548 1133 5628 qui
1162 5548 1315 5609 nihil
1344 5549 1581 5610 definit.
1608 5548 1958 5629 Heni-iquez
1979 5548 2167 5610 etiam
2199 5548 2304 5607 ubi

1917 355 2019 415 DE
2061 355 2417 417 JUS'Pl'rlA
2464 355 2563 415 ΕΤ
2604 356 2805 417 JURE

2388 551 2577 611 supra
2606 551 2779 594 num.
2814 537 2872 594 6.
2911 532 3263 613 Rodriguez
3294 535 3354 594 in
3383 534 3631 597 Summa
3659 537 3803 598 loeo
3830 558 3933 598 su·

2388 644 2505 704 pra
2532 626 2750 702 citam,
2799 626 3030 687 Molina
3070 626 3175 687 ubi
3219 646 3411 706 supra
3454 628 3621 690 dieto
3653 649 3827 691 num.
3862 635 3925 692 5.

2389 722 2452 779 et
2491 718 2701 779 multis
2743 718 2880 779 aliis
2920 718 3247 796 adductiS,
3310 721 3594 782 Sanchez
3637 722 3790 784 dub.
3825 740 3925 785 ιν.

2388 829 2561 871 num.
2594 815 2694 872 40.

2468 903 2812 965 Difficultas
2841 906 2973 965 tota
3003 904 3255 965 videtur
3283 923 3419 967 esse
3440 952 3455 982 ,
3492 907 3640 986 quia
3668 927 3793 970 non
3823 927 3930 969 so-

2389 1182 2557 1261 quod
2590 1182 2891 1243 indirecte
2922 1201 3062 1242 eam
3090 1183 3301 1245 laedit:
3335 1185 3396 1245 in
3431 1184 3552 1247 hoc
3586 1192 3799 1248 autem
3826 1205 3931 1247 ea-

2389 1292 2492 1350 su,
2563 1275 2709 1336 licet
2768 1274 3017 1354 gabella
3070 1294 3197 1337 non
3254 1277 3542 1356 exigatur
3598 1278 3835 1339 directe
3890 1298 3937 1339 a.

2388 1365 2613 1428 clerico
2646 1414 2662 1444 ,
2736 1368 3035 1428 indirecte
3104 1373 3315 1430 tamen
3372 1370 3621 1431 videtur
3688 1371 3769 1431 ab
3850 1390 3931 1432 eo

2389 1460 2623 1540 recipi,
2685 1460 2999 1540 siquidem
3055 1462 3260 1522 carius
3315 1463 3486 1541 cogit
3538 1482 3770 1542 emere,
3829 1463 3939 1525 vel

2388 1553 2570 1613 vilius
2625 1554 2897 1614 vendere
2950 1559 3209 1633 propter
3252 1554 3565 1633 gabellam
3619 1575 3733 1618 sno
3781 1576 3938 1617 ven-

2391 1644 2598 1722 ditori,
2633 1644 2730 1705 vel
2761 1645 3027 1724 emptori
3058 1646 3440 1725 impositam,
3476 1648 3645 1728 quod
3663 1649 3939 1729 perinde

2390 1742 2485 1798 est
2510 1755 2587 1799 ac
2613 1738 2664 1798 si
2694 1738 2828 1816 ipse
2858 1739 3152 1812 solveret3
3187 1745 3376 1819 atque
3407 1741 3547 1802 ideo
3572 1742 3692 1803 hoe
3722 1743 3942 1821 ipsum

2391 1830 2508 1890 erit
2537 1830 2839 1891 indirecte
2878 1832 3155 1909 gravari.
3203 1835 3363 1894 Tota
3401 1853 3552 1913 ergo
3592 1835 3943 1898 difficultas

2391 1928 2487 1982 est
2530 1922 2588 1981 in
2634 1922 3043 2001 intelligentia
3086 1924 3251 1984 illius
3279 1925 3602 1988 indirecta}
3631 1928 3936 2005 laesioniS,

2391 2033 2531 2095 quae
2562 2014 2750 2075 etiam
2780 2015 2843 2074 in
2876 2014 2994 2076 hae
3022 2017 3288 2093 materia
3316 2018 3633 2097 prohibita
3663 2024 3780 2095 est,
3816 2021 3943 2081 cir-

2391 2126 2465 2170 ca
2494 2108 2672 2188 cujus
2693 2109 2865 2169 verbi
2899 2099 3380 2188 explicationem
3411 2112 3473 2171 in
3507 2113 3628 2173 alio
3657 2132 3811 2174 casu
3840 2114 3943 2177 di-

2389 2202 2616 2262 scurrit
2644 2201 2874 2263 Sanch.
2907 2202 3012 2263 lib.
3037 2205 3139 2264 VI.
3175 2203 3236 2263 in
3263 2203 3543 2286 Deculoq.
3565 2224 3704 2284 cap.
3728 2223 3921 2269 xvm.

2389 2312 2563 2355 num.
2596 2297 2693 2355 23.
2748 2300 3006 2373 propter
3033 2295 3235 2356 simile
3264 2297 3532 2358 verbum
3558 2345 3574 2374 ,
3633 2299 3807 2378 quod
3839 2305 3947 2361 est

2390 2386 2451 2447 in
2485 2392 2630 2447 voto
2660 2386 2967 2465 simplici,
3013 2407 3138 2467 quo
3169 2390 3436 2468 professi
3462 2396 3694 2453 nostrae
3726 2392 3939 2452 socie·

2389 2479 2535 2542 tatis
2569 2480 2942 2557 promittunt
2969 2499 3035 2542 se
3066 2481 3217 2541 nihil
3238 2487 3510 2559 acturos,
3546 2503 3625 2544 ne
3652 2482 3944 2545 indirecte

2391 2572 2646 2653 quidem
2671 2619 2686 2648 ,
2737 2577 2805 2633 ut
2833 2573 2895 2632 in
2926 2574 3204 2654 aliquam
3235 2574 3668 2653 praelationem
3697 2577 3798 2637 vel
3830 2577 3939 2637 di-

2389 2666 2696 2745 gnitatem
2745 2665 2806 2724 in
2851 2666 3150 2728 societate
3178 2668 3511 2746 eligantur.
3562 2670 3680 2731 Ubi
3714 2669 3945 2749 impri-

2388 2759 2507 2819 mis
2536 2758 2707 2835 dicit,
2741 2777 2925 2837 posse
2956 2760 3078 2820 dici
3108 2760 3277 2838 quod
3297 2762 3605 2839 particula
3630 2763 3739 2823 illa
3769 2764 3938 2824 nihil

2391 2850 2705 2912 diversum
2738 2870 2970 2912 novum
3002 2852 3318 2932 importat,
3353 2855 3465 2914 sed
3495 2855 3937 2933 multiplicari,

2391 2946 2461 3004 ut
2485 2944 2750 3023 professi
2777 2943 3131 3023 intelligant
3161 2964 3352 3025 quam
3381 2947 3594 3007 stricte
3624 2947 3759 3008 haec
3792 2967 3946 3008 am-

2391 3036 2545 3097 bitio
2574 3036 2691 3097 sibi
2722 3037 3136 3100 interdicatur
3167 3058 3181 3099 z
3231 3039 3402 3099 nulla
3448 3040 3636 3101 etiam
3665 3041 3941 3102 ambitio

2391 3129 2697 3191 indirecta
2726 3134 2933 3210 potest
2962 3132 3205 3209 afferri,
3250 3151 3391 3212 qnae
3422 3151 3543 3194 non
3576 3137 3741 3195 esset
3768 3134 3946 3196 indi-

2389 3227 2584 3300 recta,
2617 3224 2763 3284 licet
2789 3224 2893 3283 illa
2922 3225 3231 3303 particula
3260 3245 3383 3287 non
3416 3226 3781 3288 adderetur.
3814 3231 3942 3289 Pro

2393 3335 2517 3396 qua
2547 3316 2961 3396 explicatione
2991 3320 3175 3380 affert
3205 3321 3270 3379 P.
3309 3321 3544 3381 Suarez
3584 3324 3738 3381 tom.
3773 3338 3839 3382 v.
3866 3320 3946 3382 de

2391 3409 2669 3485 censuris,
2703 3409 2864 3489 disp.
2897 3426 3026 3472 xxl.
3061 3417 3212 3473 sect.
3246 3415 3305 3472 2.
3341 3429 3517 3472 num.
3549 3415 3652 3473 23.
3688 3412 3946 3492 (debuit

2393 3503 2600 3563 dicere
2630 3520 2802 3563 num.
2836 3504 2963 3582 93.)
2996 3504 3331 3581 dicentem,
3366 3509 3669 3565 statutum
3699 3505 3946 3567 indire-

2392 3601 2490 3656 cte
2538 3595 2774 3655 laedens
2815 3595 3171 3657 libertatem
3200 3597 3495 3658 Ecclesiae
3541 3616 3678 3658 esse
3708 3617 3944 3660 revera

2391 3691 2454 3749 et
2491 3687 2987 3749 substantialiter
3029 3694 3248 3751 contra
3291 3690 3504 3766 illam,
3564 3709 3640 3751 ac
3708 3693 3941 3770 subjici

2391 3781 2669 3842 censuris
2715 3780 2857 3841 latis
2906 3780 2968 3839 in
3016 3782 3392 3843 condentem
3438 3787 3674 3844 statuta
3712 3792 3940 3845 contra

2391 3873 2879 3934 ecclesiasticam
2921 3873 3300 3936 libertatem.
3351 3879 3442 3935 Ac
3471 3895 3737 3952 rursm,
3793 3878 3945 3957 quia

2392 3964 2587 4045 Cajet.
2620 3967 2681 4024 in
2713 3965 2960 4026 Summa
2991 3968 3167 4028 verb.
3200 3959 3748 4045 ercom'mum'cattb,
3784 3988 3842 4031 e.
3874 3977 3937 4031 Ἰ.

2393 4063 2456 4119 et
2485 4062 2580 4120 15.
2632 4064 2694 4120 et
2735 4063 2832 4120 Π.
2887 4064 2949 4121 et
2976 4063 3075 4121 27.
3134 4065 3197 4121 et
3223 4064 3322 4123 29.
3375 4068 3437 4123 et
3463 4065 3562 4124 37.
3615 4063 3945 4142 explicans

2390 4151 2597 4212 varias
2627 4153 3307 4214 excommunicationes
3337 4154 3496 4215 latas
3526 4160 3753 4216 eontra
3777 4156 3943 4216 dire-

2392 4248 2490 4307 cte
2520 4245 2620 4306 vel
2650 4245 2958 4306 indirecte
2997 4246 3236 4326 aliquid
3268 4253 3559 4326 agenteS,
3609 4268 3945 4328 nunquam

2393 4339 2663 4417 explicat
2692 4384 2708 4416 ‚
2769 4358 2885 4400 nec
2929 4341 3109 4400 affert
3151 4341 3509 4420 exemplum
3551 4342 3945 4419 particulare

2391 4432 2711 4492 indirectae
2767 4432 3064 4508 actioni8‚
3127 4451 3330 4512 neque
3387 4433 3576 4494 etiam
3647 4434 3754 4494 alii
3825 4454 3944 4495 au-

2394 4530 2597 4587 ctores
2642 4543 2784 4584 eam
2822 4525 3197 4603 particulam
3241 4525 3584 4604 explicant,
3646 4545 3845 4607 quare
3872 4529 3943 4587 in

2393 4619 2501 4679 illa
2546 4635 2669 4678 non
2702 4617 2998 4678 videntur
3031 4618 3413 4697 particulare
3440 4619 3817 4697 mysterium
3846 4620 3946 4680 in·

2396 4710 2631 4786 venire,
2664 4711 2777 4770 sed
2803 4709 3091 4770 eamdem
3119 4710 3646 4787 significationem
3670 4712 3940 4788 habere,

2393 4804 2539 4864 licet
2564 4804 2641 4863 ad
2672 4804 2978 4883 maj0re1n
3009 4802 3532 4881 ponderationem
3561 4805 3858 4867 addatur.

2478 4895 2788 4971 Secunde,
2823 4895 3000 4956 addit
3027 4895 3196 4955 idem
3226 4895 3510 4957 Sanchez
3542 4916 3605 4956 n.
3636 4900 3735 4958 24.
3768 4916 3945 4977 pras·

2396 4988 2746 5050 tensionem
2775 4989 2947 5048 illam
2968 4987 3340 5048 indirectam
3363 5006 3545 5066 posse
3566 4989 3713 5066 diei,
3739 5009 3948 5069 quan-

2399 5082 2479 5142 do
2510 5100 2635 5142 non
2667 5080 2974 5160 expressis
3023 5080 3217 5158 signis
3259 5087 3370 5142 aut
3409 5082 3617 5143 verbis
3663 5083 3951 5159 dignitas

2398 5174 2829 5254 praetenditur,
2890 5178 3037 5234 tunc
3080 5174 3247 5233 enim
3304 5179 3469 5236 esset
3515 5175 3768 5252 directa,
3819 5177 3950 5237 sed

2400 5267 2521 5327 alio
2549 5269 2876 5345 praetextu‚
2904 5265 3154 5345 alioque
3184 5265 3474 5328 simulato
3503 5268 3712 5329 colore
3736 5286 3749 5329 ε
3771 5269 3954 5332 sicut

2402 5359 2656 5439 quando
2684 5360 2970 5420 Clemens
2998 5362 3159 5421 VIII.
3196 5359 3519 5438 prohibuit
3543 5361 3950 5440 regularibus

2402 5452 2803 5532 largitionem
2832 5472 3167 5513 munerum
3197 5453 3505 5515 directam
3526 5500 3542 5530 ,
3581 5455 3676 5516 vel
3703 5454 3951 5515 indire-

2405 5551 2537 5610 tam
2566 5546 2878 5624 explicant
2906 5547 3116 5624 Sossa,
3161 5547 3225 5606 in
3268 5545 3404 5626 ejus
3444 5546 3633 5608 bullae
3672 5546 3950 5627 explica-

2387 995 2517 1056 lum
2567 1000 2661 1057 est
2689 996 2976 1057 illicitum
3023 1001 3327 1058 statutum
3368 999 3607 1061 directe
3655 1002 3929 1062 tendens
3982 912 4204 1091 0¹¹5:ss

2388 1094 2609 1171 contra
2634 1089 2990 1151 libertatem
3019 1091 3544 1168 ecclesiasticam,
3595 1094 3706 1154 sed
3736 1095 3932 1155 etiam
3984 1094 4204 1201 ffbffg:
