4263 6376
559 1345 635 1403 ’Π

440 1467 584 1511 Potest
612 1469 738 1534 eliam

465 1534 720 1619 {tmffifflss

459 1629 736 1674 conductoris.

575 3122 653 3182 78
725 3121 734 3128 ’

510 3248 629 3299 Quid,
659 3248 696 3291 si

480 3314 534 3355 ga
511 3302 642 3344 tabell

489 3357 531 3400 iu
533 3368 622 3412 capi
609 3356 723 3400 itata.

776 323 894 383 632

781 499 875 558 set
898 515 1024 558 ηοη
1054 497 1260 558 minus
1285 517 1359 559 ex
1389 499 1624 559 credito
1655 499 1954 560 adversus
1969 517 2174 578 ηερε,
2197 517 2318 578 quo

779 590 1065 651 subditus
1095 591 1195 651 hic
1226 592 1639 653 contribuisse
1670 592 2044 671 supponitur
2064 639 2081 668 ‚
2130 611 2320 672 quam

781 702 859 743 ex
886 684 1279 763 impositione
1303 703 1608 745 novarum
1629 686 2041 764 gabellarum,
2067 686 2166 745 vel
2193 704 2319 746 ces-

782 776 1020 837 satione
1052 777 1461 853 necessitatiS,
1500 782 1566 838 ut
1595 778 1895 851 vidimus;
1929 796 2319 857 consequens

784 873 878 930 est
904 870 1312 948 publicanum
1355 889 1432 930 ex
1458 871 1770 931 locatione
1802 890 1924 932 ηοη
1956 872 2191 932 habere
2215 871 2321 950 jus

784 964 863 1023 ad
894 963 1231 1041 exigendas
1273 963 1553 1042 gabellas
1600 982 1638 1024 a
1683 964 1790 1024 tali
1830 963 2116 1039 subdite,
2178 963 2325 1043 quia

784 1073 910 1115 non
967 1055 1156 1116 habet
1201 1055 1345 1134 jus,
1409 1056 1524 1116 nisi
1569 1057 1648 1115 ad
1689 1056 2062 1135 exigendam
2111 1056 2323 1135 gabel-

783 1148 948 1225 lam‚
1009 1150 1312 1228 quamdiu
1357 1154 1571 1211 manet
1591 1151 1763 1229 justa
1811 1154 1873 1210 et
1906 1149 2184 1229 obligare
2213 1167 2325 1229 po-

786 1245 926 1302 test.

857 1337 945 1396 Ex
975 1335 1094 1395 hac
1125 1340 1334 1397 tamen
1375 1336 1617 1398 ratione
1659 1336 1746 1396 sic
1777 1336 2084 1415 explicata
2114 1334 2326 1412 aliqua

786 1427 1079 1489 videntur
1107 1428 1358 1507 inferri,
1400 1429 1464 1489 in
1498 1430 1723 1509 quibus
1747 1429 1978 1506 partim
2009 1448 2048 1490 a
2074 1432 2327 1487 senten-

788 1522 875 1599 tia
902 1522 1190 1601 superius
1219 1523 1416 1583 relata
1447 1520 1899 1582 discedendum
1930 1523 2199 1581 videtur.

871 1615 1079 1676 Primo
1135 1616 1346 1694 itaque
1395 1615 1661 1675 infertur
1703 1615 1768 1674 id
1815 1613 1984 1695 quod
2031 1618 2327 1675 auctores

787 1708 980 1770 etiam
1014 1708 1150 1769 illos
1197 1708 1378 1768 facile
1408 1727 1818 1770 concessuros
1847 1707 2036 1767 credo
2079 1728 2091 1768 :
2150 1707 2326 1766 nimi-

785 1821 925 1862 rum
955 1801 1274 1864 subditum
1307 1821 1430 1863 non
1461 1802 1662 1863 solum
1693 1820 1875 1880 posse
1919 1800 2007 1861 uti
2038 1819 2328 1878 compen-

787 1895 1028 1956 satione
1056 1895 1358 1956 adversus
1387 1914 1602 1974 regem
1622 1941 1640 1967 ,
1701 1894 1955 1974 quando
2003 1913 2110 1953 rex
2142 1893 2194 1953 ei
2226 1893 2327 1953 dc-

785 1987 915 2063 ret,
949 1988 1060 2049 sed
1089 1988 1280 2049 etiam
1310 1988 1613 2049 adversus
1643 1987 2068 2066 publicanum,
2104 1986 2202 2045 cui
2219 2005 2329 2047 rex

787 2080 1101 2159 gabellam
1146 2080 1409 2157 locavit,
1471 2080 1722 2160 quando
1780 2079 2150 2159 publicanus
2196 2079 2328 2159 ipse

790 2173 909 2233 alio
939 2173 1119 2234 titulo
1152 2174 1209 2233 ei
1241 2173 1477 2252 aliquid
1524 2172 1712 2233 debet
1760 2173 1927 2251 quod
1970 2172 2331 2252 recuperari

791 2284 918 2326 non
947 2270 1173 2344 potest.
1222 2269 1376 2329 Cum
1426 2266 1592 2326 enim
1640 2266 2136 2327 emolumentum
2167 2266 2329 2326 illius

792 2358 1055 2438 gabellae
1098 2359 1179 2419 ad
1234 2359 1636 2439 publicanum
1702 2360 2018 2437 pertinere
2067 2359 2326 2431 debcat;

792 2452 1021 2532 poterit
1047 2453 1332 2515 subditus
1359 2453 1527 2512 illam
1557 2457 1802 2532 partem
1840 2452 2173 2531 publicano
2196 2453 2329 2533 jam

792 2565 867 2605 ex
895 2546 1074 2623 regia
1101 2546 1410 2606 locatione
1442 2545 1720 2606 debitam
1750 2545 1868 2605 sibi
1901 2544 2168 2606 retinere
2195 2593 2209 2622 ,
2262 2549 2332 2607 ut

791 2657 904 2717 pro
923 2657 995 2699 eo
1014 2643 1377 2718 compenset
1397 2639 1564 2718 quod
1583 2639 1951 2717 publicanus
1972 2639 2089 2718 ipsi
2106 2639 2325 2700 debet:

794 2736 997 2810 potest
1012 2751 1160 2810 ergo
1184 2732 1447 2811 gabelloe
1477 2732 1740 2792 retentio
1774 2731 2088 2791 deservire
2120 2732 2331 2792 tibiad

795 2825 1295 2904 recuperandum
1325 2825 1421 2884 vel
1451 2824 1514 2884 id
1534 2825 1698 2903 quod
1717 2843 1826 2884 rex
1858 2825 1968 2886 tibi
2002 2825 2209 2901 debet,
2232 2826 2331 2885 vel

798 2918 985 2980 ctiam
1043 2920 1211 2998 quod
1267 2919 1379 2979 tibi
1437 2919 1626 2979 debet
1681 2918 2053 2997 publicanus
2083 2964 2099 2995 ‚
2164 2919 2330 2998 quod

797 3011 978 3071 facile
1009 3011 1196 3071 credo
1228 3012 1308 3071 ab
1338 3011 1629 3071 omnibus
1649 3011 2143 3071 concedendum.

879 3104 1166 3165 Secundo
1217 3104 1414 3164 infero
1464 3103 1524 3163 id
1551 3150 1566 3180 ,
1631 3104 1799 3183 quod
1852 3104 2014 3164 bene
2063 3104 2335 3166 advertit

803 3197 1032 3260 Saneh.
1085 3198 1147 3258 d.
1200 3198 1349 3258 dub.
1393 3214 1605 3259 XLvlu.
1657 3217 1829 3259 num.
1863 3201 1922 3259 3.
1984 3198 2331 3259 doctrinam

800 3292 964 3352 hanc
994 3309 1119 3351 ηοη
1148 3290 1380 3350 habere
1410 3291 1618 3351 locum
1642 3336 1657 3366 ,
1702 3290 1951 3369 quando
1985 3290 2197 3370 aliqua
2223 3310 2335 3369 ga-

799 3384 963 3445 bella
1005 3383 1346 3462 incapitata
1388 3389 1481 3445 est
1526 3384 1712 3444 modo
1760 3402 1951 3462 supra
2002 3383 2329 3462 explicate,

799 3496 911 3556 pro
945 3495 1069 3555 qua
1097 3476 1334 3537 scilicet
1361 3476 1556 3556 aliqui
1587 3476 1877 3551 artifices,
1911 3496 1969 3537 v.
2002 3495 2064 3555 g.
2100 3495 2333 3537 conve-

801 3573 1029 3629 nerunt
1055 3587 1198 3629 cum
1228 3588 1398 3648 rege,
1432 3570 1530 3628 vel
1558 3569 1899 3648 gabellario
1929 3568 2247 3630 offerendo
2280 3569 2336 3629 ei

800 3668 1038 3724 certam
1067 3680 1377 3722 summam
1397 3710 1412 3739 ,
1460 3681 1646 3742 quam
1678 3666 1893 3740 postea
1923 3662 2211 3722 dividunt
2238 3662 2333 3721 in-

799 3760 895 3817 ter
922 3775 1011 3832 se,
1046 3760 1114 3815 ut
1140 3755 1370 3834 singuli
1405 3775 1548 3817 suas
1590 3759 1800 3834 partes
1826 3756 2226 3817 contribuant
2254 3755 2333 3815 ad

799 3866 1111 3909 summam
1139 3849 1311 3909 illam
1331 3849 1758 3922 conflandam3
1793 3868 1915 3928 quo
1936 3868 2085 3910 casu
2116 3850 2336 3911 etiam-

799 3943 850 4003 si
872 3962 1034 4002 unus
1062 3960 1137 4001 ex
1169 3942 1284 4002 illis
1313 3942 1588 4003 creditor
1617 3945 1781 4002 essct
1816 3942 2001 4020 τρεῖς,
2036 3961 2161 4003 ηοη
2192 3961 2337 4021 pos-

801 4040 897 4098 set
924 4034 1433 4114 compensatione
1466 4035 1593 4111 uti,
1656 4035 1802 4114 quia
1848 4036 1910 4095 id
1952 4034 2339 4096 redundaret

802 4129 862 4188 in
894 4128 1193 4188 damnum
1223 4127 1540 4188 sociorum
1564 4174 1580 4205 ,
1632 4128 1738 4207 qui
1786 4133 1968 4207 pacto
2017 4129 2337 4190 communi

801 4224 1038 4282 certam
1085 4239 1397 4281 summam
1444 4220 1804 4282 obtulerunt
1841 4222 2014 4300 regi,
2076 4226 2138 4282 et
2165 4221 2336 4301 quod

802 4334 963 4374 unus
1012 4332 1133 4374 non
1198 4313 1384 4374 solvit
1439 4314 1544 4372 alii
1594 4313 1835 4375 solvere
1881 4316 2022 4394 plus
2076 4315 2330 4392 debent,

801 4412 871 4468 ut
917 4410 1047 4468 tota
1092 4407 1198 4466 illa
1227 4424 1471 4466 summa
1502 4407 1812 4485 promissa
1860 4407 1990 4486 regi
2041 4407 2338 4468 exhibea-

802 4505 924 4562 tur.

886 4596 1084 4669 PeteS‚
1120 4593 1271 4672 quid
1301 4593 1637 4655 dicendum
1668 4595 1768 4670 sit,
1813 4593 2065 4674 quando
2097 4593 2337 4653 nullum

710 4751 734 4780 a
803 4690 1058 4765 pactum
1087 4687 1494 4765 proeeesserit,
1530 4688 1640 4748 sed
1669 4704 1956 4767 regnum,
1988 4687 2090 4746 vel
2119 4687 2338 4748 civitas

685 4791 725 4833 10
804 4780 1113 4840 concessit
1141 4780 1270 4858 regi
1305 4786 1540 4842 certam
1574 4798 1887 4841 summam
1916 4798 2028 4858 pro
2073 4780 2334 4856 tribute,

702 4858 736 4942 ⁰,
801 4891 992 4953 quam
1019 4877 1237 4951 postea
1267 4873 1485 4935 civitas
1516 4872 2012 4934 distribuitinter
2040 4873 2331 4933 civesim-

798 4966 1089 5045 ponendo
1136 4965 1450 5044 gabellam
1496 4967 1559 5025 in
1616 4965 1928 5044 aliquibus
1984 4966 2171 5027 rebus
2194 5013 2211 5044 ‚
2271 4969 2341 5027 ut

797 5077 1110 5119 summam
1157 5059 1327 5120 illam
1372 5059 1508 5137 regi
1554 5058 1926 5138 promissam
1972 5060 2331 5138 compleat:

799 5171 922 5231 quo
954 5171 1102 5213 casu
1132 5153 1379 5213 videtur
1409 5172 1531 5214 non
1563 5171 1697 5212 esse
1728 5152 1933 5213 locum
1973 5171 2338 5232 compensa-

797 5245 947 5305 tioni
976 5292 991 5321 ,
1044 5246 1191 5326 quia
1239 5265 1312 5305 ex
1358 5245 1464 5305 illa
1508 5245 1856 5307 retentione
1913 5246 2181 5324 gabellae
2230 5266 2339 5306 rex

799 5339 1176 5399 nullomodo
1207 5338 1648 5399 damnificatur
1672 5385 1686 5414 ‚
1748 5358 1889 5398 cum
1939 5344 2133 5400 totam
2166 5359 2339 5399 sum-

796 5450 966 5492 mam
999 5432 1307 5510 integram
1338 5431 1622 5509 accipere
1644 5432 1891 5507 debeat,
1926 5433 2035 5493 sed
2066 5452 2339 5511 gravan-

798 5544 898 5604 tur
927 5526 1130 5586 solum
1161 5525 1265 5585 alii
1286 5523 1475 5602 cive&
1496 5525 1603 5604 qui
1633 5526 1770 5604 plus
1802 5526 2044 5587 solvent
2074 5527 2340 5588 durante

1952 322 2054 381 DE
2095 321 2450 383 JUSTITIA
2494 321 2593 381 ΕΤ
2635 322 2834 383 JURE

2422 499 2561 578 plus
2590 500 2891 578 temporis
2932 498 3222 578 gabella‚
3285 498 3489 559 donec
3533 502 3667 560 tota
3717 516 3963 558 summa

2422 593 2830 672 compleatur.
2896 594 3204 654 Caeterum
3252 590 3459 651 adhuc
3490 609 3563 652 eo
3593 608 3743 651 casu
3775 589 3961 651 credo

2422 704 2557 745 esse
2587 685 2796 745 locum
2827 683 3344 763 compensationi,
3379 684 3529 763 quia
3559 683 3637 743 ab
3669 682 3790 743 hoc
3818 681 3964 742 sub-

2423 779 2551 839 dit-o
2586 797 2710 838 non
2754 778 2986 856 petitur
3014 777 3267 838 nomine
3298 776 3569 838 civitat-is
3618 777 3719 836 cui
3748 775 3965 835 subdi-

2419 876 2519 933 tus
2549 871 2863 951 gabellam
2884 889 3006 931 non
3033 871 3243 946 debet,
3269 870 3379 930 scd
3403 870 3652 930 nomine
3675 869 3842 947 regis
3864 868 3963 928 cui

2421 964 2706 1039 debetur,
2723 968 2784 1025 ct
2804 964 2906 1043 qui
2922 965 3026 1041 jus
3058 963 3247 1024 habet
3275 963 3540 1023 adillam
3557 961 3957 1039 exigendam.

2425 1057 2601 1131 Quod
2633 1061 2845 1118 autem
2876 1076 2982 1117 rex
3015 1075 3139 1116 non
3169 1056 3400 1117 sentiat
3429 1056 3729 1115 damnum
3760 1074 3837 1115 ex
3867 1073 3966 1114 re-

2423 1150 2701 1211 tentione
2731 1149 2836 1209 illa
2863 1149 3150 1228 gabellae‚
3183 1168 3297 1228 per
3325 1148 3617 1208 accidens
3644 1153 3733 1209 est
3769 1168 3782 1209 :
3819 1165 3965 1207 nam

2425 1262 2541 1303 nec
2568 1262 2680 1302 rex
2709 1242 2898 1303 sentit
2926 1242 3122 1302 ullum
3152 1242 3454 1303 damnum
3478 1288 3495 1318 ,
3537 1240 3790 1320 quando
3820 1259 3968 1319 pro-

2425 1340 2564 1414 pter
2593 1335 3169 1415 compensationem
3200 1339 3465 1413 negatur
3491 1334 3740 1413 gabella
3768 1332 3970 1412 publi·

2426 1447 2582 1488 cano
2616 1428 2713 1488 cui
2762 1446 2869 1488 rex
2909 1446 3047 1488 eam
3097 1428 3345 1491 locavit.
3407 1427 3707 1488 Subditus
3752 1432 3968 1486 autem

2428 1522 2621 1582 utitur
2642 1523 2785 1600 jure
2835 1540 2945 1581 suo
2996 1520 3286 1599 negando
3341 1520 3655 1598 gabellam
3712 1518 3966 1580 nomine

2426 1613 2591 1691 regis
2621 1614 2882 1692 petitam
2907 1660 2922 1689 ‚
2976 1613 3074 1673 eui
3122 1613 3256 1692 ipse
3305 1612 3457 1672 nihil
3490 1613 3680 1673 debet
3709 1617 3969 1691 propter

2428 1706 2708 1767 debitum
2738 1707 2853 1784 ipsi
2883 1726 2920 1767 a
2947 1724 3097 1785 rege
3129 1724 3252 1766 non
3285 1706 3578 1767 solutum.
3639 1708 3717 1768 Et
3762 1705 3851 1766 ita
3902 1705 3967 1764 in

2428 1819 2573 1861 casu
2606 1800 2789 1859 simili
2817 1799 3105 1860 concedit
3146 1798 3380 1860 Saneh.
3416 1818 3591 1859 num.
3623 1802 3683 1860 3.
3736 1799 3815 1859 de
3861 1799 3966 1858 illo

2429 1894 2531 1973 qui
2563 1893 2939 1972 incapitatus
2982 1911 3106 1953 non
3156 1898 3286 1968 est,
3347 1911 3463 1953 nec
3503 1898 3761 1971 pactum
3805 1892 3964 1968 iniit,

2429 1987 2714 2065 quamvis
2758 2006 2832 2046 ex
2863 2004 2935 2046 eo
2984 1986 3155 2065 quod
3185 1986 3317 2065 ipse
3347 1986 3665 2064 gabellam
3696 2004 3821 2046 non
3850 1986 3970 2046 sol-

2427 2084 2553 2155 vat,
2589 2080 2889 2139 damnum
2919 2097 3042 2140 non
3073 2079 3444 2139 refundatur
3473 2078 3535 2139 in
3564 2098 3781 2157 regem
3808 2125 3823 2155 ,
3855 2079 3969 2139 sed

2426 2174 2491 2234 in
2520 2173 2894 2252 incapitatos
2918 2219 2935 2250 ‚
2998 2173 3101 2252 qui
3132 2177 3305 2234 tanto
3335 2172 3475 2251 plus
3504 2172 3748 2234 solvere
3780 2171 3968 2232 debe·

2426 2267 2605 2328 bunt

2506 2360 2714 2422 Tertio
2746 2359 2983 2437 infero,
3035 2360 3615 2466 compensationem
3658 2359 3795 2419 fieri
3846 2379 3973 2421 ηοη

2431 2826 2693 2904 gabellae
2722 2830 3112 2887 contractum
3140 2826 3278 2902 fuit,
3301 2826 3411 2886 sed
3440 2827 3696 2906 quando
3726 2833 3981 2888 eontra·

2433 2923 2601 2979 ctum
2630 2918 2744 2979 fuit
2782 2922 3117 2999 postquam
3163 2919 3413 2997 gabella
3459 2918 3745 2980 absolute
3778 2919 3979 2979 debe-

2430 3013 2638 3089 batur,
2669 3032 2730 3077 v.
2761 3031 2822 3090 g.
2859 3016 3197 3092 postquam
3230 3016 3588 3073 contractus
3616 3012 3981 3074 celebratus

2432 3105 2576 3183 fuit,
2636 3106 2734 3165 vel
2779 3108 3115 3184 postquam
3161 3123 3401 3166 merces
3442 3104 3819 3165 introductae
3849 3105 3984 3164 fue·

2431 3203 2617 3274 runt,
2668 3218 2739 3258 ex
2791 3199 3019 3278 quibus
3062 3198 3313 3277 gabella
3357 3198 3736 3259 debebatur.
3802 3201 3979 3259 Hanc

2434 3291 2786 3352 doctrinam
2816 3291 3064 3351 videtur
3102 3295 3172 3352 ut
3198 3291 3432 3351 claram
3462 3292 3827 3370 approbare
3860 3294 3982 3351 Va-

2434 3403 2623 3463 squez
2649 3384 2753 3444 illo
2787 3383 2936 3445 dub.
2972 3401 3067 3444 111.
3106 3403 3277 3445 num.
3315 3388 3414 3445 32.
3475 3384 3585 3444 sed
3617 3389 3840 3463 postea
3868 3403 3974 3445 nu.

2432 3481 2532 3537 41.
2566 3496 2707 3537 eam
2738 3477 2993 3538 tandem
3024 3477 3273 3556 negavit
3301 3523 3316 3553 ,
3376 3496 3450 3537 eo
3481 3477 3652 3556 quod
3684 3477 3876 3538 etiam
3906 3496 3981 3537 eo

2436 3588 2584 3630 casu
2616 3569 2748 3648 regi
2777 3588 2903 3629 non
2933 3568 3305 3631 solvendum
3336 3574 3500 3630 esset
3528 3570 3837 3631 tributum
3863 3616 3881 3645 ‚
3928 3570 3981 3630 si

2433 3682 2547 3742 per
2575 3682 2640 3722 se
2668 3663 2872 3742 ipsum
2899 3662 3059 3723 illud
3108 3663 3429 3742 exigeret,
3478 3681 3594 3723 nec
3640 3663 3981 3742 publicano

2434 3755 2585 3816 illud
2611 3756 2913 3828 locasset;
2976 3774 3124 3834 ergo
3176 3774 3291 3816 nec
3339 3756 3676 3835 publicano
3727 3756 3968 3817 condu-

2435 3849 2586 3911 ctori
2616 3849 2771 3909 solvi
2802 3849 3022 3925 debet,
3081 3867 3226 3910 cum
3269 3848 3399 3927 ipse
3449 3867 3574 3910 non
3606 3848 3843 3910 habeat
3860 3849 3970 3929 jus

2434 3942 2722 4022 exigendi
2767 3942 2883 4001 nisi
2928 3961 3000 4003 eo
3049 3960 3198 4003 casu
3245 3961 3367 4022 quo
3415 3942 3551 4020 regi
3596 3942 3973 4004 solvendum

2436 4038 2622 4099 esset.

2515 4128 2908 4191 Contrarium
2930 4132 3165 4205 tamen,
3192 4133 3261 4190 ut
3278 4128 3429 4205 dixi,
3454 4147 3676 4189 verum
3707 4129 3980 4204 videtur,

2435 4223 2581 4303 quia
2611 4221 2880 4283 creditor
2904 4222 3071 4300 regis
3094 4221 3234 4281 ideo
3258 4227 3593 4283 excusatur
3611 4241 3652 4282 a
3681 4221 3991 4284 solvenda

2433 4315 2703 4393 gabella,
2738 4319 2807 4375 ut
2834 4315 3103 4375 vidimus
3135 4320 3445 4394 quatenus
3475 4315 3536 4374 in
3569 4315 3691 4376 illis
3719 4315 3988 4377 circum-

2435 4407 2676 4469 stantiis
2704 4408 2953 4486 gabella
2981 4411 3144 4467 esset
3172 4407 3437 4488 injusta,
3491 4427 3635 4469 cum
3665 4412 3995 4488 peteretur

2438 4502 2516 4560 ab
2546 4521 2618 4561 co
2651 4500 2759 4580 qui
2785 4501 3160 4579 supponitur
3188 4500 3572 4562 sufficienter
3603 4501 3993 4564 contribuis-

2438 4613 2503 4653 se
2532 4593 2782 4654 aliunde
2811 4594 2948 4672 regi
2975 4593 3054 4652 ad
3078 4593 3480 4654 necessitates
3500 4593 3807 4672 publicas,
3831 4596 3997 4653 llaec

2439 4692 2648 4748 autem
2698 4687 2856 4748 ratio
2906 4706 3028 4747 non
3078 4686 3364 4765 procedit
3413 4687 3477 4746 in
3527 4705 3682 4747 casu
3711 4692 3930 4748 nostro
3972 4708 3989 4747 2

2438 4780 2688 4860 quando
2720 4779 2886 4839 enim
2917 4779 3267 4840 afferuntur
3296 4779 3392 4840 vel
3426 4778 3787 4841 venduntur
3810 4798 4001 4839 mer-

2440 4893 2563 4950 eeS,
2599 4893 2671 4932 cx
2704 4872 2928 4952 quibus
2957 4872 3204 4952 gabella
3235 4872 3528 4949 debetur,
3564 4872 3667 4933 hic
3696 4872 4002 4934 subditus

2439 4966 2592 5025 nihil
2622 4965 2831 5026 adhuc
2859 4965 3289 5026 contribuerat
3315 4965 3447 5044 regi
3473 5013 3490 5042 ‚
3550 4984 3665 5026 nec
3708 4985 3812 5026 rex
3865 4966 4005 5026 ali-

2439 5059 2589 5139 quid
2620 5059 2677 5118 ei
2707 5058 2896 5121 dehet
2945 5080 2958 5120 :
3011 5077 3160 5138 ergo
3196 5063 3348 5119 tunc
3396 5058 3647 5138 gabella
3685 5059 3857 5138 justa
3893 5067 4007 5120 est

2439 5172 2629 5233 quam
2652 5153 2788 5230 jam
2818 5152 3008 5214 dehet
3033 5152 3166 5231 regi
3192 5198 3208 5229 ‚
3271 5156 3338 5214 et
3389 5171 3499 5213 rex
3541 5154 3835 5213 transfert
3891 5157 4009 5215 to-

2436 5251 2572 5308 tum
2602 5246 2752 5305 illud
2773 5246 2877 5324 jus
2908 5245 2971 5304 in
3000 5245 3428 5325 publicanum,
3464 5264 3659 5326 quare
3680 5247 3807 5325 jam
3846 5247 4008 5307 nul-

2437 5340 2498 5399 lo
2532 5339 2719 5400 modo
2763 5339 2936 5417 regi,
2990 5340 3099 5400 sed
3147 5339 3258 5400 soli
3306 5340 3641 5419 publicano
3688 5339 4006 5414 debe-tur,

2441 5436 2698 5512 propter
2742 5431 3220 5493 translationem
3259 5431 3422 5510 juris
3476 5432 3631 5511 regii
3686 5432 3745 5490 in
3794 5449 4005 5493 eum.

2441 5526 2618 5600 Quod
2668 5525 2877 5587 autem
2906 5529 3126 5605 postea
3150 5525 3440 5597 subditus
3468 5525 3715 5588 aliunde
3741 5525 4015 5586 contri-

2429 2473 2607 2533 posse
2637 2472 2677 2514 a
2705 2453 3013 2513 creditore
3035 2454 3222 2532 regis,
3248 2453 3498 2533 quando
3516 2452 3802 2513 debitum
3823 2473 3975 2515 con-
4029 2490 4084 2531 A„
4102 2364 4230 2561 ἰή

2429 2552 2699 2608 tractum
2742 2546 2859 2607 fuit
2904 2566 2940 2606 a
2986 2566 3136 2626 rege
3180 2551 3514 2626 postquam
3538 2546 3674 2627 jam
3719 2547 3973 2625 gabella
4041 2543 4230 2605 §emm

2431 2640 2716 2701 absolute
2747 2639 3012 2699 debetur
3039 2640 3397 2719 publicano,
3424 2640 3530 2719 qui
3561 2644 3703 2700 eam
3732 2641 3974 2701 condu-
4028 2602 4185 2690 &⁸0⁸3

2429 2732 2585 2793 xit:
2641 2752 2761 2793 non
2797 2732 2976 2809 dice,
3028 2733 3278 2811 quando
3310 2739 3451 2812 post
3482 2733 3976 2795 conductionem
4060 2702 4230 2863 ὲἛΞ

4223 2828 4230 2869 1
