4263 6376
1313 288 1784 350 DISPUTATIO
1830 288 2017 362 XXV,
2068 288 2345 347 SECTIO
2392 289 2494 348 lx.

289 470 467 524 tuam
501 464 831 543 pecuniam
862 466 1157 542 exponiS‚
1191 465 1462 525 crederis
1488 464 1832 543 probabili-

290 560 391 616 ter
434 558 612 616 omni
657 556 902 616 meliori
932 558 1120 618 modo
1165 577 1287 636 quo
1317 563 1532 636 poteS‚
1591 557 1834 617 lucrum

290 648 637 726 accepisse,
668 654 730 709 ct
753 650 1168 709 mutuatarius
1189 650 1464 710 creditur
1483 649 1703 710 saltem
1723 648 1834 706 im-

288 739 501 818 plicite
534 741 920 802 consensisse
950 742 1030 802 ad
1058 748 1446 803 mutuantem
1475 741 1834 801 indemnem

288 833 696 910 servandum,
727 838 916 913 atque
947 835 1105 895 adeo
1128 835 1552 912 praestandum
1579 835 1832 894 interes-

289 942 379 984 se.
413 925 623 1003 Hujus
648 930 862 986 tamen
902 927 1063 988 ratio
1093 927 1413 987 reddenda
1442 930 1673 1001 restat,
1725 944 1837 986 cur

288 1017 711 1078 mutuatarius
733 1065 749 1093 ,
798 1023 860 1079 et
887 1026 1182 1080 mutuans
1211 1020 1399 1080 talem
1425 1018 1833 1079 intentionem

290 1125 546 1186 semper
570 1110 805 1170 babere
835 1116 1313 1189 praesumantur.

363 1203 666 1263 Secundo
695 1203 922 1282 probat
950 1205 1273 1264 'rannerus
1297 1251 1312 1279 ,
1363 1204 1531 1283 quod
1570 1203 1671 1264 ille
1700 1222 1832 1263 mu·

288 1298 471 1354 tuans
504 1313 632 1355 nou
671 1300 919 1356 tenetur
960 1302 1180 1376 postea
1226 1296 1306 1355 ad
1348 1296 1828 1372 restituendum,

288 1386 399 1446 nisi
426 1387 601 1448 sicut
626 1380 947 1466 possessor
974 1390 1155 1450 bonae
1182 1389 1352 1464 fidei,
1396 1389 1462 1448 id
1490 1389 1553 1448 in
1584 1406 1707 1468 quo
1736 1389 1829 1448 fa-

287 1484 421 1539 ctus
450 1484 559 1541 est
582 1481 952 1558 locupletior
985 1502 997 1541 :
1051 1500 1174 1542 non
1205 1483 1453 1542 videtur
1495 1487 1705 1542 autem
1735 1482 1830 1541 fa-

288 1578 421 1633 ctus
442 1572 653 1634 ditior
698 1593 771 1633 ex
814 1578 1178 1650 contractu,
1238 1575 1547 1654 siquidem
1596 1573 1832 1653 absque

289 1665 602 1743 ejusmodi
634 1671 956 1728 contractu
988 1667 1289 1745 potuisset
1314 1667 1708 1729 tantumdem
1736 1668 1833 1726 lu-

290 1758 450 1817 crari
483 1764 806 1820 contractu
839 1760 1027 1819 licito.
1075 1759 1198 1820 Sed
1238 1760 1360 1821 boc
1392 1764 1830 1837 argumentum

289 1851 495 1928 primo
530 1851 788 1912 nimium
819 1853 1068 1914 videtur
1095 1854 1365 1930 probare
1390 1899 1405 1928 ,
1449 1854 1747 1913 nimirum
1778 1853 1826 1911 si

290 1948 620 2022 empturus
666 1944 742 2003 ad
790 1946 1243 2023 negotiandum
1290 1964 1532 2006 merces
1589 1946 1828 2023 aliquas

288 2036 495 2096 emisti
528 2037 691 2096 bona
717 2036 839 2097 fide
869 2056 1112 2098 merces
1140 2039 1419 2109 furtivas,
1456 2043 1519 2100 et
1547 2037 1827 2097 vendidi·

288 2129 358 2188 sti
387 2133 619 2206 postea
644 2129 868 2208 majori
898 2130 1100 2209 pretio
1124 2177 1138 2202 ,
1193 2149 1319 2191 non
1348 2131 1578 2191 debere
1607 2136 1670 2192 te
1716 2149 1828 2208 po-

287 2226 420 2281 stea
472 2221 804 2282 restituere
853 2222 1111 2283 domino
1140 2223 1384 2283 lucrum
1428 2223 1594 2300 apud
1624 2227 1686 2283 te
1717 2241 1824 2281 ex-

288 2316 422 2373 tans
460 2334 477 2373 :
515 2314 663 2391 quia
688 2315 738 2373 si
768 2314 906 2374 illas
934 2333 1178 2376 merces
1208 2333 1333 2376 non
1363 2307 1618 2374 emisses
1642 2361 1657 2390 ,
1709 2332 1822 2393 po-

286 2406 519 2465 tuisses
551 2424 755 2465 emere
799 2406 952 2465 alias
984 2426 1058 2466 ex
1089 2406 1312 2486 quibus
1341 2426 1518 2486 aeque
1546 2408 1826 2467 lucrare-

285 2498 365 2557 ris
398 2519 411 2558 :
451 2498 626 2576 quod
655 2504 864 2558 tamen
894 2499 1121 2560 durum
1150 2501 1417 2576 videtur,
1441 2519 1585 2560 cum
1605 2517 1827 2560 revera

286 2609 357 2650 ex
378 2610 453 2649 re
484 2591 690 2650 aliena
712 2592 895 2651 ditior
916 2592 1115 2653 factus
1138 2592 1221 2652 sis
1247 2610 1436 2671 quam
1456 2610 1594 2653 eras
1615 2598 1819 2653 antea.

287 2684 496 2767 Quare
528 2682 743 2761 regula
771 2684 875 2743 illa
903 2684 965 2743 in
987 2701 1343 2763 possessore
1375 2685 1557 2745 bonae
1583 2684 1730 2744 fidei
1760 2685 1823 2744 in

286 2795 355 2836 eo
385 2795 582 2835 sensu
611 2776 690 2835 ab
723 2777 1014 2837 omnibus
1041 2777 1303 2855 intelligi
1332 2778 1601 2854 videtur,
1629 2783 1695 2838 ut
1725 2778 1826 2838 de·

285 2867 429 2927 beat
456 2867 789 2927 restituere
818 2866 882 2927 id
913 2868 1082 2945 quod
1111 2868 1250 2946 plus
1280 2869 1469 2930 habet
1498 2887 1685 2947 quam
1713 2888 1825 2929 an-

285 2966 384 3020 tea
417 2959 729 3031 habebat;
766 2959 829 3018 in
859 2978 933 3022 eo
963 2960 1131 3020 enim
1162 2966 1291 3022 toto
1321 2962 1510 3022 ditior
1535 2966 1825 3023 censetur

283 3052 487 3112 factus
521 3071 675 3112 esse.
712 3052 1005 3113 Secundo
1029 3099 1045 3129 ,
1097 3054 1246 3132 quia
1291 3071 1611 3134 possessor
1639 3055 1821 3116 bonae

280 3146 428 3206 fidei
460 3151 709 3207 tenetur
736 3146 959 3206 saltem
1000 3148 1325 3208 restituere
1372 3165 1505 3208 rem
1551 3148 1821 3209 alienam

283 3243 639 3311 extantem3
683 3257 834 3316 ergo
882 3239 936 3299 si
979 3244 1274 3300 mutuans
1322 3240 1384 3299 in
1433 3259 1581 3300 casu
1611 3246 1820 3302 nostro

281 3331 667 3408 regulandus
687 3336 782 3392 est
792 3331 973 3410 juxta
1001 3333 1283 3411 regulam
1311 3333 1685 3412 possessoris
1714 3334 1821 3394 bo-

281 3442 378 3484 nae
410 3424 558 3484 fidei
586 3425 647 3483 in
678 3423 898 3484 ordine
929 3425 1009 3484 ad
1029 3425 1507 3501 restitutionem,
1542 3426 1818 3504 obligan-

280 3514 399 3575 dus
440 3516 661 3576 saltem
710 3516 828 3576 erit
874 3516 954 3575 ad
980 3517 1439 3578 restituendum
1484 3520 1818 3596 pecuniam

274 3608 451 3668 luc-ro
468 3613 811 3687 acceptam,
830 3609 927 3669 vel
946 3609 1252 3689 quidquid
1281 3609 1429 3669 illud
1448 3609 1815 3690 fueritquod

274 3700 482 3780 ipsum
510 3702 716 3761 adhuc
747 3705 919 3763 extat
947 3721 1070 3763 non
1102 3707 1544 3780 consumptum
1569 3750 1584 3780 ,
1622 3710 1813 3784 atque

277 3793 439 3853 adeo
467 3793 754 3853 doctrina
798 3793 903 3853 illa
957 3813 1081 3854 non
1112 3794 1231 3855 erit
1259 3795 1688 3857 universaliter
1717 3817 1816 3857 ve-

278 3903 371 3959 ra,
406 3886 514 3945 sed
544 3885 867 3946 debuisset
892 3887 1169 3948 limitari.

354 3979 565 4038 Tertio
591 3977 867 4057 probant
892 3980 995 4039 alii
1025 3980 1191 4057 apud
1206 3980 1510 4058 Lessium,
1534 3983 1681 4061 quia
1710 3983 1812 4043 hic

278 4077 633 4132 contractus
661 4076 757 4131 est
775 4090 961 4133 causa
983 4091 1096 4133 cur
1121 4073 1641 4153 relinquatalium
1662 4094 1812 4136 con-

276 4169 545 4225 tractum
591 4184 715 4244 quo
758 4165 926 4244 juste
977 4166 1330 4228 lucraturus
1356 4167 1601 4241 suisset3
1657 4187 1808 4247 crgo

274 4259 505 4337 poterit
531 4258 779 4335 exigere
810 4259 1108 4319 interesse
1136 4260 1293 4320 lucri
1323 4262 1639 4322 cessantis
1678 4263 1810 4321 Hoc

270 4355 487 4412 tamen
518 4357 957 4428 argumentum
989 4351 1547 4431 aequivocationem
1578 4353 1800 4414 habet:

274 4444 326 4503 si
357 4444 523 4502 enim
549 4444 629 4504 sit
654 4463 861 4504 sermo
891 4445 968 4504 de
998 4445 1103 4505 illo
1134 4445 1255 4505 alio
1284 4451 1606 4507 contractu
1638 4447 1804 4508 licito

272 4554 471 4615 quem
496 4536 698 4597 facere
728 4548 942 4616 posset
969 4541 1286 4614 mutuans,
1311 4543 1375 4600 et
1388 4538 1468 4597 ad
1490 4556 1677 4616 quem
1707 4557 1807 4598 re-

275 4629 600 4689 ducendus
647 4635 742 4691 est
781 4629 896 4690 iste
928 4635 995 4691 ut
1020 4630 1264 4691 lucrum
1291 4630 1543 4691 retineri
1572 4635 1801 4710 posset,

275 4720 508 4780 falsum
546 4726 676 4797 est,
728 4721 897 4783 huno
942 4727 1329 4783 contractum
1376 4741 1622 4802 semper
1669 4742 1804 4784 esse

276 4831 536 4873 causam
578 4832 689 4874 cur
745 4815 847 4874 ille
894 4815 1051 4875 alius
1086 4833 1212 4875 non
1242 4817 1353 4877 fiat
1402 4836 1416 4876 :
1463 4817 1802 4895 aliquando

275 4907 459 4966 enim
484 4907 660 4967 etiam
694 4907 814 4968 hoc
844 4908 1096 4984 omisso,
1131 4909 1233 4968 ille
1261 4909 1419 4969 alius
1450 4928 1574 4970 non
1600 4911 1799 4986 fieret,

273 4999 437 5077 qnia
468 4998 535 5058 de
562 5019 633 5059 eo
662 5004 958 5061 mutuans
986 5020 1107 5062 non
1141 5002 1457 5080 cogitabat
1485 5022 1599 5063 nec
1630 5009 1807 5082 puta-

269 5092 390 5152 bat
422 5109 548 5151 esse
576 5093 934 5170 possibilem
968 5115 980 5155 :
1035 5095 1115 5155 ad
1144 5098 1444 5157 interesse
1474 5101 1684 5157 autem
1709 5098 1807 5157 lu-

267 5185 362 5245 eri
399 5187 686 5246 cessantis
733 5206 858 5247 non
901 5189 1131 5249 sufficit
1178 5189 1342 5266 quod
1376 5194 1667 5250 mutuans
1695 5209 1807 5267 po·-

268 5277 502 5339 tuisset
527 5279 639 5338 alio
661 5280 848 5339 modo
869 5280 1119 5356 lucrari,
1145 5281 1256 5340 sed
1284 5282 1621 5360 requiritur
1637 5283 1806 5361 quod

266 5372 354 5430 de
386 5371 548 5432 facto
574 5372 923 5433 lucraturus
952 5374 1187 5450 fuisset,
1215 5376 1410 5435 sinon
1432 5380 1798 5453 mutuasset,

269 5468 343 5526 ut
374 5480 565 5541 supra
588 5465 855 5525 vidimus
887 5471 949 5527 et
974 5472 1335 5548 supponunt
1362 5487 1615 5530 omnes:
1649 5487 1800 5548 ergo

3348 282 3465 340 235

1932 462 2037 523 illa
2067 464 2223 524 ratio
2274 481 2395 523 non
2438 467 2533 524 est
2559 460 2928 522 universalis
2957 460 3038 520 ad
3067 456 3466 520 retinendum

1935 575 2182 634 semper
2208 556 2470 617 lucrum.
2528 556 2595 616 Si
2621 559 2834 615 autem
2880 570 3084 613 sermo
3129 551 3208 612 sit
3236 550 3314 610 de
3344 546 3463 608 alio

1932 653 2294 723 contractu,
2328 665 2516 726 quem
2544 665 2766 706 revera
2818 647 3096 706 facturus
3145 646 3282 703 erat
3326 657 3467 701 mu·-

1931 744 2116 801 tuans
2140 787 2155 816 ,
2200 741 2348 818 quia
2369 739 2504 817 jam
2535 739 2959 801 destinaverat
2986 754 3193 796 emere
3223 749 3464 793 merces

1933 851 2011 892 ex
2037 833 2143 894 illa
2170 834 2457 910 pecunia,
2482 832 2579 892 vel
2600 830 2935 909 aliquando
2950 826 3283 907 negotiari;
3314 830 3464 886 tunc

1934 943 2080 984 vere
2110 926 2295 985 datur
2323 926 2565 985 lucrum
2597 941 2845 984 cessans
2870 968 2885 997 ,
2932 921 3041 981 sed
3083 922 3276 980 restat
3302 917 3463 977 diffi-

1932 1018 2161 1090 cultas;
2193 1017 2508 1097 quomodo
2528 1015 3035 1097 propterlucrum
3056 1029 3305 1072 cessans
3324 1026 3463 1086 pos·

1932 1109 2012 1171 sit
2038 1110 2274 1188 aliquid
2304 1110 2488 1188 exigi,
2523 1109 2773 1187 quando
2806 1126 2920 1167 nec
2957 1119 3319 1182 expressum
3348 1099 3463 1161 fuit

1930 1203 2310 1264 mutuatario
2333 1249 2349 1278 ‚
2404 1222 2519 1263 nec
2556 1203 2805 1263 lucrum
2834 1200 2985 1259 illud
3014 1214 3263 1258 cessans
3292 1191 3464 1253 venit

1930 1295 1997 1356 in
2022 1301 2299 1357 mentem
2327 1295 2689 1357 mutuantis

2013 1389 2245 1462 Quarto
2295 1393 2587 1466 arguunt,
2626 1386 2775 1467 quia
2803 1385 2884 1446 ibi
2917 1402 3120 1462 neque
3151 1385 3243 1443 est
3268 1381 3458 1459 injus-

1929 1481 2066 1542 titia
2092 1482 2456 1557 materialis,
2491 1499 2633 1540 cum
2668 1498 2815 1540 vere
2858 1478 3041 1539 detur
3089 1475 3304 1537 titulus
3326 1473 3462 1553 jus-

1928 1579 2029 1636 tus
2056 1592 2096 1634 a
2123 1579 2300 1651 parte
2339 1573 2426 1632 rei
2477 1573 2558 1632 ad
2615 1571 2992 1650 exigendum
3045 1568 3290 1629 lucrum
3346 1584 3460 1645 pro

1927 1670 2189 1739 mutuo;
2226 1684 2427 1745 neque
2458 1666 2646 1726 etiam
2678 1670 2772 1725 est
2825 1661 3121 1741 injustitia
3155 1659 3455 1734 formalis,

1927 1777 2071 1819 cum
2100 1764 2393 1819 mutuans
2447 1757 2614 1817 bona
2641 1756 2765 1816 fide
2797 1759 2859 1817 et
2882 1753 3046 1833 justo
3077 1752 3285 1813 animo
3314 1769 3458 1829 pro·

1927 1853 2149 1924 cedat;
2184 1870 2331 1929 ergo
2349 1855 2705 1912 contractus
2736 1850 2872 1925 iste,
2899 1851 2962 1908 et
2988 1845 3227 1907 ratione
3274 1844 3457 1905 bonae

1926 1944 2310 2020 intentionis,
2344 1948 2405 2004 et
2431 1943 2591 2005 tituli
2614 1942 2771 2022 justi
2794 1939 3042 2001 latentis
3069 1936 3296 2017 poterit
3315 1935 3453 2015 jus·

1926 2036 2172 2112 tificari‚
2202 2055 2316 2096 nec
2338 2036 2586 2096 videtur
2600 2033 2979 2096 mutuatario
3011 2032 3174 2091 facta
3203 2028 3452 2108 injuria.

1926 2130 2051 2191 Sed
2097 2133 2338 2204 contra,
2391 2127 2537 2207 quia
2573 2127 2822 2188 videtur
2850 2126 3015 2186 facta
3047 2141 3182 2183 esse
3228 2121 3457 2200 injuria

1923 2221 2288 2298 materiam,
2322 2226 2630 2298 quatenus
2659 2219 2915 2299 praecise
2958 2235 3069 2295 pro
3100 2219 3315 2278 mutuo
3347 2232 3458 2293 pe-

1923 2316 2074 2376 titur
2101 2316 2368 2389 lucrum,
2401 2331 2544 2374 cum
2573 2317 2860 2373 mutuum
2906 2328 3030 2370 non
3063 2308 3169 2368 det
3215 2306 3456 2385 justum

1921 2407 2194 2483 titulum,
2229 2425 2343 2467 nec
2371 2407 2448 2467 sit
2476 2406 2587 2468 tali
2613 2405 2812 2483 pretio
2862 2400 3268 2464 aestimabile:
3304 2400 3452 2460 titu-

1922 2500 2019 2560 lus
2049 2505 2259 2560 autem
2288 2499 2440 2559 lucri
2479 2496 2779 2559 cessantis
2808 2514 2930 2556 non
2962 2498 3058 2554 est
3107 2492 3448 2566 sufficienS,

1925 2612 2043 2653 nec
2072 2592 2339 2654 debetur
2380 2590 2614 2669 aliquid
2643 2606 2755 2666 pro
2800 2605 2873 2649 eo
2907 2585 3025 2647 nisi
3079 2586 3142 2645 in
3200 2587 3452 2663 pactum

1925 2687 2243 2746 afferatur.

2004 2777 2229 2849 Quinto
2244 2779 2538 2855 arguunt,
2570 2774 2716 2854 quia
2745 2773 2968 2835 saltem
2984 2769 3321 2832 intervenit
3348 2786 3453 2828 vo-

1921 2872 2128 2932 luntas
2160 2869 2460 2948 implicita
2513 2867 2829 2928 sufficiens
2859 2865 2920 2925 in
2976 2866 3324 2938 mutuante,
3370 2860 3452 2921 ad

1924 2981 2111 3043 quam
2143 2962 2375 3022 suflicit
2401 2960 2664 3022 intentio
2695 2958 2977 3020 virtualis
3020 2974 3208 3036 quam
3265 2971 3452 3033 nego·

1918 3056 2107 3117 tiator
2152 3053 2417 3131 diligens
2444 3052 2691 3113 videtur
2744 3052 3013 3122 habere;
3047 3049 3101 3109 si
3154 3047 3321 3108 enim
3349 3064 3451 3106 ro-

1919 3152 2198 3227 garetur,
2234 3147 2490 3222 diceret,
2538 3146 2701 3207 hanc
2758 3163 2893 3206 esse
2949 3142 3358 3204 intentionem
3389 3144 3452 3200 et

1919 3247 2197 3303 mentem
2252 3258 2431 3300 suam
2461 3241 2522 3299 in
2579 3240 2750 3299 omni
2788 3239 3135 3298 contractu.
3185 3234 3307 3296 Sed
3363 3232 3448 3293 vi-

1919 3335 2198 3396 dendum
2232 3339 2326 3395 cst
2354 3332 2555 3412 qualis
2578 3332 2658 3393 sit
2689 3332 2822 3391 haec
2851 3328 3114 3390 intentio
3142 3325 3447 3387 virtualis:

1918 3429 1968 3490 si
2001 3429 2167 3489 enim
2196 3427 2278 3488 sit
2306 3427 2516 3504 aliqua
2541 3424 2833 3485 voluntas
2860 3420 3170 3499 generalis
3223 3421 3449 3497 praete-

1917 3522 2058 3597 rita,
2095 3519 2442 3581 virtualiter
2476 3536 2760 3593 manens,
2819 3521 2883 3577 et
2930 3533 3002 3574 ex
3048 3530 3176 3592 qua
3225 3510 3446 3571 saltem

1916 3615 2193 3674 mediate
2225 3616 2287 3672 et
2313 3615 2552 3672 remote
2588 3609 2889 3688 procedat
2915 3607 3016 3667 hic
3063 3605 3441 3676 contractuS,

1916 3706 2084 3767 nulla
2140 3709 2233 3766 cst
2275 3704 2627 3766 difficultas
2662 3703 2728 3764 Si
2757 3718 2904 3762 vero
2935 3700 3014 3760 sit
3042 3697 3243 3758 solum
3271 3693 3444 3753 habi·

1913 3800 2096 3863 tualis
2126 3804 2190 3860 et
2208 3797 2654 3872 conditionata,
2679 3798 2986 3874 quatenus
3015 3791 3067 3850 si
3092 3790 3439 3864 interroga-

1912 3898 2083 3954 retur
2112 3895 2221 3951 aut
2249 3889 2709 3963 recordaretur,
2761 3887 2930 3946 illam
2960 3882 3242 3955 haberet,
3276 3897 3441 3939 nun-

1912 4003 2103 4066 quam
2131 3989 2346 4045 tamen
2375 3981 2615 4056 habuit,
2669 3999 2792 4041 non
2843 3978 3089 4038 videtur
3132 3970 3439 4053 ejusmodi

1908 4080 2198 4140 voluntas
2235 4074 2549 4135 sufficiens
2607 4074 2686 4133 ad
2741 4069 3239 4133 contrabendum
3294 4082 3439 4127 cum

1909 4171 2076 4232 nullo
2099 4187 2354 4248 prorsus
2373 4166 2561 4226 modo
2590 4166 2829 4226 influat.

1989 4267 2326 4324 Possumus
2346 4264 2553 4321 tamen
2585 4256 2768 4336 hujus
2797 4254 3118 4317 sententiae
3146 4249 3434 4332 probabi-

1904 4358 2143 4418 litatem
2177 4353 2485 4432 explicare
2528 4370 2603 4411 ex
2635 4352 2733 4427 iis,
2767 4368 2907 4430 quae
2950 4347 3218 4407 diximus
3245 4361 3437 4422 supra

1906 4452 2420 4526 sect.v1.agentes
2449 4445 2526 4505 de
2555 4446 2789 4505 damno
2822 4443 3203 4519 emergente,
3232 4443 3294 4499 et
3320 4437 3436 4498 ad·

1904 4542 2095 4604 mittit
2122 4541 2311 4602 etiam
2345 4539 2594 4599 Lessius
2647 4555 2791 4598 cum
2835 4535 2993 4610 aliis,
3028 4550 3252 4611 nempe
3309 4549 3433 4591 non

1906 4634 2142 4714 requiri
2173 4633 2253 4694 ad
2302 4631 2775 4712 justificandum
2837 4629 3138 4689 interesse
3191 4619 3435 4686 ratione

1906 4726 2117 4788 damni
2149 4725 2546 4804 emergentiS,
2568 4722 2736 4802 quod
2768 4723 2981 4785 titulus
3011 4719 3112 4779 ille
3142 4717 3431 4778 manifes-

1904 4824 2068 4882 tetur
2093 4818 2495 4893 mutuatariO,
2520 4816 2773 4895 quando
2803 4818 3093 4875 mutuum
3124 4812 3313 4872 datur
3367 4813 3431 4870 et

1904 4914 2206 4975 interesse
2228 4910 2517 4989 exigitur.
2554 4910 2881 4970 Rationem
2916 4913 3126 4967 autem
3157 4903 3242 4964 ibi
3272 4901 3436 4962 indi-

1905 5006 2207 5080 cavimuS,
2243 5005 2389 5083 quia
2437 5003 2756 5077 nimirum,
2814 5001 2959 5061 licet
3012 4994 3430 5058 mutuatarius

1903 5118 2027 5159 non
2076 5097 2425 5159 consentiat
2452 5099 2694 5175 sponte,
2728 5094 2839 5155 sed
2868 5092 3080 5171 aliquo
3110 5088 3298 5150 modo
3344 5089 3432 5147 in-

1904 5192 2068 5252 vitus
2098 5191 2160 5249 in
2190 5190 2433 5250 lucrum
2462 5203 2572 5267 pro
2604 5191 2820 5248 mutuo
2862 5183 3234 5246 solvendum
3261 5203 3273 5243 :
3309 5182 3429 5242 hoc

1904 5289 2116 5345 tamen
2171 5280 2660 5343 involuntarium
2690 5297 2813 5340 non
2845 5283 2938 5340 est
2967 5276 3219 5338 omnino
3250 5276 3435 5337 abso-

1902 5375 2246 5451 lutum,sed
2277 5373 3120 5451 conditionatum,quatenus
3151 5389 3274 5431 non
3298 5388 3434 5430 om-

1904 5469 2050 5530 nino
2079 5474 2300 5552 sponte
2357 5467 2570 5546 donat,
2622 5465 2730 5527 sed
2775 5464 2950 5548 quasi
2980 5468 3233 5525 coactus
3291 5481 3431 5546 pro-

3587 4259 3697 4318 182

3485 4387 3604 4429 Ratio
3635 4387 3781 4430 melior

3510 4453 3585 4494 pro
3611 4443 3750 4503 eadem

3528 4500 3748 4537 sententia.
