4263 6376
1102 382 1111 389 .
1227 334 1700 395 DISPUTATIO
1745 334 1961 406 XXVI,
2014 334 2290 397 sEc'rlo
2335 336 2495 396 xlv.

245 511 382 570 dem
413 511 621 589 pretio
669 512 923 573 vendita
977 530 1098 572 uva
1125 514 1258 572 tota
1298 511 1433 589 jam
1478 509 1779 587 pendenS,

3313 331 3429 389 3⁶29

1889 511 2165 589 aliquam
2195 511 2727 571 circumstantiam
2756 509 2837 568 mi
2848 507 3013 570 noris
3042 508 3274 585 copiae,
3327 503 3427 564 vel

245 609 304 664 et
330 603 467 662 ideo
501 604 644 682 plus
690 604 859 664 valet
906 608 1053 663 tunc
1100 604 1284 664 vinea
1330 621 1519 682 quam
1563 603 1615 662 si
1647 607 1787 680 post
1886 602 2075 663 aliam
2104 603 2394 679 similem,
2428 610 2674 683 emptor
2702 601 2932 681 poterit
2951 620 3074 662 non
3096 601 3426 678 acceptare

244 696 626 756 vindemiam
643 696 1045 773 venderetur,
1070 696 1356 757 videatur
1368 697 1597 757 Melina
1618 696 1777 774 disp.

243 792 375 850 368.
426 790 679 849 Lessius
711 790 862 850 dub.
896 807 1035 850 xm.
1094 790 1387 849 Rebellus
1433 790 1539 850 lib.
1575 791 1680 850 IX.
1716 809 1778 868 q.

244 899 391 942 xvu.
422 882 528 960 qui
562 883 729 942 hanc
758 883 1042 960 regulam
1072 882 1386 961 explicant
1406 887 1467 943 et
1485 883 1776 962 probant.

247 977 501 1034 Fructus
532 993 684 1034 vero
735 975 1018 1036 nondum
1066 975 1431 1053 pendenteS,
1485 975 1595 1035 sed
1626 993 1781 1053 quos

248 1072 453 1145 postea
482 1068 710 1126 eadem
740 1087 842 1127 res
870 1068 1294 1144 fructificabit,
1347 1072 1685 1146 antequam
1716 1068 1778 1126 in

245 1159 585 1218 dominium
620 1160 922 1238 emptoris
973 1167 1269 1237 transeat,
1321 1160 1634 1238 pertinere
1680 1160 1781 1220 de·

244 1252 386 1312 bent
424 1251 501 1310 ad
554 1253 975 1329 venditorem,
1025 1253 1089 1312 in
1132 1252 1312 1331 cujus
1358 1252 1633 1314 dominio
1679 1272 1781 1313 res

244 1344 439 1404 adhuc
484 1349 725 1419 manet,
787 1345 989 1405 donec
1033 1346 1299 1424 emptori
1352 1346 1657 1419 tradatur,
1720 1350 1782 1406 et

247 1438 502 1515 pretium
533 1438 814 1498 solutum
845 1439 945 1515 sit,
998 1439 1092 1497 vel
1138 1439 1295 1499 fides
1346 1440 1422 1498 de
1469 1439 1670 1517 pretio
1701 1439 1781 1498 sit

245 1530 446 1590 habita
501 1550 515 1589 :
572 1531 724 1609 quia
754 1549 973 1590 omnes
1003 1530 1042 1590 ii
1086 1531 1345 1607 fruetuS,
1399 1550 1541 1592 cum
1572 1531 1778 1592 adhue

246 1643 359 1683 non
388 1627 677 1684 extarent
718 1630 1000 1702 tempore
1045 1625 1441 1701 venditioniS,
1493 1644 1617 1685 non
1648 1626 1777 1685 fue-

244 1721 379 1776 runt
405 1735 551 1794 pars
580 1718 677 1776 rei
726 1717 1021 1793 venditae,
1072 1717 1184 1777 sed
1228 1724 1445 1796 postea
1492 1719 1570 1778 de
1614 1737 1776 1779 novo

246 1814 598 1883 naseuntur,
656 1813 718 1869 et
739 1810 882 1888 jure
925 1828 1038 1869 suo
1081 1810 1491 1889 acquiruntur
1521 1811 1776 1871 domino

244 1902 454 1981 reiqui
500 1902 717 1962 adhue
769 1906 864 1963 est
914 1902 1224 1963 venditor.
1285 1904 1463 1964 Unde
1513 1905 1768 1965 vendita

247 1995 438 2070 domo,
472 2001 536 2056 et
566 1995 853 2055 nondum
881 1995 1133 2071 tradita,
1169 1997 1384 2073 pensio
1415 2015 1492 2056 ex
1522 1997 1657 2076 ejus
1686 1998 1775 2058 lo-

246 2088 473 2148 catione
494 2092 787 2166 tempore
808 2089 1118 2167 sequenti,
1144 2088 1342 2148 donec
1365 2091 1633 2167 emptori
1653 2097 1777 2150 tra-

248 2180 434 2255 datur,
492 2181 774 2260 pertinet
820 2180 899 2240 ad
930 2180 1343 2253 venditorem,
1406 2182 1504 2241 001
1552 2182 1776 2244 domus

247 2278 509 2351 tempore
538 2273 648 2332 ilio
678 2273 887 2333 adhuc
917 2274 995 2333 de
1025 2292 1187 2334 novo
1219 2274 1576 2351 fructificat,
1630 2293 1775 2335 cum

245 2366 318 2426 sit
342 2365 543 2425 adhuc
587 2365 655 2424 in
701 2367 837 2444 ejus
884 2366 1185 2443 dominio,
1250 2371 1313 2427 et
1356 2367 1524 2427 idem
1573 2373 1668 2429 est
1696 2368 1773 2427 de

247 2458 520 2535 operibus
549 2459 719 2517 servi
754 2459 989 2518 venditi
1018 2463 1080 2519 et
1107 2459 1386 2519 nondum
1416 2461 1650 2536 traditi,
1694 2461 1773 2521 de

244 2550 382 2611 foetu
408 2551 659 2611 ancillae
709 2554 773 2611 et
801 2551 938 2610 aliis
986 2551 1311 2612 similibus.
1378 2553 1526 2626 Qum
1561 2554 1773 2614 omnia

247 2644 609 2722 colliguntur
642 2662 717 2703 ex
745 2644 785 2703 l.
819 2643 1117 2720 Julianus,
1168 2645 1223 2722 ἓ.
1259 2643 1336 2703 Si
1356 2646 1664 2725 fructibuS,
1712 2651 1774 2709 et

244 2736 293 2814 ς.
325 2735 396 2796 Si
417 2736 563 2817 quid
584 2756 779 2814 serve,
823 2742 887 2798 et
925 2737 981 2816 ἓ.
1017 2736 1125 2796 EJ:
1162 2736 1408 2814 vendiio‚
1459 2741 1520 2801 ff.
1554 2739 1623 2800 de
1651 2749 1765 2801 aet.

244 2838 405 2909 empt.
438 2830 478 2889 1.
529 2847 603 2891 n.
641 2831 681 2891 l.
716 2829 993 2906 Fructus,
1042 2834 1105 2890 et
1149 2830 1191 2890 l.
1224 2829 1372 2891 Post
1405 2833 1757 2913 perfectam,

246 2922 305 2982 C.
334 2921 521 2982 eodem
549 2922 649 2984 tit.
684 2923 862 2984 Circa
892 2922 1030 2983 hoec

317 3015 588 3077 Dubitari
625 3019 829 3093 potest
856 3015 1082 3094 prim0,
1134 3016 1285 3095 quid
1329 3016 1663 3078 dicendum
1692 3019 1772 3080 sit

189 3183 209 3194 ·
248 3105 316 3165 de
356 3107 663 3169 fructibus
710 3108 1131 3187 pendentibus
1179 3108 1435 3188 quidem
1483 3114 1768 3191 tempore

189 3237 195 3248 ·
249 3207 613 3277 0001100105,
647 3202 755 3262 5οᾱ
786 3202 1064 3263 nondum
1089 3203 1372 3278 maturis,
1407 3223 1487 3264 an
1510 3205 1548 3264 ii
1581 3205 1768 3266 etiam

190 3339 209 3360 1
248 3294 692 3373 ademptorem
736 3299 1038 3373 spectent,
1100 3301 1161 3356 et
1207 3296 1265 3356 ei
1311 3297 1502 3357 dandi
1551 3302 1769 3376 postea

189 3387 207 3466 ³³.
249 3387 358 3448 sint
382 3389 581 3450 soluto
616 3387 837 3467 preti0,
873 3407 1015 3448 cum
1045 3390 1274 3468 reipsa,
1309 3391 1456 3452 licet
1484 3395 1766 3470 tempore

248 3479 629 3555 intermedio,
680 3482 911 3541 maturi
932 3480 1066 3560 jam
1114 3501 1154 3542 a
1192 3484 1520 3545 venditore
1550 3504 1768 3564 perce-

248 3573 325 3651 pti
353 3575 599 3634 fuerint.
635 3573 780 3633 Mol.
815 3573 921 3633 ubi
951 3593 1141 3652 supra
1189 3595 1250 3635 n.
1288 3580 1382 3636 18.
1429 3582 1492 3638 et
1518 3580 1766 3639 Lessius

248 3685 340 3727 nu.
374 3670 504 3728 100.
540 3668 763 3727 dicunt
803 3668 1117 3745 pertinere
1166 3668 1243 3728 ad
1296 3674 1646 3747 emptorem
1674 3689 1766 3731 se-

247 3761 499 3820 cundum
529 3759 811 3819 valorem
832 3759 1031 3819 solum
1055 3778 1242 3838 quem
1263 3761 1580 3822 habebant
1607 3768 1764 3823 tem-

247 3871 379 3930 pore
407 3852 785 3913 venditionis
814 3852 1165 3913 celebratae.
1210 3855 1388 3915 Unde
1415 3854 1606 3917 infert
1632 3858 1765 3917 Mo-

247 3946 376 4022 lina‚
426 3947 474 4006 si
503 3948 694 4007 vinea
722 3946 949 4007 tradita
998 3947 1115 4008 fuit
1161 3948 1347 4025 paulo
1378 3954 1523 4010 ante
1551 3950 1763 4011 vinde-

246 4039 439 4116 miam,
486 4044 547 4101 et
571 4040 776 4119 pretio
808 4039 1085 4098 nondum
1114 4041 1340 4117 solute,
1394 4060 1511 4103 nec
1539 4044 1759 4103 vendi-

248 4136 365 4192 tore
391 4138 651 4212 urgente
695 4137 764 4193 ut
791 4132 1154 4209 solveretur,
1207 4135 1494 4196 venditor
1522 4136 1760 4198 fructus

247 4227 536 4303 percepit,
589 4231 653 4286 et
679 4243 893 4285 mense
918 4227 1216 4286 Januario
1248 4227 1497 4288 vineam
1526 4229 1753 4306 tradat,

247 4317 453 4380 debere
475 4319 807 4381 detrahere
836 4319 912 4378 de
936 4319 1155 4397 pretio,
1191 4328 1496 4399 quantum
1518 4323 1757 4385 fructus

245 4414 499 4492 percepti
529 4412 824 4473 valebant
870 4412 1168 4492 (intellige
1210 4414 1495 4476 deductis
1526 4435 1758 4495 expen-

246 4504 335 4583 sis)
380 4507 439 4568 Si
472 4526 619 4566 vero
669 4506 921 4565 vlneam
967 4506 1178 4567 tradat
1207 4508 1557 4586 Septembri
1603 4511 1753 4570 anni

244 4599 678 4679 subsequentiS,
731 4598 984 4677 quando
1014 4601 1251 4660 fructus
1279 4601 1421 4660 novi
1454 4607 1516 4662 et
1543 4621 1755 4681 aequa-

243 4690 319 4750 les
344 4692 631 4768 pendent,
686 4691 839 4750 nihil
890 4691 1348 4752 detrahendum
1397 4692 1473 4753 de
1522 4695 1747 4773 pretiO,

244 4782 517 4861 (10101010
549 4785 739 4844 datur
782 4783 967 4844 vinea
1010 4802 1153 4844 cum
1200 4785 1505 4845 fructibus
1549 4788 1750 4866 qualis

243 4875 471 4935 vendita
498 4877 632 4952 fuit,
686 4895 801 4936 nec
833 4895 865 4936 e
895 4881 1110 4937 contra
1143 4881 1491 4955 emptorem
1522 4879 1752 4940 debere

242 4965 451 5045 aliquid
497 4970 739 5030 solvere
786 4988 900 5047 pro
959 4970 1246 5047 expensis
1292 4971 1350 5029 in
1403 4971 1586 5030 vinea
1634 4972 1752 5033 hoc

242 5074 387 5120 anno
414 5062 608 5123 100115.
660 5065 791 5123 Hoc
818 5068 1027 5122 tamen
1059 5082 1183 5123 non
1228 5064 1475 5125 videtur
1505 5066 1750 5126 univer-

242 5150 430 5211 saliter
458 5173 672 5214 verum
720 5174 733 5215 :
788 5153 936 5232 quia
965 5159 1209 5233 emptor
1231 5156 1334 5235 jus
1366 5156 1640 5219 habebat
1669 5159 1749 5219 ad

239 5241 456 5304 fructus
482 5248 645 5307 50105
686 5247 833 5307 anni
883 5248 1319 5326 praeeedenti5‚
1374 5270 1533 5329 quos
1562 5252 1748 5313 simul

240 5351 365 5395 cum
393 5339 570 5400 vinea
597 5342 774 5411 emit;
829 5360 1022 5420 quare
1062 5341 1115 5401 si
1144 5342 1301 5403 forte
1332 5344 1569 5404 fructus
1597 5346 1747 5405 anni

240 5433 645 5511 przecedentiS,
698 5435 843 5495 licet
872 5435 1146 5514 aequales
1177 5441 1386 5497 essent
1415 5437 1474 5497 in
1508 5439 1747 5517 quanti-

240 5525 349 5581 tate
376 5531 434 5586 et
450 5525 744 5603 bonitate,
779 5528 918 5606 plus
949 5533 1157 5589 tamen
1178 5531 1474 5591 valebant
1493 5536 1750 5610 propter

1885 696 2123 757 fructus
2153 698 2428 777 aequales
2477 697 2661 775 hujus
2692 696 2840 755 anni
2870 696 2932 754 in
2963 691 3425 771 compensatio-

1885 809 2029 850 nem
2060 809 2171 869 pro
2203 790 2510 851 fructibus
2540 789 2686 848 anni
2716 787 3153 868 praecedentiS,
3187 785 3295 845 sed
3327 802 3421 843 re-

1882 882 2166 961 linquere
2196 884 2435 943 fructus
2466 887 2806 962 praesentes
2825 881 2942 960 ipsi
2970 878 3304 953 venditori,
3341 876 3421 935 ad

1883 995 2070 1055 quem
2094 976 2425 1054 pertinent,
2452 981 2512 1036 et
2533 976 2781 1053 exigere
2804 974 3083 1035 valorem
3104 972 3418 1033 fructuum

1883 1069 2031 1127 anni
2061 1069 2490 1146 praecedentis,
2528 1068 2704 1129 Sicut
2729 1086 2763 1128 e
2795 1071 3032 1141 contra,
3065 1064 3115 1125 si
3146 1063 3284 1143 plus
3314 1080 3418 1121 va-

1879 1160 2011 1221 lent
2038 1162 2276 1222 fruetus
2323 1162 2595 1241 aequales
2621 1160 2808 1240 hujus
2839 1159 3007 1234 anni,
3067 1174 3257 1236 quam
3288 1155 3418 1214 fru-

1880 1259 2016 1314 ctus
2046 1254 2196 1314 anni
2244 1254 2675 1332 praecedentis,
2727 1256 2984 1332 propter
3027 1250 3214 1310 aliam
3244 1247 3417 1308 simi-

1877 1346 2001 1405 lem
2031 1346 2582 1422 circumstantiam,
2635 1345 2865 1425 poterit
2909 1342 3202 1404 venditor
3245 1340 3412 1408 nolle

1879 1438 2028 1499 dare
2056 1440 2292 1500 fructus
2322 1445 2682 1518 praesenteS‚
2718 1438 2828 1499 sed
2860 1437 3102 1498 solvere
3134 1434 3412 1495 valorem

1878 1550 2066 1610 quem
2095 1531 2411 1593 habebant
2438 1532 2676 1593 fructus
2701 1531 2850 1592 anni
2880 1528 3204 1609 praeteriti.

1957 1626 2193 1685 Rursus
2223 1625 2431 1703 quoad
2461 1625 2698 1686 fructus
2741 1624 3090 1702 pendentes
3120 1639 3243 1681 non
3273 1638 3411 1680 ma-

1873 1903 2056 1983 pleno
2096 1903 2263 1981 jure,
2319 1907 2381 1964 et
2407 1903 2752 1963 secundum
2792 1905 2992 1964 totum
3022 1918 3206 1961 suum
3236 1899 3408 1959 valo-

1872 2013 2007 2055 rem
2035 1996 2114 2056 ad
2147 2000 2516 2075 emptorem,
2551 1995 2660 2055 sed
2686 1995 2889 2056 solum
2919 1992 3266 2054 secundum
3294 2009 3406 2051 va-

1872 2089 2068 2149 lorem
2097 2106 2286 2168 quem
2332 2088 2651 2149 habebant
2675 2092 2957 2167 tempore
3005 2083 3401 2146 venditionis,

1872 2182 2029 2241 Nam
2059 2199 2159 2241 res
2213 2186 2423 2260 empta
2451 2181 2539 2243 ita
2592 2181 2866 2260 pertinet
2921 2178 3002 2238 ad
3058 2180 3407 2256 emptorem

1873 2274 2057 2333 etiam
2090 2279 2232 2335 ante
2262 2275 2686 2349 traditionem,
2732 2278 2799 2334 ut
2827 2277 3029 2334 totum
3056 2271 3408 2331 incremen-

1868 2371 2004 2427 tum
2032 2367 2197 2445 quod
2219 2366 2469 2426 interim
2499 2365 2790 2425 habuerit
2809 2365 2891 2424 ad
2919 2363 3218 2444 emptoris
3239 2381 3408 2424 com-

1870 2459 2129 2519 modum
2159 2460 2239 2521 sit
2288 2479 2302 2520 :
2357 2477 2551 2538 quare
2581 2459 2632 2519 si
2662 2458 2902 2537 pullum
2931 2457 3077 2536 equi
3108 2475 3302 2531 01005,
3337 2460 3402 2518 et

1872 2551 2118 2611 interim
2146 2551 2602 2613 incrementum
2649 2550 2882 2611 habeat
2927 2555 2990 2609 et
3027 2550 3228 2627 maior
3269 2548 3402 2623 fiat,

1870 2649 2069 2706 totum
2145 2644 2293 2704 illud
2364 2645 2820 2704 incrementum
2891 2642 3006 2704 tibi
3071 2642 3257 2704 cedit.
3339 2641 3402 2703 Si

1869 2755 2018 2817 ergo
2064 2742 2309 2815 emptor
2336 2737 2532 2797 vineae
2590 2737 2739 2797 emit
2780 2736 2965 2797 simul
3021 2735 3257 2795 fructus
3288 2734 3406 2794 im-

1866 2836 2147 2892 maturos
2176 2831 2541 2910 pendenteS,
2576 2832 3032 2891 incrementum
3061 2832 3264 2889 totum
3295 2826 3404 2887 ho·

1867 2944 2008 2985 rum
2036 2925 2373 3000 fructuum,
2427 2927 2490 2985 et
2517 2942 2736 2985 eorum
2765 2922 3065 3002 perfectio
3109 2925 3173 2983 et
3198 2924 3405 2982 matu-

1866 3019 2018 3078 ritas
2047 3018 2127 3077 ad
2184 3022 2533 3097 emptorem
2589 3022 2806 3095 postea
2858 3015 3215 3097 pertinebit,
3277 3033 3402 3075 non

1868 3111 2122 3193 quidem
2154 3116 2222 3172 ut
2272 3112 2511 3171 fructus
2539 3110 2763 3188 vineoe,
2828 3128 2966 3191 quae
3024 3128 3149 3171 non
3194 3108 3402 3169 adhue

1867 3212 1961 3267 est
2013 3224 2149 3283 sua,
2206 3205 2317 3265 sed
2373 3210 2444 3266 ut
2495 3206 2953 3266 incrementum
3010 3204 3101 3263 rei
3146 3208 3396 3282 emptae,

1865 3318 2090 3377 nempe
2146 3299 2394 3359 illorum
2435 3298 2752 3360 fructuum
2794 3297 2903 3378 qui
2930 3297 3122 3375 empti
3152 3296 3232 3358 ab
3263 3297 3397 3375 ipso

1864 3399 2009 3453 sunt
2039 3412 2164 3453 non
2192 3392 2399 3451 minus
2431 3410 2619 3471 quam
2650 3392 2853 3453 vinea.

1945 3487 2040 3548 Ad
2072 3487 2192 3546 1100
2219 3490 2431 3546 tamen
2465 3485 2831 3564 responderi
2872 3488 3081 3564 potest
3108 3483 3396 3562 negando

1863 3579 2321 3640 incrementum
2350 3583 2412 3640 et
2451 3578 2877 3640 maturitatem
2908 3577 3396 3656 subsequentem

1862 3673 2110 3733 illorum
2163 3673 2478 3733 fructuum
2534 3672 2846 3749 pertinere
2892 3670 2968 3730 ad
3020 3675 3391 3748 emptorem,

1863 3766 2163 3844 quamdiu
2194 3766 2392 3824 vineae
2413 3764 2762 3824 dominium
2780 3764 2860 3823 ad
2884 3780 3027 3822 eum
3049 3781 3172 3823 non
3193 3765 3396 3823 trans-

1861 3858 2077 3918 fertur.
2131 3858 2311 3918 Ratio
2342 3862 2455 3932 est,
2491 3856 2637 3935 quia
2666 3856 3121 3915 incrementum
3151 3853 3304 3914 illud
3335 3860 3398 3916 et

1862 3951 2210 4026 maturitaS,
2263 3954 2356 4010 est
2399 3949 2636 4009 fructus
2683 3966 2882 4008 novus
2931 3953 3103 4008 ortus
3150 3966 3225 4008 ex
3255 3947 3391 4025 ipsa

1860 4044 2045 4103 vinea
2105 4063 2117 4104 :
2177 4061 2369 4122 quare
2421 4059 2563 4101 cum
2594 4059 2692 4100 res
2740 4040 2968 4101 debeat
2993 4058 3106 4101 suo
3138 4041 3392 4101 domino

1858 4137 2256 4211 fructificare,
2280 4153 2665 4214 consequens
2682 4138 2777 4195 est
2799 4138 2866 4194 ut
2886 4139 3087 4195 totum
3113 4134 3266 4194 illud
3297 4135 3394 4195 in-

1858 4234 2249 4291 crementum
2282 4247 2511 4290 novum
2534 4228 2614 4287 ad
2635 4227 3028 4289 venditorem
3057 4228 3387 4306 pertineat,

1858 4324 1965 4402 qui
1994 4322 2200 4382 adhuc
2247 4320 2538 4381 dominus
2589 4325 2681 4383 est
2725 4320 2946 4392 vineae,
2998 4319 3159 4382 siout
3198 4324 3263 4382 et
3287 4321 3389 4382 alii

1855 4416 2091 4476 fructus
2146 4415 2290 4476 novi
2357 4414 2463 4493 qui
2510 4432 2586 4473 ex
2639 4414 2860 4474 eadem
2915 4414 3099 4474 vinea
3153 4408 3394 4475 oriren-

1854 4514 1978 4570 tur.

1935 4602 2115 4662 Dices
2176 4622 2189 4663 :
2248 4602 2410 4663 sicut
2451 4603 2687 4663 fructus
2717 4603 3030 4681 pertinent
3075 4601 3157 4661 ad
3188 4601 3392 4663 domi-

1853 4715 2003 4755 nnm
2051 4697 2273 4770 vinem,
2335 4696 2422 4755 ita
2469 4696 2928 4755 incrementum
2973 4695 3065 4754 rei
3111 4695 3386 4756 venditae

1853 4789 2121 4867 pertinet
2151 4788 2228 4847 ad
2262 4793 2606 4866 emptorem
2644 4809 2655 4848 ;
2690 4806 2803 4849 cur
2830 4807 2978 4866 ergo
3000 4788 3201 4865 magis
3231 4805 3389 4865 prae·

1852 4882 2086 4943 valebit
2112 4882 2282 4960 prior
2329 4882 2566 4954 titulus,
2619 4886 2687 4942 ut
2714 4881 3193 4956 incrementum,
3238 4881 3388 4958 quia

1852 4977 2090 5036 fructus
2119 4975 2319 5034 vinem
2351 4979 2465 5049 est,
2504 4976 2815 5053 pertineat
2854 4974 2932 5034 ad
2965 4973 3378 5048 venditorem,

1853 5087 2042 5148 quam
2087 5068 2299 5129 titulus
2329 5068 2662 5145 posterior,
2714 5072 2782 5128 ut
2827 5066 3284 5126 incrementum
3315 5065 3383 5124 il-

1851 5160 1979 5235 lud,
2033 5160 2180 5240 quia
2208 5164 2302 5221 est
2347 5160 2806 5221 incrementum
2851 5159 3088 5219 fructus
3116 5157 3376 5235 venditi,

1851 5254 2155 5314 debeatur
2183 5254 2493 5331 emptori?
2549 5256 2730 5332 Resp.
2780 5252 3197 5331 potentiorem
3244 5271 3380 5312 esse

1848 5347 2121 5425 priorem
2151 5347 2398 5408 titulum
2447 5365 2636 5426 quam
2683 5345 3094 5425 posteriorem
3155 5365 3167 5406 ε
3231 5345 3380 5424 (1010

1847 5441 2156 5519 posterior
2210 5460 2332 5500 non
2364 5445 2456 5501 est
2502 5439 2606 5519 jus
2635 5439 2700 5499 in
2758 5457 2847 5513 re,
2905 5439 3011 5498 sed
3063 5438 3263 5498 solum
3294 5440 3375 5499 acl

1846 5552 2012 5607 rem;
2070 5552 2266 5613 quare
2312 5552 2434 5594 non
2484 5532 2690 5593 estita
2736 5533 2954 5593 efficax
2996 5532 3075 5592 ad
3107 5532 3378 5592 fundan-

1874 1720 2069 1794 turOS,
2129 1717 2376 1778 videtur
2421 1737 2554 1778 esse
2585 1717 2919 1777 difficultas
2973 1715 3037 1775 in
3084 1714 3410 1775 reddenda
3459 1628 3663 1794 ςπῗοιῃι

3711 1765 3753 1794 1¹-

1871 1811 2138 1886 ratione,
2193 1828 2303 1871 cur
2328 1815 2546 1890 postea
2600 1809 2832 1870 maturi
2885 1827 3011 1869 non
3054 1806 3410 1887 pertineant
3458 1765 3754 1914 ἑῑᾶῂξὲέὲζζ
