4263 6376
1069 260 1540 324 DISPU'PATIO
1587 260 1911 339 XXXVss,
1958 261 2234 325 Sm'mo
2277 261 2438 326 xlv,

188 433 310 508 ost,
336 432 403 492 in
421 432 495 494 iis
512 438 755 498 secreta
778 436 1123 500 monitione
1151 437 1584 518 delinquentes
1614 455 1738 504 non

188 525 544 587 emendari.
575 527 932 591 Praesertim
952 543 1096 591 cum
1123 529 1188 591 in
1219 529 1315 592 his
1332 530 1573 595 delictis
1593 551 1736 594 000-

189 620 295 677 tra
321 617 561 679 bonum
590 637 945 699 commune,
983 622 1082 683 vel
1117 624 1303 698 tertii,
1336 624 1738 687 denuntiator

189 707 603 789 principalius
649 713 916 775 intendit
959 716 1261 777 damnum
1304 716 1458 779 illud
1502 735 1737 798 praeca-

190 800 331 863 veri
361 807 472 866 aut
495 804 651 883 tolli,
685 824 875 885 quam
901 824 1082 869 reum
1110 808 1342 888 puniri.

276 894 459 957 Circa
486 899 822 978 utrumque
868 899 1129 962 modum
1156 901 1588 980 praecedendi,
1638 901 1737 964 vel

130 1044 144 1055 ,
190 1004 312 1066 per
360 988 863 1070 inquisitionem,
922 993 1022 1055 vel
1053 1012 1165 1074 per
1195 994 1736 1059 denuntiationem

183 1079 532 1159 juridicam

195 3033 707 3097 inconvenientia
752 3036 972 3114 gravia
1017 3052 1158 3116 quae
1201 3039 1619 3101 communiter
1661 3038 1741 3100 ti—

194 3128 359 3192 meri
376 3132 657 3210 possunt,
680 3128 909 3193 docent
933 3131 1350 3195 communiter
1364 3133 1492 3195 DD.
1509 3136 1582 3195 ut
1595 3145 1740 3195 cum

197 3223 339 3285 aliis
367 3222 551 3286 docet
578 3224 759 3286 Suar.
811 3223 871 3284 d.
907 3242 962 3286 c.
993 3236 1105 3287 xit.
1159 3245 1220 3287 n.
1253 3228 1352 3286 31.
1405 3226 1638 3289 Sanch.
1671 3226 1734 3289 d.

196 3335 253 3380 c.
288 3318 454 3380 vui.
490 3316 641 3379 dub.
675 3333 744 3379 11.
780 3336 886 3378 nu.
909 3320 968 3379 9.
1011 3318 1227 3390 etalii,
1258 3317 1364 3398 qui
1396 3320 1743 3382 afferuntur

195 3408 262 3471 in
292 3410 359 3471 d.
391 3408 1109 3490 maneriumjudiciama
1132 3411 1419 3472 moabiam
1446 3427 1502 3473 0.
1539 3427 1600 3475 ν.
1635 3412 1741 3473 uhi

196 3507 476 3579 notatur,
495 3503 576 3565 ob
591 3502 883 3565 eamdem
900 3502 1210 3566 rationem
1239 3522 1366 3565 non
1394 3522 1532 3566 esse
1553 3504 1743 3568 etiam

194 3612 308 3659 reo
336 3595 756 3658 ostendendae
784 3594 1285 3659 circumstantias
1313 3597 1554 3677 aliquas
1581 3617 1620 3659 a
1649 3603 1744 3660 te·-

194 3689 401 3753 stibus
430 3689 791 3770 explicatas,
809 3708 884 3750 ex
904 3689 1133 3770 quibus
1158 3690 1224 3751 in
1253 3690 1428 3753 testis
1457 3689 1742 3753 notitiam

196 3783 420 3845 venire
473 3783 692 3862 possit.
753 3784 932 3844 Hunc
979 3787 1191 3845 autem
1237 3782 1555 3846 defectum
1596 3802 1746 3863 sup-

197 3876 503 3956 plendum
545 3894 683 3938 esse
728 3875 1032 3955 peculiari
1077 3876 1292 3957 aliqua
1322 3875 1556 3957 judicis
1602 3875 1745 3937 dili-

195 3968 437 4050 gentia,
468 3972 540 4031 ut
554 3968 1003 4047 interrogando
1032 3987 1233 4045 reum,
1265 3985 1346 4030 an
1378 3968 1609 4031 habeat
1635 3967 1743 4031 ali-

196 4078 395 4143 quem
428 4061 549 4123 sihi
576 4061 974 4140 peculiariter
1001 4061 1351 4135 infensum,
1403 4061 1504 4123 vel
1548 4061 1747 4142 suspi-

196 4159 384 4217 cetur
428 4153 652 4217 falsam
696 4153 1201 4217 criminationem
1249 4154 1333 4217 ab
1364 4154 1575 4234 aliquo
1624 4155 1742 4219 sibi

194 4246 581 4327 impositam.
602 4249 864 4309 Possent
883 4247 1034 4309 item
1053 4246 1476 4327 depositiones
1491 4248 1744 4311 testium

197 4340 551 4403 examinari
579 4357 795 4402 coram
822 4340 1138 4420 aliquibus
1174 4339 1457 4420 probatis
1484 4342 1634 4403 viris
1663 4340 1746 4401 ad

198 4448 424 4497 earum
444 4432 1048 4496 verisimilitudinem
1082 4431 1579 4512 ponderandam.
1625 4435 1747 4495 Dc—

195 4530 386 4591 baret
414 4524 604 4590 etiam
620 4526 757 4588 dari
768 4544 878 4588 reo
890 4526 1117 4606 aliquis
1127 4526 1422 4588 sacerdos
1437 4546 1471 4587 e
1485 4527 1744 4590 societa-

195 4620 555 4702 teprudens
566 4623 630 4682 et
647 4619 816 4699 pius3
841 4620 1021 4698 cujus
1045 4617 1303 4680 consilio
1320 4622 1383 4680 et
1392 4619 1745 4682 instructio-

199 4733 285 4777 nc
300 4713 486 4794 dirigi
501 4713 719 4793 possit,
738 4711 788 4774 si
805 4711 1086 4791 indigeat
1097 4711 1179 4773 ad
1196 4728 1265 4773 se
1281 4710 1488 4792 ipsum
1501 4713 1672 4792 juste
1685 4716 1748 4774 et

197 4807 668 4870 rationabiliter
698 4805 1188 4867 defendendum.
1230 4806 1424 4866 Porro
1455 4804 1535 4867 ad
1558 4806 1748 4885 justi-

197 4899 526 4963 ficandnm
546 4899 715 4961 hunc
743 4914 927 4961 usum
949 4917 1071 4960 000
1094 4898 1464 4960 ostendendi
1495 4898 1751 4961 nomina

3258 274 3377 335 735

1836 439 2209 520 ponderavit
2237 441 2419 503 Suar.
2458 441 2596 504 loco
2625 442 2730 506 cit.
2762 443 3043 524 Denique
3072 446 3138 506 in
3169 446 3234 509 d.
3263 447 3378 508 ins·-

1835 532 2120 593 tructione
2144 533 2428 595 societatis
2472 534 2537 595 d.
2571 554 2625 598 c.
2659 552 2720 599 v.
2753 535 2818 597 in
2846 537 3129 617 margine
3175 557 3237 600 0.
3274 542 3372 601 11.

1834 617 2210 704 supponitur
2263 645 2407 688 cum
2450 627 2640 691 Rodr.
2699 632 2763 691 et
2805 630 3081 693 Gordub.
3133 632 3375 694 ostendi

1837 716 2068 791 debere
2097 720 2354 779 nomina
2382 721 2634 782 testium
2655 740 2785 799 reo,
2812 722 3064 802 quando
3093 723 3379 803 superior

1837 809 2130 889 procedit.
2150 810 2213 871 in
2244 811 2484 873 delictis
2513 813 2915 892 enormibus,
2967 818 3031 877 ει
3058 814 3378 895 principa-

1835 901 1978 965 liter
2005 903 2338 965 intendens
2366 923 2621 984 poenam
2648 909 2713 968 et
2728 905 3071 969 vindictam
3098 926 3213 988 per
3240 927 3377 970 sen·

1836 992 2096 1057 tentiam
2125 996 2479 1076 publicam,
2526 1016 2667 1078 quae
2693 999 2906 1062 veniat
2933 999 3126 1063 etiam
3150 1001 3234 1064 ad
3262 1020 3377 1063 no—

1836 1088 2039 1150 titiam
2066 1090 2488 1154 saecularium.

1835 3035 2066 3098 docent
2092 3035 2327 3098 Sanch.
2355 3036 2418 3097 d.
2452 3035 2600 3098 dub.
2635 3053 2705 3099 11.
2739 3053 2801 3099 0.
2846 3040 2942 3100 11.
2994 3041 3059 3101 et
3096 3038 3246 3101 dub.
3311 3056 3372 3102 v.

1834 3144 1898 3192 n.
1928 3132 1987 3194 8.
2020 3132 2085 3192 et
2112 3131 2344 3192 Suarez
2373 3129 2438 3192 d.
2471 3147 2527 3192 c.
2575 3146 2646 3192 11.
2680 3147 2744 3193 0.
2795 3133 2897 3194 32.
2949 3134 3014 3195 et
3065 3131 3379 3212 colligitur

1836 3242 1911 3285 ex
1939 3241 1995 3285 0.
2029 3239 2073 3285 1.
2106 3220 2180 3285 de
2207 3221 2487 3304 deposito,
2521 3227 2586 3286 et
2610 3240 2667 3286 0.
2698 3223 2806 3286 Illi
2827 3224 2951 3306 qui,
2985 3242 3048 3288 v.
3100 3244 3165 3306 q.
3198 3229 3258 3288 5.
3318 3229 3383 3287 et

1836 3334 1913 3378 ex
1940 3319 2206 3395 August.
2237 3315 2435 3379 relato
2464 3316 2530 3377 in
2558 3333 2675 3380 c.1.
2702 3320 2802 3382 23.
2823 3337 2885 3397 q.
2916 3316 2977 3380 5.
3003 3322 3164 3381 etex
3182 3319 3375 3382 Clem.

1836 3411 1940 3471 111.
1977 3408 2044 3470 in
2088 3427 2144 3472 c.
2202 3406 2629 3486 Universitattb,
2679 3408 2750 3474 de
2792 3418 2936 3473 sent.
2993 3429 3214 3473 excom.
3264 3413 3385 3473 De-

1842 3502 1995 3566 bent
2021 3506 2236 3564 tamen
2261 3501 2538 3581 religiosi
2564 3502 2778 3565 mitius
2803 3505 3082 3584 torqueri
3113 3524 3228 3585 per
3255 3524 3383 3567 me·

1839 3594 1944 3656 dia
1992 3612 2105 3656 suo
2161 3594 2349 3658 statui
2406 3595 2905 3674 accommodata,
2942 3600 3014 3659 ut
3066 3615 3211 3659 cum
3249 3596 3386 3658 aliis

1840 3691 2062 3750 notant
2089 3686 2323 3749 Sanch.
2357 3706 2421 3748 n.
2457 3691 2555 3749 14.
2589 3691 2652 3749 ει
2679 3690 2861 3750 Suar.
2896 3688 3001 3749 ubi
3050 3706 3261 3768 supra.
3317 3691 3385 3750 In

1841 3779 2009 3843 dicta
2048 3783 2263 3842 autem
2314 3779 2689 3843 instructione
2729 3787 2944 3843 nostroe
2985 3780 3274 3842 societates
3319 3781 3381 3842 d.

1840 3891 1895 3936 c.
1932 3890 1994 3935 ν.
2029 3872 2443 3950 designantur
2470 3872 2554 3933 ad
2582 3872 2705 3936 1100
2733 3872 2966 3935 arctior
2995 3889 3231 3950 carcer,
3284 3868 3384 3954 je-

1832 3965 2017 4047 junia
2037 3965 2105 4026 in
2136 3982 2299 4044 pane
2329 3968 2393 4027 et
2421 3981 2609 4044 aqua,
2644 3968 2709 4028 et
2725 3965 2960 4028 similes
2983 3966 3264 4046 corporis
3294 3964 3390 4028 af—

1839 4058 2165 4121 flictiones.
2200 4058 2383 4120 Suar.
2426 4056 2602 4118 humi
2650 4057 3017 4119 cubationes
3063 4058 3262 4136 addit,
3297 4058 3391 4119 di·

1841 4168 2012 4228 cens,
2043 4167 2172 4212 000
2199 4146 2418 4211 deberi
2470 4148 2610 4211 fieri
2637 4166 2752 4229 per
2778 4149 3086 4214 violentas
3113 4150 3393 4213 actiones

1843 4244 2041 4307 instar
2066 4242 2488 4305 saecularium.
2523 4243 2651 4305 Sed
2680 4246 2895 4304 tamen
2942 4260 3067 4306 000
3114 4244 3394 4306 cohaeret

1845 4356 1989 4400 oum
2018 4354 2092 4399 eo
2141 4334 2310 4416 qu‘cd
2341 4335 2555 4398 statim
2604 4335 2853 4416 quaerit,
2884 4353 2969 4398 an
3009 4336 3077 4398 id
3118 4355 3233 4417 per
3275 4338 3394 4399 mi-

1845 4430 2180 4494 ninistrum
2205 4428 2436 4490 laicum
2462 4428 2604 4489 fieri
2631 4429 2829 4507 possit
2857 4449 2873 4490 z
2907 4429 3030 4492 1100
3059 4430 3229 4492 εο110
3256 4450 3391 4493 0000

1846 4542 1970 4587 000
1991 4527 2217 4604 potest,
2252 4538 2369 4583 neo
2399 4520 2660 4601 quaestio
2687 4520 2900 4583 locum
2928 4521 3139 4600 habet,
3173 4523 3291 4585 nisi
3329 4523 3393 4583 in

1846 4617 2090 4680 actione
2117 4614 2415 4692 violenta,
2448 4614 2527 4676 de
2554 4630 2682 4694 qua
2708 4612 2876 4676 clare
2903 4614 3148 4677 locutus
3187 4616 3395 4677 fuerat

1844 4711 2005 4790 disp.
2036 4723 2191 4772 xxn.
2213 4705 2286 4768 de
2313 4724 2539 4769 remur.
2585 4709 2739 4768 sect.
2771 4721 2815 4768 1.
2849 4724 2913 4766 0.
2944 4710 3046 4769 44.
3092 4706 3198 4769 ubi
3246 4725 3396 4785 sup·

1844 4802 2140 4883 ponebat,
2164 4799 2501 4879 011000οᾶ0
2526 4797 3011 4879 torquerisposse
3027 4798 3395 4879 religiosum

1846 4914 1962 4976 per
1987 4894 2301 4957 actionem
2328 4892 2671 4955 violentam
2694 4909 2711 4965 3
2744 4894 2808 4954 et
2835 4892 3093 4971 quidem
3118 4893 3399 4971 flagella-

132 1215 142 1234 .
272 1174 753 1240 Advertendum
785 1182 880 1241 est
906 1178 1141 1258 primo,
1189 1179 1271 1241 ad
1317 1195 1535 1242 omnes
1562 1184 1739 1244 actus
1915 1181 2124 1244 Tertio
2154 1180 2608 1246 advertendum
2636 1188 2749 1262 est,
2785 1204 2911 1249 non
2954 1185 3138 1248 facile
3175 1185 3377 1248 incar·
3527 1206 3641 1266 169

130 1259 144 1269 “
185 1264 500 1347 juridicos
526 1271 763 1351 requiri
788 1273 1192 1352 praesentiam
1221 1273 1468 1348 notarii,
1501 1291 1610 1336 seu
1641 1291 1739 1336 se·
1836 1274 2182 1336 cerandum
2216 1293 2398 1336 reum
2439 1277 2825 1355 religiosum,
2848 1283 2936 1341 ,ut
2980 1297 3125 1340 cum
3173 1279 3375 1342 Silve-
3445 1331 3548 1386 Quid
3567 1331 3705 1375 dein·

195 1360 485 1438 cretarli,
540 1366 610 1424 ut
636 1364 831 1425 fidem
869 1365 1111 1444 possint
1144 1366 1352 1428 facere
1381 1366 1445 1427 in
1471 1366 1733 1447 judicio,
1836 1370 1987 1444 stre,
2017 1368 2279 1429 Bernar.
2313 1368 2484 1431 Diaz.
2519 1372 2582 1431 et
2610 1370 2872 1434 Salzedo
2916 1376 3093 1434 notat
3141 1372 3373 1434 Sanch.
3429 1387 3730 1429 mentatione.

195 1452 309 1532 qui
348 1454 722 1516 secretarius
755 1456 835 1518 ab
865 1458 1000 1537 ipso
1031 1459 1290 1537 proelato
1332 1458 1475 1538 eligi
1507 1478 1583 1520 ex
1610 1460 1737 1522 suis
1837 1458 1899 1520 d.
1933 1459 2084 1520 dub.
2114 1476 2185 1521 11.
2220 1479 2282 1522 n.
2315 1464 2374 1523 4.
2410 1465 2566 1540 tum,
2619 1459 2765 1543 quia
2806 1464 3083 1542 graviter
3120 1482 3197 1528 ex
3242 1463 3381 1543 ipsa

192 1544 489 1623 subditis,
521 1551 584 1608 ει
611 1549 906 1611 constitui
923 1554 1130 1628 potest
1156 1569 1232 1612 ex
1260 1552 1733 1631 consuetudine,
1835 1557 2098 1631 captura
2139 1553 2518 1616 infamatur:
2552 1559 2688 1618 tum
2734 1557 2924 1619 etiam
2970 1557 3119 1636 quia
3172 1557 3380 1619 minus

193 1641 270 1700 ut
296 1643 476 1702 notat
501 1640 759 1720 Radrig.
789 1644 878 1704 tc.
904 1643 1009 1705 111.
1046 1663 1107 1724 q.
1140 1643 1401 1724 νηπίαν.
1437 1663 1498 1724 q.
1520 1649 1579 1707 8.
1613 1649 1732 1709 art.
1836 1650 1931 1707 est
1954 1647 2305 1725 periculum
2332 1647 2520 1727 fugae,
2554 1654 2813 1728 propter
2842 1650 3013 1729 quod
3061 1649 3378 1730 praecipue

194 1734 255 1793 1.
290 1736 359 1793 οι
383 1731 681 1813 supponit
707 1734 892 1796 Suar.
924 1735 1034 1797 ubi
1062 1753 1202 1815 sup.
1234 1754 1290 1800 c.
1325 1751 1436 1798 xn.
1489 1757 1597 1803 nu.
1631 1742 1730 1802 29.
1833 1755 1982 1799 reus
2054 1743 2334 1818 capturae
2410 1740 2696 1803 traditur.
2755 1742 3112 1821 Aliquando
3166 1748 3379 1806 tamen

192 1823 310 1903 0111
361 1824 640 1887 notarius
685 1826 753 1888 in
797 1827 1087 1891 omnibus
1134 1829 1450 1909 praedictis
1496 1832 1740 1895 actibus
1833 1834 2098 1908 captura
2127 1829 2481 1894 necessaria
2509 1839 2605 1896 est
2642 1834 2958 1914 praecipue
3003 1841 3262 1918 propter
3309 1836 3381 1899 ti-

193 1917 593 1981 subscribere
619 1919 829 1983 debet.
1833 1938 2077 1984 morem
2104 1922 2292 2003 fugae,
2338 1927 2403 1986 et
2444 1924 2533 1987 ita
2574 1925 2933 1989 decernitur
2970 1928 3034 1987 in
3092 1927 3378 1991 (11010111-

276 2010 574 2074 Secundo
603 2012 883 2091 adverte,
929 2013 1076 2077 licet
1112 2015 1191 2077 de
1228 2016 1373 2096 jure
1420 2018 1738 2079 communi
1834 2015 2129 2076 stitutione
2138 2014 2481 2095 judiciaria
2506 2018 2793 2080 societatis
2822 2035 2947 2082 c.v.
2974 2019 3080 2082 ubi
3109 2019 3176 2082 in
3212 2040 3382 2082 mar-

195 2120 309 2165 reo
367 2106 625 2184 neganti
680 2107 1094 2170 ostendantur
1162 2108 1586 2187 depositiones
1652 2113 1739 2173 te-
1834 2107 1982 2187 gine
2012 2126 2076 2169 0.
2110 2110 2209 2169 12.
2243 2109 2592 2172 afferuntur
2637 2116 2932 2175 auctores.
2966 2112 3044 2174 de
3092 2113 3213 2175 hoc
3258 2117 3380 2175 tra·

195 2196 424 2275 stium,
472 2202 537 2260 et
561 2213 781 2261 eorum
810 2201 1096 2276 nomina,
1148 2205 1219 2264 ut
1244 2202 1442 2282 possit
1466 2203 1605 2266 illos
1633 2223 1740 2265 ex·
1833 2203 2099 2277 ctantes,
2130 2200 2389 2263 Archid.
2425 2205 2489 2266 et
2518 2204 2826 2266 Dominio.
2870 2205 2936 2265 in
2983 2223 3038 2267 0.
3093 2204 3377 2282 Clericus,

195 2288 448 2370 cipere,
497 2296 569 2354 ut
596 2297 844 2355 constat
876 2312 953 2354 ex
981 2312 1036 2356 c.
1085 2295 1193 2356 fin.
1228 2293 1299 2357 de
1324 2295 1589 2359 haeresib.
1623 2296 1732 2359 lib.
1835 2290 1907 2354 de
1943 2300 2086 2355 sent.
2139 2309 2359 2355 excom.
2409 2296 2666 2375 Rodrig.
2731 2301 2904 2359 tomo
2948 2314 3017 2363 11.
3070 2317 3130 2379 q.
3190 2298 3379 2379 requl.

198 2399 287 2446 π.
324 2387 389 2446 ει
415 2402 554 2465 cap.
589 2384 857 2459 Qualiter
880 2387 1214 2467 ecquando,
1246 2404 1319 2452 11.
1347 2389 1404 2467 §-
1437 2388 1639 2464 Debet,
1668 2389 1740 2451 de
1834 2404 1897 2466 0.
1929 2402 2084 2451 xvn.
2136 2390 2254 2449 art.
2302 2392 2362 2448 4.
2397 2387 2755 2451 Victorinus
2790 2390 2857 2450 in
2905 2390 3260 2452 institutione
3314 2389 3387 2450 de

195 2487 454 2539 masat.
504 2478 571 2539 id
599 2481 807 2540 tamen
839 2493 963 2541 11011
1012 2480 1292 2559 obligare
1317 2527 1333 2558 ,
1379 2482 1632 2560 quando
1662 2501 1737 2544 ex
1833 2477 2003 2539 modo
2026 2477 2383 2560 procedendi
2416 2479 2478 2539 in
2525 2481 2713 2542 causis
2757 2481 3117 2562 requiam'um
3167 2502 3225 2547 c.
3274 2499 3375 2545 xx.

194 2570 322 2634 hoc
348 2585 541 2650 grave
560 2570 864 2635 damnum
890 2572 1042 2653 ipsis
1068 2574 1331 2636 testibus
1358 2574 1739 2653 timetur,vel
1835 2590 1899 2633 n.
1931 2574 1991 2634 3.
2026 2575 2089 2634 οι
2115 2572 2431 2651 colligitur
2458 2590 2536 2633 ex
2562 2592 2619 2636 c.
2668 2573 2928 2637 Abbatee
2971 2592 3152 2640 xv111.
3192 2596 3256 2656 q.
3305 2593 3375 2638 11.

194 2669 419 2727 contra
455 2663 692 2728 bonum
720 2681 1078 2727 commune.
1138 2667 1319 2730 Unde
1348 2666 1412 2729 in
1441 2668 1739 2729 tribunali
1834 2668 2002 2727 etex
2024 2665 2198 2727 Trid.
2230 2668 2382 2727 sect.
2415 2680 2520 2728 xv.
2554 2684 2611 2728 c.
2646 2684 2733 2730 vl.
2767 2665 2840 2729 de
2865 2667 3195 2749 Refer-mat.

197 2758 263 2818 S.
295 2756 726 2836 Inquisitionis
780 2775 907 2818 000
944 2758 1148 2821 solent
1201 2759 1450 2821 ostendi
1492 2778 1601 2821 reo
1648 2764 1740 2822 te·
1916 2760 2150 2830 Quarto
2179 2757 2639 2820 advertendum
2667 2764 2782 2838 est,
2815 2778 2999 2840 posse
3029 2761 3220 2824 etiam
3266 2759 3374 2821 ali·
3511 2769 3628 2834 ¹70

193 2849 392 2911 stium
420 2850 679 2911 nomina
710 2869 724 2910 ε
772 2848 962 2929 idque
1002 2851 1069 2910 in
1105 2851 1309 2912 causis
1337 2853 1527 2914 etiam
1553 2869 1741 2932 regu-
1836 2850 2088 2930 quando
2114 2850 2478 2929 religiosum
2496 2852 2796 2932 torqueri,
2822 2857 2893 2915 ut
2910 2853 3208 2917 delictum
3225 2872 3376 2916 000-
3479 2898 3583 2955 Quid
3620 2899 3673 2942 de

194 2941 450 3024 larium,
498 2945 574 3005 ut
595 2941 934 3021 plurimum
961 2943 1173 3007 locum
1205 2944 1442 3006 habere
1482 2949 1741 3025 propter
1833 2943 2107 3016 fiteatur3
2143 2946 2213 3004 ut
2241 2961 2384 3005 cum
2413 2944 2732 3005 communi
2763 2946 2890 3007 DD.
2920 2964 3079 3026 quos
3107 2948 3378 3007 afferunt
3497 2959 3671 2999 turtur·-

199 4993 462 5059 testium
495 5006 647 5069 reo,
707 4991 1016 5071 ponderat
1044 4991 1277 5054 Sanch.
1311 4991 1449 5054 1000
1478 4992 1583 5054 cit.
1613 4996 1749 5054 tum
1845 4990 1934 5052 tio
1963 4988 2211 5050 videtur
2239 4985 2388 5048 satis
2417 4989 2567 5065 apta
2583 4984 2663 5046 ad
2682 4985 3106 5064 torquendum
3141 4985 3399 5065 religio-

201 5086 381 5169 011οᾶ
408 5086 472 5146 10
500 5086 619 5148 1100
637 5084 870 5164 iudicio
890 5100 1014 5144 non
1044 5083 1392 5163 imponitur
1410 5087 1542 5146 tota
1562 5102 1750 5163 poena
1848 5100 2012 5159 sum,
2027 5080 2137 5161 qui
2151 5080 2231 5142 ob
2252 5079 2469 5158 culpas
2498 5077 2689 5140 etiam
2708 5077 2880 5139 leves
2903 5078 3064 5140 solet
3093 5076 3401 5159 ejusmodi

197 5178 526 5244 ordinaria
545 5222 564 5253 ‚
597 5178 729 5241 sive
757 5196 869 5256 per
895 5176 1365 5257 inquisitionem
1388 5221 1404 5253 ‚
1459 5177 1589 5238 sive
1637 5196 1754 5257 per
1851 5172 2284 5256 poenitentiam
2298 5170 2732 5248 sustinere,vel
2749 5174 2968 5250 sponte
2986 5170 3068 5232 ad
3083 5171 3401 5251 propriam

199 5290 448 5336 meram
503 5270 1040 5334 denuntiationem
1097 5269 1475 5350 procedatur
1535 5290 1548 5331 :
1617 5274 1750 5331 tum
1852 5266 2396 5330 mortificationem
2447 5262 2787 5344 suscipere.
2854 5264 2932 5325 Et
3000 5262 3067 5324 in
3110 5264 3230 5327 hac
3289 5264 3405 5327 ha-

201 5367 400 5431 etiam
443 5364 611 5446 quod
650 5363 846 5444 judex
893 5362 1202 5442 regularis
1228 5381 1355 5426 non
1384 5361 1616 5424 debeat
1643 5363 1755 5424 ob·-
1853 5360 2030 5424 bebit
2055 5357 2375 5440 potissime
2399 5358 2612 5420 locum
2635 5354 2999 5438 prohibitio,
3032 5375 3112 5418 ne
3154 5358 3268 5423 fiat
3292 5375 3406 5437 per

205 5476 462 5524 servare
495 5456 886 5538 omnesjuris
906 5454 1542 5536 solemnitate8,qucd
1566 5455 1757 5517 ctiam
1857 5454 2088 5517 laicum
2124 5473 2139 5514 ε
2194 5451 2446 5533 quando
2488 5448 2658 5517 enim
2702 5452 2946 5517 tortura
2986 5451 3153 5517 esset
3189 5450 3405 5515 similis
