4263 6376
1321 353 1790 416 DISPU'rA'rlo
1835 353 1960 432 XL,
2008 354 2280 416 SECTIO
2321 357 2365 417 Ι.

249 543 409 608 ergo
441 547 515 590 ex
547 531 713 591 nullo
745 531 947 610 capite
977 531 1174 593 oritur
1201 530 1498 609 obligatio
1552 537 1791 593 retrac-

249 623 432 683 tandi
465 623 736 702 primum
767 623 1024 685 dictum.
1067 625 1485 686 confirmatur
1515 643 1550 685 a
1580 625 1785 700 simili,

250 717 407 795 quia
440 717 628 777 etiam
667 720 840 778 extra
887 718 1220 797 judicium,
1256 719 1507 797 quando
1567 718 1791 797 aliquis

249 809 604 889 interrogat
631 828 731 870 me
760 811 838 870 de
881 811 1089 890 aliqua
1118 829 1186 871 re
1245 812 1359 871 sub
1402 813 1785 890 juramento,

250 920 379 980 ego
409 908 626 964 teneor
645 922 720 964 ex
747 903 1086 964 veracitate
1118 907 1180 965 et
1208 903 1508 982 religione
1540 921 1662 965 non
1694 904 1792 964 di-

251 1011 404 1055 cere
443 995 710 1058 falsum:
746 996 795 1056 si
823 999 1032 1058 tamen
1068 995 1357 1073 mentiar,
1393 1014 1518 1057 non
1575 1002 1795 1058 teneor

249 1091 478 1167 postea
505 1092 845 1151 retractare
874 1089 1294 1164 mendacium,
1321 1108 1436 1150 nec
1458 1090 1683 1169 aliquis
1712 1090 1793 1150 ad

249 1180 322 1240 id
387 1199 487 1241 me
543 1181 867 1259 obligabit,
931 1181 1077 1261 quia
1133 1182 1430 1244 nimirum
1498 1183 1793 1261 obligatio

252 1278 399 1336 erat
425 1274 626 1335 solum
655 1292 768 1354 pro
801 1277 970 1350 tunc,
1033 1275 1286 1355 quando
1344 1275 1797 1354 expectabatur

249 1383 630 1448 responsum
656 1382 671 1443 3
723 1386 874 1446 ergo
920 1368 1204 1429 similiter
1256 1369 1319 1427 in
1376 1373 1588 1429 nostro
1645 1387 1793 1430 casu

248 1460 556 1540 obligatio
583 1460 1025 1540 respondendi,
1062 1464 1122 1522 et
1151 1461 1399 1520 dicendi
1421 1479 1641 1521 verum
1664 1478 1791 1523 non

252 1552 467 1626 durat,
493 1552 611 1613 nisi
638 1556 944 1632 protunc,
980 1552 1232 1634 quando
1255 1554 1452 1633 judex
1487 1558 1672 1632 urget
1703 1556 1795 1615 in-

253 1645 664 1723 terrogandO.

341 1739 586 1814 Dicunt,
613 1738 746 1818 J‘am
775 1743 923 1799 tunc
951 1757 1096 1799 reus
1125 1743 1291 1801 esset
1319 1757 1508 1800 causa
1562 1741 1795 1820 injusta

250 1831 584 1892 sententioe
615 1832 840 1892 futurae
869 1847 1014 1891 cum
1038 1831 1268 1892 damno
1290 1834 1620 1894 contraria}
1651 1851 1796 1911 par-—

251 1925 359 1986 tie.
397 1923 850 2002 Respondetur,
886 1924 936 1984 si
969 1923 1266 1985 damnum
1287 1925 1439 1986 illud
1471 1927 1549 1987 sit
1578 1930 1796 1987 contra

240 2016 584 2097 justitiam,
621 2017 702 2077 ita
733 2021 803 2077 ut
829 2035 974 2095 pars
997 2017 1263 2077 adversa
1309 2019 1555 2079 amittat
1583 2037 1659 2078 ea
1716 2018 1794 2076 de

250 2125 448 2170 causa
479 2108 538 2169 id
569 2108 646 2167 ad
677 2109 847 2187 quod
877 2109 1148 2171 habebat
1167 2111 1504 2188 jus,teneri
1526 2129 1668 2171 eum
1701 2130 1795 2170 sa-

251 2201 546 2264 tisfacere
577 2219 689 2278 pro
721 2201 817 2260 his
848 2203 1284 2263 communibus
1306 2204 1552 2264 damnis
1584 2206 1644 2264 et
1674 2223 1786 2282 pro

252 2295 569 2373 expensis,
604 2312 728 2353 non
758 2298 968 2354 tamen
999 2299 1247 2357 tenetur
1300 2299 1640 2358 retractare
1697 2314 1795 2357 su-

251 2407 369 2449 um
400 2388 659 2463 dictum,
694 2404 835 2447 cum
887 2387 1005 2448 hoc
1064 2406 1188 2448 non
1237 2388 1316 2450 sit
1371 2389 1793 2450 necessarium

254 2481 338 2541 ad
372 2479 880 2543 satisfaciendum
911 2480 1278 2558 obligationi
1298 2482 1578 2561 justitias.
1611 2483 1789 2546 Hinc.

342 2575 545 2637 Infero
576 2573 802 2653 primo,
837 2572 1000 2634 hanc
1033 2574 1383 2635 doctrinam
1402 2575 1793 2636 limitandam

91 2729 132 2756 ω
255 2686 420 2744 esse,
453 2685 531 2727 ne
578 2665 882 2744 procedat
911 2685 982 2727 eo
1014 2683 1163 2727 casu
1196 2686 1319 2746 quo
1371 2668 1602 2746 judicis
1635 2686 1795 2748 pree-

77 2779 162 2810 [ωτι
255 2764 510 2839 ceptum
543 2774 832 2838 expresse
863 2763 958 2821 est
986 2778 1108 2821 non
1141 2761 1340 2821 solum
1369 2778 1484 2840 pro
1514 2761 1633 2821 hoc
1665 2761 1787 2836 die,

74 2829 196 2865 ''re“
254 2853 371 2913 sed
402 2869 514 2931 pro
543 2851 647 2912 tali
678 2854 777 2912 vel
807 2855 979 2913 tanto
1034 2856 1341 2931 tempore,
1390 2858 1459 2915 ut
1498 2855 1549 2915 si
1596 2854 1791 2933 judex

254 2965 376 3026 per
394 2945 620 3022 edicta,
647 2944 744 3006 vel
774 2944 895 3005 alio
925 2945 1112 3006 modo
1147 2946 1471 3026 praecipiat
1501 2947 1668 3026 quod
1702 2947 1788 3005 in·

253 3047 359 3101 tra
388 3042 478 3100 tot
507 3037 639 3098 dies
668 3056 811 3098 reus
867 3038 1036 3100 dicat
1090 3042 1153 3100 et
1197 3039 1556 3101 manifestet
1611 3057 1788 3099 suam

254 3131 532 3213 culpam.
569 3132 744 3193 Tunc
806 3131 971 3191 enim
1001 3130 1266 3193 durante
1323 3131 1426 3193 illo
1480 3136 1786 3212 tempore,

257 3226 662 3305 etiamsiJ'am
692 3224 902 3304 inique
947 3227 1288 3304 negaverit,
1345 3228 1658 3288 tenebitur
1712 3226 1792 3286 ad

258 3317 687 3379 confitendum
718 3336 879 3393 enm,
915 3318 1062 3398 quia
1092 3337 1341 3398 semper
1397 3320 1644 3380 assidue
1697 3319 1793 3379 in-

260 3416 618 3491 terrogatur
634 3428 746 3490 per
773 3417 1157 3492 praeceptum
1186 3412 1443 3474 factum.

343 3505 546 3566 Infero
575 3505 873 3578 secundo,
897 3505 1044 3585 quid
1068 3505 1401 3566 dicendum
1432 3505 1512 3566 sit
1540 3504 1790 3583 quando

147 3658 158 3667 ,
263 3617 385 3659 non
414 3597 697 3659 obstante
728 3597 935 3659 delicti
968 3600 1321 3678 negatione,
1356 3618 1499 3661 reus
1541 3598 1791 3659 convic-

67 3669 194 3752 ’ἓοῖἷῖ
258 3694 360 3754 tus
390 3695 483 3753 est
507 3696 569 3752 et
597 3690 930 3752 damnatus
960 3691 1207 3754 ducitur
1237 3694 1313 3753 ad
1336 3695 1622 3755 ultimum
1643 3709 1791 3769 sup-

66 3766 192 3807 ''e‘''
258 3784 536 3864 plicium‚
573 3802 651 3843 an
679 3788 827 3845 tune
850 3783 911 3843 in
943 3786 1161 3846 mortis
1192 3786 1458 3847 articulo
1505 3785 1790 3861 obligan-

262 3878 377 3939 dus
406 3877 486 3938 sit
512 3896 552 3938 a
579 3876 958 3938 confessario
988 3878 1167 3938 fateri
1197 3897 1379 3939 suum
1403 3880 1637 3939 crimen
1653 3876 1790 3937 ?Af-

259 3972 511 4032 firmant
540 3969 768 4048 plures,
803 3970 1115 4047 Corduba,
1151 3971 1405 4047 Metina,
1460 3972 1679 4032 Petrus
1711 3969 1788 4029 de

261 4063 586 4139 Ledesma,
620 4064 814 4141 Vega,
851 4067 912 4123 et
940 4062 1067 4137 alii,
1104 4082 1258 4143 quos
1288 4064 1479 4125 refert
1507 4062 1788 4125 Sanchez

261 4157 364 4221 ubi
395 4174 583 4237 supra
615 4175 720 4216 nu.
758 4158 852 4216 ⁴0.
889 4157 1035 4235 quia
1088 4158 1219 4236 ejus
1249 4157 1639 4219 taciturnitas
1693 4174 1788 4216 re-

261 4250 502 4311 dundat
528 4249 590 4309 in
620 4249 1064 4310 detrimentum
1094 4250 1502 4327 accusatorie,
1535 4251 1787 4311 testium

261 4348 323 4404 et
343 4342 594 4423 judiciS‚
629 4342 736 4422 qui
763 4341 926 4401 male
967 4341 1231 4403 audiunt
1259 4343 1426 4422 apud
1459 4343 1782 4422 populum,

262 4436 510 4517 quando
538 4452 683 4495 reus
712 4435 987 4513 persistit
1031 4435 1092 4495 in
1150 4436 1484 4496 asserenda
1526 4454 1636 4495 sua
1694 4436 1788 4495 in-

263 4528 589 4601 nocentia;
638 4528 886 4605 deinde,
919 4530 1064 4608 quia
1111 4529 1259 4589 dum
1309 4529 1618 4589 sententia
1659 4547 1783 4587 non

263 4626 356 4683 est
384 4621 683 4682 mandata
715 4621 1084 4697 executioni,
1120 4621 1324 4682 adhuc
1380 4639 1521 4681 reus
1576 4638 1784 4681 cense-

260 4718 360 4777 tur
388 4732 521 4775 esse
552 4712 666 4775 sub
687 4713 917 4792 judicis
941 4717 1246 4794 potestate
1277 4718 1340 4774 et
1365 4713 1445 4773 ab
1492 4730 1563 4773 eo
1593 4714 1785 4773 inter-

257 4807 488 4886 rogari.

340 4900 666 4962 Contraria
720 4901 929 4960 tamen
977 4898 1284 4959 sententia
1342 4899 1635 4978 negativa
1693 4904 1786 4962 est

259 4992 659 5072 probabilior,
695 5009 884 5072 quam
915 4994 1128 5052 tenent
1149 4993 1482 5068 Navarrus,
1519 4993 1780 5071 Segura,

262 5084 546 5160 Salzedo,
607 5084 996 5157 Emmanuel,
1045 5085 1322 5145 Navarra
1350 5132 1364 5161 ‚
1427 5086 1627 5161 SairO,
1677 5087 1780 5163 Sa,

261 5177 628 5251 Philiascus,
665 5196 820 5256 quos
849 5177 1040 5237 refert
1095 5184 1156 5238 et
1196 5179 1476 5257 sequitur
1507 5179 1786 5241 Sanchez

262 5271 383 5344 ibi;
410 5269 710 5350 probatur
764 5270 964 5349 primo
1021 5278 1392 5348 argumento
1449 5273 1781 5349 contrario,

264 5364 411 5438 quia
438 5364 574 5442 jam
601 5367 752 5423 tunc
783 5381 905 5422 non
980 5362 1167 5424 durat
1194 5364 1597 5443 interrogatio
1620 5365 1791 5446 judi-

263 5453 372 5532 cis,
398 5456 532 5535 jam
563 5453 728 5515 enim
769 5454 964 5534 judex
995 5455 1245 5516 functus
1277 5460 1370 5518 est
1420 5458 1624 5519 officio
1675 5478 1787 5520 suo

261 5549 502 5629 prolata
533 5548 864 5623 sententia,
895 5548 1018 5608 imo
1042 5549 1175 5631 jam
1218 5555 1383 5611 esset
1411 5551 1641 5612 inutilis
1695 5552 1790 5613 in-

3308 353 3423 414 773

1890 533 2251 610 terrogatio‚
2275 549 2419 593 cum
2450 547 2573 594 non
2591 533 2910 594 deserviat
2931 532 3012 593 ad
3039 530 3425 592 decisionem

1891 644 2116 687 causta.
2152 627 2464 701 Secundo,
2499 628 2648 707 qula
2677 626 2998 706 sequendo
3043 623 3426 686 contrariam

1889 719 2287 796 sententiam,
2324 719 2509 780 datur
2556 721 2727 781 locus
2786 720 3016 799 iniquae
3074 719 3427 797 aliquorum

1886 811 2172 893 judicum
2194 813 2648 888 consuetudini,
2683 814 2787 892 qui
2820 812 3117 872 simulant
3145 830 3209 870 se
3249 826 3428 869 reum

1895 905 2195 964 damnare
2225 904 2305 964 ad
2335 911 2625 980 mortem,
2663 910 2733 964 ut
2758 903 2942 963 inillo
2965 901 3223 963 articulo
3246 917 3430 960 cons-

1891 998 2112 1059 titutus
2141 997 2415 1058 fateatur
2443 1015 2626 1057 suum
2656 997 2915 1070 crimen,
2945 995 3113 1075 quod
3136 994 3186 1054 si
3234 993 3429 1055 fatea-

1891 1095 1995 1150 tur
2023 1107 2169 1149 eum
2200 1089 2276 1149 de
2324 1091 2489 1149 facto
2520 1094 2721 1150 morte
2769 1090 3068 1167 puniunt3
3102 1088 3154 1147 si
3185 1105 3310 1147 nou
3340 1086 3428 1147 fa·-

1890 1184 2099 1242 teatur
2124 1182 2436 1244 reducunt
2464 1183 2523 1241 in
2557 1199 2914 1255 carcerem3
2978 1198 3102 1241 non
3134 1198 3284 1258 ergo
3316 1179 3430 1238 de·-

1892 1275 1999 1336 bet
2023 1275 2438 1336 confessarius
2465 1290 2690 1352 cogere
2719 1293 2897 1335 reum
2927 1274 2990 1333 in
3039 1273 3143 1334 illo
3210 1272 3426 1334 discri-

1893 1368 2062 1430 mine
2092 1369 2173 1428 ad
2203 1368 2529 1429 fatendum
2577 1385 2760 1428 suum
2787 1368 3022 1428 crimen
3076 1385 3220 1428 cum
3249 1369 3423 1428 tanto

1892 1461 2194 1539 periculo·
2230 1462 2338 1521 Est
2367 1466 2576 1521 autem
2615 1461 2868 1522 omnino
2899 1461 3114 1540 iniqua
3150 1460 3256 1520 illa
3283 1477 3431 1522 con·

1893 1554 2183 1616 suetudo.
2218 1555 2450 1630 Prim0‚
2485 1555 2631 1633 quia
2661 1572 2772 1632 per
2832 1553 3046 1614 dolum
3103 1557 3433 1633 extorquet

1893 1648 2369 1709 confessionem.
2406 1646 2720 1722 Secundo,
2756 1646 2903 1726 quia
2942 1646 3048 1706 illa
3100 1663 3223 1706 non
3253 1645 3423 1706 vide-

1893 1744 1995 1801 tur
2023 1740 2327 1800 confessio
2351 1738 2689 1817 judicialis.
2725 1740 2959 1814 Tertio,
2994 1739 3141 1818 quia
3172 1738 3433 1818 exponit

1893 1833 2249 1912 proximum
2277 1831 2553 1911 periculo
2589 1831 3012 1892 damnationis
3043 1836 3318 1906 oeternae,
3353 1845 3427 1891 eo

1896 1925 2063 2004 quod
2111 1925 2175 1985 in
2231 1924 2368 1984 aliis
2422 1924 2673 1985 casibus
2728 1928 3021 2003 putantes
3077 1942 3142 1984 se
3199 1923 3429 1984 debere

1895 2017 2199 2093 confiteri,
2259 2017 2465 2078 adhuc
2521 2022 2754 2095 negant
2806 2021 2869 2079 et
2910 2018 2996 2077 ita
3049 2016 3424 2090 moriuntur,

1895 2111 2021 2172 imo
2055 2128 2170 2171 nec
2221 2111 2564 2189 suscipiant
2590 2111 2753 2170 bene
2808 2114 3221 2184 sacramenta,
3283 2109 3431 2187 quia

1896 2221 2146 2284 semper
2174 2205 2441 2265 credunt
2471 2223 2536 2264 se
2567 2222 2693 2264 non
2748 2203 3107 2264 morituros,
3161 2204 3288 2262 Nec
3319 2200 3432 2261 ob-

1892 2299 2014 2358 stat
2039 2297 2406 2358 scandalum
2436 2300 2652 2357 contra
2697 2296 2981 2375 judicem
3012 2299 3074 2356 et
3104 2297 3425 2355 accusato-

1892 2409 2050 2466 rem,
2081 2390 2399 2469 quiaillud
2432 2405 2552 2451 non
2579 2395 2674 2452 est
2693 2389 2848 2451 tanti
2882 2389 3182 2450 momenti
3211 2406 3225 2460 ;
3258 2405 3424 2448 sem-

1892 2502 2006 2562 per
2035 2484 2201 2542 enim
2219 2484 2626 2562 praesumptio
2655 2487 2781 2544 stat
2802 2501 2914 2560 pro
2938 2484 3245 2543 sententia
3268 2479 3430 2558 juri-

1894 2576 2030 2636 dice
2060 2576 2327 2655 prolata‚
2380 2581 2444 2638 et
2500 2575 2777 2636 creditur
2835 2594 2980 2635 reus
3036 2591 3297 2652 negasse
3351 2590 3424 2632 eo

1893 2669 2062 2749 quod
2093 2686 2218 2729 non
2247 2668 2545 2729 censebat
2564 2686 2629 2727 se
2662 2668 2930 2745 obligari
2959 2666 3038 2727 ad
3068 2664 3420 2742 fatendum,

1890 2763 2289 2824 sicutrevera
2321 2779 2440 2821 non
2472 2761 2827 2837 tenebatur,
2863 2761 2975 2820 sed
3007 2759 3214 2838 potius
3260 2758 3426 2819 tueri

1892 2856 2063 2914 illam
2101 2855 2627 2933 qualemcumque
2674 2853 2823 2914 vitre
2877 2871 3073 2931 spem,
3108 2869 3296 2931 quam
3314 2869 3425 2929 po-

1889 2952 2049 3010 terat
2078 2947 2333 3008 habere.
2368 2947 2687 3026 Echpitur
2740 2951 2952 3008 tamen
3010 2942 3426 3005 communiter

1891 3040 2221 3102 hoereticus
2256 3041 2622 3117 negativus3
2663 3038 2764 3099 ille
2812 3039 2980 3098 enim
3023 3037 3425 3116 praesumitur

1893 3134 2197 3195 decedere
2226 3133 2289 3193 in
2335 3131 2578 3207 haeresi,
2641 3131 2945 3211 quamdiu
3004 3145 3127 3191 non
3171 3129 3422 3190 confite-

1891 3234 2026 3301 tur;
2060 3229 2209 3307 quia
2236 3245 2361 3287 non
2387 3230 2675 3287 censetur
2708 3226 3032 3285 absolutus
3062 3242 3098 3283 a
3128 3240 3417 3298 censura,

1891 3323 2041 3382 dum
2061 3322 2264 3399 rejicit
2293 3320 2573 3380 oblatam
2611 3317 3189 3379 reconciliationem
3221 3320 3282 3376 et
3311 3314 3423 3374 ab-

1891 3415 2302 3476 solutionem:
2332 3417 2394 3473 et
2411 3412 2559 3490 quia
2603 3430 2745 3471 cum
2772 3410 3094 3472 convictus
3126 3410 3206 3469 sit
3233 3407 3420 3468 fuisse

1892 3507 2225 3568 haereticus
2247 3553 2262 3583 ‚
2326 3522 2448 3565 non
2499 3504 2634 3566 vult
2705 3503 3064 3564 satisfacere
3124 3499 3419 3563 Ecclesiae

1890 3600 2307 3660 satisfactione
2326 3597 2579 3677 publica
2606 3614 2719 3675 pro
2751 3597 2934 3675 culpa
2961 3596 3067 3655 illa
3128 3593 3415 3672 publica3

1891 3711 2083 3772 quare
2112 3692 2332 3752 merito
2362 3694 2651 3751 censetur
2678 3689 2739 3749 in
2774 3689 2997 3749 eodem
3026 3705 3237 3746 errore
3285 3704 3419 3763 per-

1889 3804 2200 3860 severare,
2234 3788 2301 3843 ut
2327 3783 2510 3843 docet
2533 3784 2764 3843 Suarez
2792 3781 3002 3858 disput
3025 3796 3202 3839 xx111.
3250 3777 3416 3858 defi-

1889 3878 1957 3939 de
1987 3882 2137 3939 sect.
2172 3893 2238 3937 11.
2274 3894 2445 3936 num.
2478 3878 2536 3935 5.
2573 3874 2669 3934 Ad
2712 3872 3055 3935 tollendum
3085 3872 3277 3949 igitur
3301 3871 3419 3931 hoc

1890 3971 2252 4032 scandalum
2295 3967 2557 4047 cogendi
2616 3972 2761 4029 sunt
2806 3965 3061 4026 omnino
3110 3961 3418 4042 ejusmodi

1890 4065 2173 4125 homines
2202 4060 2479 4123 confiteri
2512 4057 2745 4120 crimen
2778 4058 2945 4137 quod
3004 4056 3165 4116 male
3220 4073 3414 4131 nega-

1889 4162 2133 4233 verunt,
2165 4155 2413 4216 interim
2444 4153 2595 4214 dum
2641 4152 2857 4214 ultimo
2905 4149 3209 4230 supplicio
3266 4166 3416 4208 non-

1888 4250 2037 4311 dum
2067 4253 2212 4308 sunt
2239 4246 2467 4308 affecti.

1963 4342 2232 4404 Infertur
2257 4339 2460 4416 tertio,
2495 4338 2810 4418 quomodo
2832 4355 2896 4397 se
2928 4336 3153 4397 debeat
3181 4334 3413 4395 habere

1885 4434 2300 4497 confessarius
2329 4450 2471 4493 cum
2499 4433 2573 4493 iis
2591 4433 2876 4512 quimale
2908 4433 3239 4509 negarunt,
3263 4427 3412 4487 dum

1885 4534 2239 4590 nontamen
2269 4527 2440 4587 finita
2473 4531 2566 4587 est
2602 4527 2716 4586 lis:
2767 4543 2914 4584 nam
2943 4525 3087 4583 licet
3132 4538 3256 4581 non
3288 4520 3414 4581 sint

1885 4620 2151 4698 cogendi
2180 4620 2403 4681 iterum
2434 4618 2714 4679 confiteri
2763 4617 3122 4694 priusquam
3153 4614 3415 4674 interro-

1884 4720 2148 4794 gentur:
2201 4713 2430 4772 debent
2482 4715 2693 4770 tamen
2739 4708 2967 4768 habere
3026 4706 3415 4786 propositum

1885 4807 2224 4868 confitendi
2252 4805 2578 4864 veritatem
2601 4800 2651 4861 si
2679 4803 2906 4861 iterum
2935 4802 3272 4877 rogentur:
3306 4797 3416 4857 du-

1885 4902 2056 4960 bium
2089 4904 2297 4960 autem
2328 4902 2518 4957 estan
2548 4895 2820 4954 debeant
2847 4911 2884 4953 a
2913 4892 3292 4953 confessario
3320 4891 3418 4950 in-

1885 4993 2189 5071 terrogari
2221 4991 2295 5051 de
2324 4990 2441 5050 hoc
2467 4987 2804 5067 proposito,
2836 4992 2898 5046 et
2926 4985 3180 5065 quidem
3196 5002 3262 5044 se
3281 5001 3417 5043 ere-

1887 5086 2052 5147 ditur
2082 5084 2249 5164 quod
2279 5083 2501 5144 iterum
2532 5098 2652 5140 non
2684 5078 3257 5155 interrogabuntur,
3290 5095 3415 5137 non

1888 5183 2134 5259 oportet
2158 5172 2531 5254 regulariter
2551 5190 2774 5251 rogare
2806 5172 2885 5231 de
2907 5171 3012 5231 tali
3044 5170 3361 5248 proposito
3396 5189 3409 5230 :

1889 5276 2050 5332 esset
2078 5270 2244 5330 enim
2275 5284 2382 5327 eos
2437 5264 2736 5326 inutiliter
2779 5281 3089 5342 exponere
3138 5262 3413 5339 periculo

1887 5361 2187 5445 peccandi
2228 5362 2304 5421 de
2348 5376 2509 5419 nox-o
2568 5362 2630 5417 et
2676 5356 3013 5416 frustrandi
3064 5372 3413 5414 sacramen-

1887 5463 2043 5520 tum.
2076 5456 2137 5517 Si
2170 5458 2378 5515 autem
2422 5451 2768 5513 creduntur
2819 5449 3046 5510 iterum
3102 5465 3140 5506 a
3201 5446 3413 5525 judice

1890 5546 2352 5625 interrogandi3
2383 5549 2533 5606 tunc
2578 5543 2629 5604 si
2687 5541 2979 5603 credatur
3032 5541 3241 5602 sutura
3294 5538 3415 5599 illis

3560 4355 3640 4414 20

3463 4480 3747 4524 confessarius

3489 4534 3584 4587 quid
3606 4535 3729 4577 faciet

3464 4599 3554 4628 cum
3583 4600 3668 4638 reo.
3690 4588 3759 4642 qui

3463 4641 3569 4684 male
3596 4643 3761 4697 negavit
