4263 6376
849 306 961 366 132

843 478 1102 539 modum
1125 522 1141 554 ‚
1199 476 1311 537 sed
1356 477 1663 556 significet
1707 477 2014 539 motivum
2039 479 2377 558 testatoriS,

844 572 1014 652 quod
1048 575 1140 632 est
1167 589 1296 649 prae
1325 570 1518 630 oculis
1548 569 1914 631 habendum
1947 589 1961 634 :
2014 590 2183 652 saepe
2213 573 2383 633 enim

841 666 1036 726 verba
1064 664 1167 724 illa
1197 680 1320 723 non
1349 663 1703 742 significant
1731 664 2179 744 obligationem
2199 713 2214 743 ,
2274 669 2383 727 aut

841 775 1205 837 gravamen,
1237 755 1347 816 sed
1381 755 1685 817 motivum
1718 776 1733 816 ε
1784 761 1853 819 ut
1880 758 1932 818 si
1961 758 2115 820 dixit
2163 779 2177 821 ε
2223 757 2381 838 Leqo

844 851 901 911 T
896 850 1016 911 itioe
1042 858 1266 910 centum
1294 859 1360 909 ut
1380 849 1564 929 possit
1582 849 1817 928 nubere,
1851 870 1977 912 non
2006 850 2246 913 inducit
2274 853 2380 913 ob-

837 942 1199 1022 ligationem
1219 942 1518 1004 nubendi.
1554 945 1710 1004 Item
1731 944 1784 1004 si
1812 943 1999 1021 dicat,
2033 944 2192 1025 Leqo
2226 945 2380 1006 Titio

837 1045 1062 1098 centum
1088 1044 1153 1096 uc
1178 1033 1426 1116 fundum
1453 1035 1568 1095 sibi
1591 1046 1763 1097 emat.
1783 1036 1850 1098 Si
1877 1041 2089 1099 tamen
2117 1042 2380 1099 testator

836 1129 1033 1191 voluit
1051 1129 1498 1208 obligationem
1518 1129 1764 1189 emendi
1785 1130 2130 1209 imponere,
2151 1136 2220 1193 ut
2239 1150 2378 1212 pos-

835 1223 914 1283 sit
942 1222 1152 1284 vivere
1174 1267 1189 1298 ‚
1249 1225 1312 1283 et
1357 1240 1434 1281 ne
1465 1228 1797 1285 consumat
1824 1223 2089 1302 capitale
2113 1269 2129 1299 ,
2191 1224 2381 1285 debet

834 1316 985 1377 dare
1015 1315 1368 1377 cautionem
1399 1314 1477 1375 de
1508 1315 1797 1393 emendo,
1823 1334 1948 1377 non
1963 1335 2112 1378 vero
2140 1317 2219 1377 de
2238 1318 2377 1378 red-

835 1409 1041 1471 dendo
1070 1409 1302 1488 legat0,
1338 1426 1481 1469 cum
1511 1408 1589 1468 de
1611 1410 1743 1470 sola
1773 1408 1908 1489 ejus
1937 1410 2203 1471 utilitate
2234 1428 2379 1490 aga-

833 1508 956 1579 tur,
989 1502 1099 1564 sed
1127 1507 1199 1563 ut
1223 1501 1418 1581 possit
1445 1502 1585 1580 cogi
1613 1502 1695 1563 ad
1725 1502 2060 1563 emendum
2091 1521 2167 1563 ex
2195 1503 2376 1564 bonis

831 1594 1240 1675 fidejussoriS,
1275 1594 1393 1654 nisi
1423 1594 1694 1656 emisset.
1733 1596 1984 1669 Quoties
2004 1596 2217 1676 itaque
2245 1615 2375 1658 mo·

834 1688 952 1749 dus
980 1693 1075 1749 est
1118 1688 1180 1747 in
1230 1687 1426 1748 solam
1475 1688 1807 1751 utilitatem
1860 1689 2188 1769 legatarii,
2250 1709 2375 1752 non

831 1781 1231 1861 praesumitur
1258 1780 1554 1859 obligatio
1605 1781 1859 1844 inducta
1883 1829 1898 1859 ‚
1959 1782 2076 1843 nisi
2122 1782 2373 1843 aliunde

832 1874 1180 1954 colligatur,
1212 1872 1324 1934 sed
1352 1873 1553 1934 solum
1574 1879 1835 1936 testator
1852 1875 2222 1955 explicuisse
2242 1894 2374 1938 mo-

829 1969 1027 2030 tivum
1052 1966 1338 2046 legandi;
1365 1969 1426 2027 et
1452 1966 1621 2027 idem
1651 1967 1990 2028 dicendum
2007 1969 2261 2030 videtur
2291 1970 2368 2029 de

827 2062 1057 2141 legate,
1092 2064 1162 2121 ut
1189 2059 1405 2135 nubat,
1434 2064 1496 2121 et
1525 2060 1602 2119 de
1631 2060 1823 2121 fundo
1845 2061 2051 2140 legato
2081 2062 2165 2123 ad
2192 2080 2371 2123 suam

824 2153 1277 2215 recreationem
1305 2155 1370 2213 et
1394 2170 1614 2230 usum,
1666 2154 1897 2232 poterit
1926 2155 2161 2234 quippe
2191 2155 2368 2235 lega-

828 2247 1025 2308 tarius
1054 2245 1262 2306 adhuc
1290 2244 1465 2305 illum
1492 2245 1701 2307 locare
1731 2251 1790 2309 et
1814 2247 2109 2311 vendere.
2145 2250 2276 2310 Imo
2306 2250 2369 2309 in

824 2339 1030 2417 legato
1059 2341 1130 2398 ut
1157 2337 1355 2398 nubat
1379 2384 1394 2414 ‚
1456 2338 1603 2400 licet
1645 2342 1909 2402 testator
1937 2341 2262 2420 praecipiat
2289 2360 2368 2402 ne

826 2430 1093 2510 pecunia
1121 2429 1176 2491 ei
1200 2430 1485 2491 tradatur
1513 2450 1709 2511 usque
1740 2433 1821 2492 ad
1842 2437 2090 2512 tempus
2120 2435 2368 2514 nuptia-

696 2569 712 2582 .
822 2543 985 2600 rum,
1019 2543 1095 2584 ne
1124 2523 1295 2583 illam
1325 2529 1673 2603 consumat,
1705 2526 2014 2586 tradenda
2035 2532 2130 2588 est
2148 2545 2368 2589 mona-

576 3107 694 3168 248

503 3234 624 3277 Modo
644 3234 747 3277 dess-

506 3289 639 3331 ciente
657 3299 746 3342 quae

489 3342 543 3385 sit
561 3342 759 3397 obligatio

522 3396 724 3452 legatarii.

824 2618 1049 2693 sterio,
1110 2615 1161 2676 si
1189 2616 1340 2677 velit
1365 2617 1501 2678 fieri
1528 2618 1855 2697 religiosa,
1887 2624 1998 2681 aut
2045 2620 2097 2680 si
2145 2639 2367 2699 perve-

823 2710 1001 2771 niens
1032 2710 1112 2771 ad
1163 2713 1413 2772 aetatem
1462 2712 1743 2772 nubendi
1771 2712 1964 2791 eligat
1990 2719 2364 2793 perpetuum

824 2804 1217 2880 caelibatum,
1270 2806 1333 2864 et
1377 2804 1671 2866 credatur
1714 2804 1877 2866 serio
1933 2823 2078 2866 eum
2134 2812 2366 2869 statum

824 2897 1076 2976 eligere,
1109 2896 1189 2956 de
1220 2914 1343 2976 quo
1372 2897 1605 2959 Molina
1633 2897 1791 2977 disp.
1826 2914 2038 2962 ccv111.
2061 2901 2118 2980 ἓ.
2145 2901 2367 2982 Siquis

823 2990 982 3051 item.

907 3082 1166 3157 Quando
1195 3082 1420 3144 modus
1442 3087 1536 3145 est
1562 3084 1624 3143 in
1655 3084 1986 3147 utilitatem
2000 3086 2186 3158 tertii,
2210 3107 2364 3166 pree-

823 3177 1091 3240 sumitur
1118 3180 1379 3240 testator
1407 3176 1717 3257 obligasse
1751 3199 1764 3241 :
1800 3179 1853 3240 si
1881 3183 2093 3241 tamen
2135 3199 2247 3261 per
2275 3181 2364 3242 le-

822 3272 1136 3352 gatarium
1164 3289 1290 3331 non
1335 3274 1495 3347 stat,
1554 3271 1666 3332 sed
1709 3292 1821 3351 per
1865 3272 2040 3335 illum
2082 3274 2358 3353 tertium,

822 3367 992 3445 quia,
1025 3385 1086 3426 v.
1120 3383 1182 3443 g.
1217 3363 1490 3425 debebat
1526 3365 1811 3445 accipere
1851 3366 2078 3427 Titiam
2108 3367 2171 3428 in
2204 3387 2358 3429 uxo-

819 3478 978 3537 rem,
1010 3477 1149 3539 quae
1178 3458 1277 3518 vel
1308 3476 1432 3518 non
1462 3459 1613 3536 vult,
1648 3460 1748 3521 vel
1776 3465 2025 3522 mortua
2064 3466 2158 3523 est
2186 3465 2361 3524 ante-

820 3571 1010 3633 quam
1035 3551 1374 3632 legatarius
1404 3556 1567 3612 esset
1593 3551 1656 3611 in
1685 3572 1884 3630 mora,
1918 3553 2196 3632 legatum
2225 3574 2361 3616 ma-

818 3649 931 3708 nnt
955 3646 1088 3706 sine
1119 3645 1244 3705 ullo
1273 3644 1660 3722 gravamine.
1697 3645 1959 3716 Quando
1989 3665 2137 3709 vero
2169 3651 2360 3710 testa-

813 3744 914 3802 tor
941 3740 1178 3819 obligat
1202 3738 1284 3799 ad
1311 3736 1571 3798 modum
1592 3737 2076 3818 observandum,
2104 3759 2228 3801 non
2255 3761 2355 3803 eo-

814 3833 960 3893 dem
987 3831 1178 3893 modo
1207 3848 1458 3909 semper
1486 3830 1743 3910 obligat.
1794 3832 2154 3913 Aliquando
2186 3834 2356 3895 enim

813 3925 1092 4004 obligare
1121 3926 1288 4000 vult,
1341 3942 1466 3984 non
1517 3924 1604 3984 ita
1632 3928 1845 3984 tamen
1895 3929 1961 3987 ut
2004 3926 2056 3987 si
2087 3945 2211 3988 non
2242 3928 2353 3988 im·

808 4017 1074 4097 pleatur,
1106 4017 1384 4096 legatum
1402 4021 1734 4079 revocetur
1763 4023 1825 4079 et
1850 4018 2094 4080 restitui
2124 4020 2352 4082 debeat

808 4110 921 4170 sed
949 4114 1019 4172 ut
1053 4114 1271 4189 peccet
1297 4110 1635 4188 legatarius
1664 4115 1882 4172 contra
1902 4110 2211 4191 justitiam
2237 4159 2251 4189 ,
2298 4113 2346 4174 si

808 4222 935 4265 non
965 4203 1276 4266 observet.
1333 4202 1688 4281 Aliquando
1733 4203 1866 4265 vult
1910 4204 2079 4284 quod
2123 4205 2351 4267 debeat

805 4297 1084 4376 legatum
1131 4295 1461 4357 restituere
1510 4314 1651 4357 cum
1703 4295 2008 4359 fructibus
2057 4299 2347 4360 omnibus

803 4389 1149 4470 perceptis»,
1210 4389 1372 4450 sicut
1418 4388 1467 4449 si
1517 4408 1862 4469 numquam
1904 4389 2060 4451 illud
2090 4389 2348 4451 habuis-

803 4489 918 4546 set.
1021 4482 1374 4562 Aliquando
1455 4483 1725 4562 denique
1801 4485 1935 4545 vult
2004 4487 2073 4546 ut
2156 4485 2344 4546 modo

802 4596 928 4639 non
983 4577 1062 4638 ob
1091 4580 1339 4638 servato
1383 4594 1518 4637 rem
1547 4576 1821 4656 legatam
1876 4577 2184 4654 restituat,
2220 4596 2344 4638 non

799 4675 1013 4733 tamen
1043 4669 1283 4732 fructus
1312 4673 1459 4731 ante
1497 4669 1668 4731 modi
1695 4670 2100 4731 violationem
2129 4689 2347 4750 perce-

797 4769 977 4845 ptOS‚
1034 4782 1176 4844 quae
1222 4762 1433 4824 omnia
1461 4766 1742 4842 pendent
1770 4782 1845 4824 ex
1876 4763 2225 4825 intentione
2255 4768 2345 4825 te·

795 4857 1068 4934 statoriS,
1103 4873 1243 4938 quae
1273 4855 1531 4917 arbitrio
1563 4855 1891 4936 prudentis
1930 4873 2005 4916 ex
2034 4855 2169 4936 ejus
2196 4874 2342 4917 ver-

793 4952 890 5014 bis
920 4954 983 5013 et
1009 4950 1147 5012 aliis
1199 4948 1581 5029 conjecturis
1611 4953 1675 5010 et
1702 4948 2189 5010 circumstantiis
2219 4953 2340 5010 col-

791 5045 1046 5125 ligenda
1091 5047 1203 5105 est.
1270 5042 1537 5115 Quando
1581 5042 1859 5121 legatum
1905 5045 1999 5103 est
2051 5042 2340 5103 relictum

791 5138 1092 5215 ecclesiae,
1129 5138 1227 5196 vel
1261 5154 1467 5197 causae
1500 5135 1619 5214 piae
1649 5136 1765 5196 sub
1782 5135 1970 5195 modo
1993 5135 2335 5213 obligante,

791 5232 908 5291 nisi
937 5230 1108 5292 aliud
1136 5232 1399 5291 testator
1428 5229 1838 5308 expresserit,
1893 5246 2018 5289 non
2049 5232 2340 5289 censetur

788 5324 1059 5386 voluisse
1087 5324 1257 5404 quod
1286 5327 1621 5384 revocetur
1649 5324 1926 5403 legatum
1952 5368 1968 5399 ,
2031 5321 2080 5381 si
2110 5319 2338 5382 modus

789 5436 916 5480 non
945 5421 1226 5478 servetur
1250 5463 1265 5494 ‚
1300 5422 1364 5479 et
1392 5420 1640 5479 constat
1664 5436 1742 5477 ex
1770 5435 1909 5495 cap.
1961 5415 2170 5475 Verum
2194 5461 2209 5491 ,
2268 5413 2339 5475 de

786 5510 1207 5573 conditionibus
1235 5509 1538 5593 appositis.
1596 5510 1664 5572 Si
1693 5514 1903 5572 tamen
1936 5508 2105 5569 aliud
2138 5509 2215 5568 de
2245 5512 2339 5570 te-

1984 303 2087 364 131⁴]
2127 303 2482 366 JUSTITIA
2526 305 2627 365 ΕΤ
2666 304 2867 366 JURE

2482 480 2730 544 statoris
2756 481 3078 544 voluntate
3110 485 3393 559 constet,
3439 483 3528 544 illi
3567 484 3862 545 standum
3890 489 3989 562 est,

2481 593 2626 636 cum
2657 576 2931 654 potuerit
2957 576 3145 637 etiam
3168 577 3494 638 ecclesiam
3517 577 3595 637 ad
3618 577 3680 637 id
3710 578 3992 656 obligare,

2480 672 2549 730 ut
2579 669 2818 730 notavit
2844 669 3095 732 Medina
3132 669 3202 731 dc
3228 670 3397 731 rebus
3423 672 3608 732 restit.
3644 688 3808 750 quae.
3843 688 3989 733 mv.

2480 764 2576 821 An
2605 780 2755 823 vero
2784 762 3053 824 sufficiat
3089 764 3418 842 praelatum
3446 764 3729 825 omisisse
3759 765 3992 824 modum

2479 872 2518 913 a
2541 858 2838 918 testatore
2868 855 3229 935 impositum
3251 903 3267 934 ,
3318 862 3387 918 ut
3432 858 3694 919 ecclesia
3740 857 3994 936 legatum

2478 948 2745 1026 amittat,
2777 953 3005 1012 tractat
3032 951 3260 1011 Melina
3297 951 3464 1013 dicta
3505 951 3665 1031 disp.
3702 968 3911 1012 cerm.
3942 951 3994 1012 in

2476 1042 2622 1104 fine.

2561 1137 2866 1215 Legatum
2910 1135 3199 1200 relictum
3247 1138 3329 1199 ob
3374 1156 3627 1199 causam
3663 1183 3680 1215 ,
3761 1139 3990 1219 quando

2478 1247 2668 1290 causa
2697 1248 2820 1290 non
2850 1230 3169 1307 subsistat,
3195 1250 3273 1292 an
3297 1231 3523 1308 valeat,
3550 1232 3890 1310 petendum
3914 1239 3994 1295 est

2476 1341 2552 1383 ex
2582 1322 2761 1384 dictis
2792 1322 2869 1383 de
2900 1322 3236 1384 donatione
3268 1324 3348 1385 ob
3377 1343 3631 1387 causam
3661 1344 3787 1387 non
3816 1327 3990 1386 subsi-

2474 1418 2741 1477 stentem
2771 1415 2931 1494 disp.
2964 1417 3235 1495 ptaeced.
3269 1422 3419 1479 sect.
3455 1434 3567 1479 vn.
3598 1423 3659 1480 et
3673 1419 3871 1479 videri
3897 1439 3992 1499 po-

2473 1511 2596 1569 test
2621 1509 2853 1570 Molina
2901 1510 3060 1589 disp.
3096 1527 3254 1572 cmx.
3291 1516 3355 1573 et
3382 1513 3669 1591 vasquez
3700 1531 3840 1592 cap.
3871 1529 3988 1576 vni.

2472 1602 2529 1682 §.
2563 1619 2631 1663 11.
2667 1621 2728 1664 n.
2762 1607 2860 1664 24.

3165 1908 3222 1987 ς.
3253 1911 3311 1969 2.

2473 2160 2559 2222 De
2585 2162 2775 2242 leqato
2803 2181 2877 2222 esc
2903 2180 3122 2239 etv-ore,
3155 2162 3252 2223 vel
3275 2182 3404 2224 cum
3433 2162 3874 2240 incertitudine,
3912 2163 3989 2225 vel

2812 2288 2941 2329 cum
2965 2268 3122 2350 salsa
3148 2268 3649 2332 demonstratione.

2546 2519 2808 2591 Quando
2839 2538 3014 2583 error
3029 2520 3205 2583 dedit
3229 2539 3484 2583 causam
3500 2523 3735 2603 legato,
3761 2543 3836 2585 an
3859 2543 3980 2585 een·

2463 2616 2675 2674 seatur
2700 2613 3120 2675 voluntarium
3147 2618 3211 2677 et
3235 2616 3534 2694 validum,
3568 2617 3805 2695 pendet
3827 2638 3896 2679 ex
3920 2618 3981 2678 iis

2465 2725 2606 2786 quoe
2635 2707 2799 2769 dicta
2830 2710 2976 2768 sunt
3003 2707 3162 2787 disp.
3188 2725 3339 2770 xxu.
3376 2709 3454 2770 de
3484 2704 3901 2773 contractibus
3924 2712 3976 2771 in

2464 2818 2696 2878 genere
2718 2846 2733 2877 ,
2768 2804 2918 2861 sect.
2951 2817 3038 2862 vl.
3087 2801 3165 2862 de
3193 2820 3405 2863 errore
3431 2849 3446 2879 ,
3506 2805 3606 2863 vel
3636 2804 3784 2865 dolo
3812 2805 3975 2865 dante

2464 2912 2721 2955 causam
2750 2897 3075 2956 contractu
3103 2895 3203 2954 vel
3235 2895 3590 2973 donationi,
3646 2916 3795 2958 cum
3831 2898 3976 2958 idem

2465 2987 2720 3048 omnino
2750 2987 2961 3067 quoad
3006 2987 3126 3047 hoc
3157 2988 3495 3049 dicendum
3520 2990 3602 3051 sit
3628 2990 3710 3051 de
3740 2991 3972 3070 legatis;

2462 3099 2539 3141 ac
2567 3079 2643 3140 de
2672 3080 3137 3158 donationibuS,
3161 3085 3223 3142 et
3242 3082 3664 3144 contractibus
3683 3084 3972 3164 gratuitis

2463 3177 2676 3236 Potest
2703 3178 2912 3237 autem
2956 3193 3130 3236 error
3157 3174 3537 3238 intervenire
3562 3176 3627 3238 in
3655 3177 3797 3258 ipso
3823 3178 3973 3259 lega·

2463 3274 2548 3346 to,
2581 3268 2644 3328 in
2670 3282 2793 3347 quo
2822 3271 3085 3330 testator
3111 3274 3280 3331 errat
3322 3270 3594 3349 legando
3623 3270 3851 3333 bovem
3876 3290 3974 3351 pro

2463 3380 2647 3442 eque,
2682 3362 2782 3422 vel
2823 3361 3089 3423 fundum
3123 3364 3464 3424 aratorium
3494 3383 3607 3443 pro
3637 3365 3849 3442 vinea,
3893 3366 3972 3425 vel

2461 3456 2569 3517 uni
2597 3455 2900 3535 legatario
2931 3474 3043 3534 pro
3074 3455 3218 3517 allo.
3280 3457 3628 3533 Difficultas
3673 3478 3824 3539 ergo
3869 3478 3973 3519 non

2459 3554 2574 3626 est,
2610 3548 2862 3629 quando
2893 3568 3067 3611 error
3098 3550 3282 3611 estin
3312 3550 3444 3612 solo
3477 3552 3732 3613 nomine
3761 3553 3974 3632 legata·

2455 3643 2555 3719 rii,
2588 3643 2687 3703 vel
2715 3643 2807 3703 rei
2833 3643 3057 3722 legatae
3080 3689 3096 3720 ‚
3148 3648 3394 3705 constat
3435 3647 3640 3705 tamen
3671 3646 3756 3707 de
3783 3664 3973 3725 perso-

2455 3754 2559 3813 na,
2591 3736 2691 3797 vel
2719 3754 2787 3797 re
2816 3735 2894 3795 de
2926 3754 3050 3815 qua
3078 3739 3337 3799 testator
3363 3737 3742 3817 loquebatur
3774 3760 3789 3800 :
3821 3757 3974 3800 error

2454 3831 2622 3891 enim
2651 3829 2842 3891 solius
2866 3828 3135 3890 nominis
3162 3847 3287 3891 non
3317 3830 3496 3893 vitiat
3522 3831 3970 3910 dispositionem

2453 3927 2522 3985 ut
2549 3941 2694 3984 cum
2723 3922 2859 3983 aliis
2888 3922 3117 3984 docent
3144 3924 3428 4003 Vasquez
3458 3943 3594 4004 cap.
3622 3927 3786 3988 VIII.
3816 3926 3868 4004 ἓ.
3895 3941 3966 3985 iv.

2451 4015 2601 4078 dub.
2636 4020 2692 4077 1.
2729 4019 2793 4078 et
2819 4015 3052 4077 Sanch.
3104 4015 3213 4076 lib.
3251 4018 3380 4077 vll.
3433 4017 3503 4079 de
3529 4020 3792 4081 matrim.
3826 4019 3964 4096 disp.

2448 4127 2586 4171 v111.
2620 4128 2792 4170 num.
2825 4112 2924 4171 37.
2960 4113 3023 4170 et
3046 4108 3154 4170 lib.
3191 4111 3347 4171 VIII.
3384 4109 3615 4190 disput.
3649 4128 3780 4174 xxi.
3814 4129 3963 4172 num.

2447 4205 2547 4265 37.
2583 4206 2645 4265 et
2674 4205 2917 4264 constat
2943 4221 3017 4261 ex
3045 4202 3088 4263 l.
3123 4201 3202 4262 Si
3225 4201 3355 4283 quis
3404 4202 3463 4262 in
3502 4204 3681 4283 fundi
3704 4221 3791 4266 1v.
3823 4205 3884 4264 ff.
3911 4201 3969 4262 de

2447 4296 2656 4376 leqatis
2687 4298 2742 4356 1.
2780 4295 2888 4355 ubi
2918 4295 3147 4356 dicitur
3179 4315 3192 4356 :
3256 4317 3286 4353 «
3317 4295 3381 4357 Si
3414 4296 3553 4376 quis
3582 4297 3648 4357 in
3675 4297 3851 4359 fundi
3877 4315 3966 4357 vo-

2446 4390 2668 4451 cabulo
2700 4387 3041 4466 erraverit,
3094 4391 3156 4450 et
3183 4390 3622 4451 Cornelianum
3666 4409 3781 4471 pro
3812 4394 3967 4453 Sem-

2444 4482 2748 4562 proniano
2771 4481 3210 4559 nominaverit,
3237 4482 3571 4544 debebitur
3591 4483 3965 4564 Sempronia-

2444 4593 2557 4650 no,
2607 4597 2635 4631 υ
2685 4576 2742 4653 ξ.
2778 4574 2856 4635 Si
2879 4574 3007 4656 quis
3036 4574 3097 4634 in
3127 4575 3388 4654 nomine,
3423 4576 3623 4639 Instit.
3657 4575 3730 4638 de
3757 4575 3961 4658 leqatis,

2440 4668 2549 4729 ubi
2580 4668 2808 4730 dicitur
2838 4688 2853 4730 ε
2915 4690 2943 4725 «
2974 4670 3039 4730 Si
3069 4669 3208 4749 quis
3239 4670 3304 4730 in
3338 4669 3625 4748 nomine,
3660 4670 3963 4751 cognomi-

2443 4780 2543 4838 ne,
2581 4760 2988 4839 praenomine,
3037 4763 3375 4841 agnomine
3402 4763 3691 4843 legatarii
3714 4768 3956 4827 testator

2441 4853 2762 4931 erraverit,
2790 4854 2839 4914 si
2870 4855 2948 4915 de
2979 4874 3248 4934 persona
3277 4860 3542 4934 constat,
3578 4856 3962 4919 nihilominus

2440 4946 2608 5009 valet
2633 4949 2914 5028 legatum
2970 4968 2984 5007 ε
3047 4948 3302 5010 nomina
3349 4949 3516 5009 enim
3545 4950 3962 5030 significando-

2441 5058 2581 5100 rum
2612 5040 2938 5101 hominum
2968 5042 3171 5119 gratia
3200 5047 3446 5120 reperta
3468 5047 3632 5120 sunt,
3656 5044 3761 5123 qui
3791 5044 3837 5104 si
3858 5042 3959 5102 alio

2442 5134 2723 5212 quolibet
2751 5135 2940 5195 modo
2972 5134 3420 5215 intelligantur,
3452 5136 3606 5196 nihil
3632 5138 3901 5199 interest.
3929 5158 3951 5191 n

2442 5227 2616 5299 Quod
2668 5227 2838 5287 idem
2887 5227 3130 5289 dixerat
3172 5229 3249 5290 de
3281 5229 3534 5291 nomine
3565 5230 3656 5291 rei
3684 5231 3955 5305 venditio,

2440 5320 2505 5380 in
2534 5339 2658 5400 quo
2689 5325 2971 5398 erratur,
3020 5322 3274 5401 quando
3324 5327 3538 5385 tamen
3587 5323 3667 5385 de
3715 5341 3955 5403 corpore

2438 5419 2702 5492 constat,
2736 5416 2836 5476 lex
2861 5416 2934 5476 In
2963 5415 3403 5496 venditionibus,
3436 5436 3518 5481 ix.
3555 5421 3617 5480 ff.
3652 5417 3723 5479 de
3749 5428 3956 5480 contra·

2442 5506 2629 5568 nenda
2657 5509 2960 5590 emptione.
