4263 6376
1232 315 1704 377 DISPUTATIO
1749 309 1965 393 XXIV,
2015 318 2291 379 SECTIO
2337 318 2495 380 VIII.

268 500 356 554 tre
385 492 697 572 praeterito
731 491 832 552 vel
864 491 927 551 in
955 486 1178 571 totum,
1205 497 1312 554 aut
1340 493 1403 552 in
1434 498 1676 572 partem
1707 511 1806 552 ex·

271 587 582 647 haeredato
640 586 698 644 ei
728 585 943 664 legato
964 588 1062 647 vel
1092 587 1430 648 donatione
1449 587 1686 667 aliquid
1710 606 1806 650 r-e

3333 329 3449 386 117

1981 493 2325 555 Difficultas
2355 498 2448 554 est
2475 494 2644 556 circa
2673 514 2746 556 ea
2777 515 2916 577 quae
2946 497 3096 576 filio,
3120 500 3219 560 vel
3249 505 3450 579 poste-

1903 605 1974 646 ro
2004 585 2239 646 donata
2268 587 2539 664 fuerant,
2578 606 2658 648 an
2689 590 2899 650 omnia
2928 591 3247 654 debeant
3231 612 3294 653 ιιι
3325 595 3453 654 col-

3600 507 3710 566 20¹

3503 633 3591 675 oon
3594 633 3677 674 uo
3712 635 3798 677 mio

269 681 637 758 linqueret.
686 697 838 738 nam
887 680 1315 757 compensatio
1364 681 1572 741 locum
1618 681 1808 741 habet
1903 679 2202 740 lationem
2255 698 2398 739 cum
2450 681 2588 741 aliis
2637 681 2935 744 fratribus
2961 684 3222 759 adduci;
3283 687 3452 766 quod
3527 687 3687 741 (1000(10
3719 689 3775 730 sit

272 773 346 833 ad
375 771 747 832 solvendum
778 790 893 851 pro
935 772 1255 851 legitima,
1308 774 1552 836 etiamsi
1600 777 1805 834 extra-

272 884 419 925 neus
446 865 525 925 sit
569 866 931 941 institutuS,
992 866 1280 945 quamvis
1329 867 1576 928 collatio
1625 869 1809 927 antea

272 959 547 1020 absolute
576 962 984 1037 acceptorum
1013 977 1137 1019 non
1168 959 1400 1021 habeat
1426 960 1657 1035 locum,
1691 959 1807 1019 nisi

274 1052 734 1130 comparatione
762 1051 846 1113 ad
873 1051 1030 1111 alios
1059 1056 1366 1130 posteros,
1400 1053 1626 1131 quibus
1654 1052 1811 1128 legi-

274 1146 416 1206 tima
443 1144 713 1206 debetur
737 1191 752 1222 ,
815 1163 957 1225 quae
1005 1145 1218 1205 omnia
1263 1145 1449 1206 latius
1478 1144 1711 1207 Molina
1741 1144 1802 1204 d.

273 1238 423 1317 disp.
459 1254 775 1300 ccxxxvn.

345 1332 615 1392 Infertur
636 1332 855 1412 quinto
875 1378 890 1408 ‚
926 1336 1186 1411 nepotes
1210 1377 1225 1408 ‚
1276 1330 1503 1410 quibus
1531 1331 1812 1410 legitima

273 1425 529 1485 debetur
556 1425 641 1485 ab
673 1443 815 1501 avo,
851 1425 1082 1485 debere
1114 1425 1400 1485 conferre
1431 1424 1531 1484 vel
1560 1441 1813 1502 compu-

272 1523 397 1579 tare
424 1518 487 1578 id
518 1518 692 1598 quod
722 1537 877 1578 avus
904 1518 992 1577 eis
1020 1517 1083 1577 in
1114 1517 1243 1578 vita
1271 1516 1489 1595 patriS,
1525 1523 1587 1578 et
1616 1517 1811 1596 patris

271 1611 815 1688 comtemplatione
843 1611 1123 1685 dederat,
1158 1628 1284 1671 non
1313 1609 1362 1670 si
1394 1610 1679 1689 ejusdem
1708 1628 1811 1671 ne·

155 1735 166 1748 ·
270 1704 420 1781 potis
434 1703 989 1782 comtemplatione
1001 1703 1196 1764 dedit.
1214 1702 1391 1764 Unde
1408 1702 1629 1765 merito
1642 1703 1811 1763 idem

111 4635 247 4784 ,ἕὲἓ
111 4506 181 4564 ³

271 1797 487 1859 Molina
514 1797 771 1858 dubitat
786 1797 862 1857 de
886 1797 1177 1875 aequitate
1208 1795 1539 1876 cujusdam
1560 1795 1805 1875 judicii,

271 1908 384 1968 quo
414 1894 636 1950 coacta
667 1889 788 1950 fuit
813 1889 941 1950 filia
969 1889 1254 1951 conferre
1285 1907 1430 1950 cum
1449 1889 1640 1950 fratre
1668 1908 1805 1967 suc,

271 1982 328 2042 id
355 1982 520 2061 quod
545 1982 688 2062 ejus
735 1986 915 2062 pater
962 1981 1227 2042 dederat
1268 1982 1440 2060 nepti
1481 2000 1556 2042 ex
1586 1983 1808 2042 eadem

271 2076 389 2135 filia
418 2076 477 2134 in
508 2075 730 2137 dotem
761 2075 882 2136 hoc
909 2078 1117 2154 pact0,
1152 2079 1221 2136 ut
1247 2074 1299 2134 si
1332 2075 1536 2154 neptis
1565 2093 1682 2135 avo
1714 2075 1807 2134 vi-

273 2173 447 2230 vente
477 2168 843 2245 decederet,
880 2168 958 2228 ad
989 2186 1177 2228 avum
1205 2167 1441 2229 rediret
1501 2188 1515 2228 :
1576 2168 1630 2228 si
1659 2186 1808 2229 vero

274 2262 433 2341 nepti
476 2261 958 2340 superviveret,
1014 2264 1217 2321 mater
1260 2264 1583 2322 teneretur
1628 2259 1692 2320 id
1743 2261 1806 2320 in

272 2373 439 2414 suam
467 2355 822 2432 legitimam
853 2356 1240 2433 computare,
1276 2352 1442 2432 quod
1470 2357 1808 2432 utrumque

273 2449 493 2508 fecerat
520 2448 583 2507 in
636 2447 857 2507 odium
886 2446 1064 2519 filiae3
1125 2445 1305 2525 cujus
1345 2446 1473 2506 filia
1520 2450 1656 2524 erat
1704 2446 1809 2506 illa

272 2542 482 2619 neptiS.
536 2540 722 2601 Ratio
752 2543 965 2602 autem
992 2543 1106 2616 est,
1142 2539 1291 2619 quia
1320 2543 1804 2619 quantumcum-

272 2653 383 2712 que
412 2634 685 2694 donator
733 2633 1116 2694 contrarium
1144 2632 1356 2692 verbis
1402 2634 1802 2712 exprimeret,

272 2727 329 2786 in
356 2727 616 2787 veritate
649 2731 866 2787 tamen
897 2744 1021 2786 non
1050 2724 1278 2786 intuitu
1306 2726 1524 2786 matris
1551 2772 1566 2802 ,
1601 2725 1711 2786 sed
1743 2726 1804 2785 in

273 2819 397 2898 ejus
424 2819 667 2895 odium,
702 2837 893 2898 quam
922 2837 1076 2878 avus
1107 2818 1251 2878 odio
1282 2818 1803 2897 persequebatur,

276 2914 494 2973 sactum
523 2913 736 2973 fuerat
768 2932 781 2973 :
816 2929 1010 2990 quare
1040 2911 1181 2989 cogi
1211 2930 1333 2971 non
1354 2915 1623 2991 poterat,
1649 2916 1718 2972 ut
1744 2910 1807 2971 id

274 3007 329 3066 in
357 3011 597 3084 partem
619 3025 755 3066 suae
781 3005 1079 3083 legitimae
1111 3007 1523 3082 computaret.
1584 3007 1807 3067 Utrum

274 3105 473 3160 autem
518 3100 583 3159 in
634 3098 828 3159 dubio
859 3101 1236 3158 censeantur
1262 3097 1413 3158 data
1439 3097 1667 3158 intuitu
1697 3117 1809 3177 pa-

275 3194 396 3269 tris,
428 3194 525 3254 vel
556 3193 829 3272 nepotis,
863 3195 1091 3253 tractat
1117 3192 1287 3252 idem
1315 3191 1546 3254 Molina
1574 3192 1700 3268 ibi,
1746 3193 1801 3270 ἓ.

277 3286 403 3346 De
380 3286 469 3363 tis,
502 3304 640 3367 quoe
667 3284 740 3345 ab
768 3304 900 3346 avo,

348 3382 613 3442 infertur
642 3383 859 3454 sextO,
914 3376 1147 3438 donata
1176 3377 1546 3458 nepotibuS,
1582 3378 1808 3456 quibus

275 3473 540 3551 legitima
569 3491 701 3533 non
731 3471 1035 3546 debetur,
1078 3469 1462 3530 conferenda
1490 3489 1614 3531 non
1647 3490 1803 3547 esse,

277 3566 412 3645 quia
440 3566 717 3641 collati0,
753 3567 822 3624 ut
841 3563 1131 3638 diximuS,
1166 3563 1369 3624 solum
1400 3566 1494 3623 est
1522 3563 1600 3623 de
1629 3582 1809 3623 acce-

277 3659 388 3736 ptis
412 3658 491 3718 ab
521 3658 596 3718 iis
622 3704 639 3733 ‚
696 3656 922 3737 quibus
967 3673 1043 3714 ex
1070 3655 1145 3714 iis
1173 3655 1352 3716 bonis
1381 3655 1662 3733 legitima
1692 3657 1819 3718 de-.

279 3750 467 3812 betur.
502 3754 661 3811 Cum
696 3767 846 3828 crgo
878 3747 1211 3827 nepotibus
1235 3794 1251 3823 ,
1296 3748 1544 3808 vivente
1590 3767 1808 3809 eorum

278 3848 442 3920 patre
465 3890 481 3919 ,
542 3862 671 3903 non
721 3841 1028 3902 debeatur
1071 3840 1350 3918 legitima
1397 3840 1492 3899 avi
1538 3842 1803 3919 paterni,

281 3955 393 3995 non
421 3935 655 3996 debent
700 3934 741 3994 ii
789 3937 1049 4012 nepotes
1089 3933 1153 3992 in
1184 3933 1580 3994 collationem
1611 3952 1686 3994 ca
1712 3935 1805 3994 af·

283 4029 429 4087 terre
453 4075 468 4104 ,
514 4026 764 4089 etiamsi
812 4029 1073 4104 nepotes
1121 4025 1198 4085 ab
1230 4044 1347 4085 avo
1378 4026 1803 4102 instituantur,

283 4122 435 4200 quod
479 4122 653 4182 idem
706 4124 801 4181 est
828 4120 905 4179 de
935 4137 1052 4179 avo
1082 4123 1367 4180 materno
1397 4118 1669 4181 donante
1701 4119 1809 4180 ali-

280 4233 399 4293 qua
424 4215 564 4275 filiis
593 4232 726 4274 suae
755 4213 924 4288 filiae,
966 4211 1113 4274 licet
1141 4230 1247 4273 eos
1276 4217 1497 4292 postea
1526 4211 1809 4272 haeredes

286 4307 572 4383 instituat,
608 4311 680 4367 ut
705 4324 848 4367 cum
876 4305 1196 4367 communi
1226 4305 1411 4368 docet
1425 4308 1618 4384 Vasq.
1653 4306 1714 4366 d.
1747 4307 1803 4383 ἓ.

286 4417 341 4460 v.
371 4421 430 4461 n.
466 4404 602 4461 135.

358 4495 624 4555 lnfertur
651 4491 917 4571 septimo
938 4539 954 4569 ‚
991 4493 1386 4553 collationem
1414 4492 1550 4552 fieri
1579 4493 1810 4553 debere

287 4587 474 4647 solum
502 4587 818 4649 bonorum
847 4585 1341 4664 profectitiorum
1363 4631 1378 4661 ‚
1413 4585 1475 4644 id
1505 4590 1600 4647 est
1621 4632 1636 4661 ,
1661 4575 1811 4665 'quae

288 4678 489 4755 patriS,
521 4678 582 4740 v.
615 4697 681 4757 g.
717 4678 992 4739 defuncti
1023 4697 1214 4739 causa
1238 4724 1252 4753 ,
1303 4678 1404 4737 vel
1434 4677 1513 4738 ab
1543 4697 1616 4738 eo
1648 4678 1812 4738 filius

289 4772 515 4850 accepit
547 4793 562 4834 z
597 4790 743 4831 nam
773 4771 1087 4851 peculium
1119 4774 1432 4830 castrense
1455 4816 1470 4845 ,
1523 4774 1586 4831 et
1633 4771 1810 4849 quasi

290 4871 611 4943 castrense,
649 4869 709 4925 ct
729 4865 895 4925 bona
915 4862 1258 4924 adventitia
1279 4863 1657 4924 conferenda
1688 4883 1809 4924 non

288 4962 440 5033 suut,
472 4959 622 5037 quia
652 4976 727 5018 ea
756 4957 834 5017 ad
862 4957 1060 5017 filium
1072 4955 1492 5034 pertinebant.
1529 4955 1811 5034 Requiri-

290 5054 383 5109 tur
409 5051 596 5112 etiam
620 5098 636 5127 ,
671 5050 840 5130 quod
866 5050 1035 5110 bona
1063 5048 1169 5109 illa
1197 5049 1362 5109 facta
1391 5048 1624 5110 suerint
1652 5049 1811 5109 acci-

290 5142 501 5219 pientis
530 5161 546 5206 :
575 5143 816 5204 sienim
846 5143 976 5220 ipse
999 5141 1356 5221 possidebat
1374 5142 1598 5217 solum,
1621 5145 1684 5202 et
1705 5141 1811 5201 do-

293 5236 537 5296 minium
567 5237 774 5297 adhuc
804 5254 996 5316 penes
1024 5240 1348 5314 parentem
1371 5238 1525 5311 erat,
1550 5252 1675 5295 non
1697 5234 1815 5295 crit

294 5328 524 5389 collatio
554 5331 832 5409 propria,
864 5329 974 5390 sed
996 5328 1417 5389 manifestatio
1447 5345 1665 5388 eorum
1695 5328 1809 5388 bo-

296 5440 525 5498 norum,
552 5441 692 5502 quae
722 5427 904 5483 eraut
943 5421 1219 5482 defuncti
1252 5426 1533 5499 tempore
1563 5420 1806 5497 mortiS,

298 5520 355 5574 et
378 5533 447 5574 ex
476 5517 701 5595 quibus
729 5514 1065 5579 haereditas
1093 5517 1356 5578 constat.

1907 772 2107 849 magis
2137 777 2380 849 spectat
2408 772 2485 832 ad
2517 773 2906 853 theologum,
2941 776 3089 856 quia
3118 777 3237 838 hoc
3267 786 3407 858 pert
3386 780 3452 842 t-i

1908 868 2014 924 net
2044 864 2122 923 ad
2154 865 2599 927 conscientiam
2628 867 2773 944 filii,
2825 869 2933 947 qui
2960 869 3324 950 frequenter
3348 890 3447 934 so·

1906 957 2002 1017 lus
2034 958 2172 1034 scit,
2210 977 2348 1037 quae
2368 978 2404 1018 a
2432 961 2798 1037 parentibus
2828 967 3059 1040 praeter
3083 982 3452 1026 communes

1908 1068 2215 1128 expensas
2245 1052 2598 1130 acceperit,
2650 1056 2712 1114 et
2739 1053 2985 1116 dubitat
3015 1074 3095 1117 an
3125 1075 3200 1117 ea
3230 1057 3457 1121 debeat

1908 1143 1972 1203 in
2002 1143 2334 1205 collatione
2388 1162 2533 1205 cum
2561 1144 2696 1205 aliis
2726 1146 3025 1209 fratribus
3055 1151 3279 1210 afferre
3301 1198 3315 1227 ,
3376 1151 3455 1212 de

1907 1235 2137 1314 quibus
2183 1237 2403 1315 regula
2451 1237 2822 1299 universalis
2883 1240 2999 1300 sub
3057 1241 3454 1306 distinctione

1907 1329 2072 1389 tradi
2103 1329 2299 1405 solet,
2353 1334 2421 1391 ut
2464 1331 2696 1393 donata
2746 1332 2825 1393 ob
2857 1351 3113 1395 causam
3141 1354 3214 1396 eo
3246 1337 3454 1398 animo

1908 1421 2143 1482 donata
2172 1426 2550 1483 censeantur
2577 1469 2592 1500 ,
2638 1428 2708 1486 ut
2755 1429 2974 1502 postea
3019 1428 3447 1506 conferantur,

1909 1532 2091 1575 secus
2120 1515 2199 1573 de
2230 1514 2478 1577 donatis
2509 1516 2910 1597 simpliciter,
2947 1524 3009 1581 et
3033 1539 3160 1581 non
3193 1522 3272 1583 ob
3303 1542 3453 1584 cau-

1909 1626 2044 1668 sam
2071 1607 2199 1668 filio
2229 1607 2451 1668 saltem
2481 1627 2607 1670 non
2648 1611 3064 1690 emancipatO.
3102 1616 3345 1678 Donata
3374 1617 3454 1676 ob

1910 1718 2166 1761 causam
2198 1700 2494 1762 dicuntur
2512 1748 2527 1778 ,
2564 1721 2704 1781 quae
2733 1704 2860 1763 filio
2894 1705 3210 1767 donantur
3240 1708 3320 1768 ad
3350 1709 3457 1768 ali-

1913 1793 2066 1873 quid
2095 1794 2154 1854 ei
2173 1795 2617 1872 necessarium,
2647 1796 2818 1873 utile,
2854 1801 2962 1860 aut
2982 1799 3176 1877 pium,
3198 1805 3267 1863 ut
3287 1802 3455 1880 quod

1909 1887 1972 1946 in
2003 1887 2216 1948 dotem
2236 1933 2251 1963 ,
2295 1888 2391 1947 vel
2423 1887 2503 1948 ad
2534 1889 2819 1968 nuptiaS,
2874 1891 2975 1951 vel
3006 1893 3453 1970 patrimonium

1911 1980 1992 2040 ad
2022 1980 2276 2040 ordines
2319 1998 2570 2058 sacroS,
2619 1985 2738 2043 etc.
2795 1985 3039 2046 Donata
3085 1985 3453 2065 simpliciter

1908 2077 2075 2150 sunt,
2109 2092 2250 2153 quae
2281 2092 2406 2134 non
2438 2074 2517 2134 ad
2549 2093 2655 2135 eas
2686 2094 2907 2136 causas
2932 2123 2947 2153 ,
2982 2078 3092 2138 sed
3123 2098 3199 2139 ex
3226 2079 3457 2142 libera-

1906 2167 2080 2229 litate
2112 2171 2175 2228 et
2202 2184 2278 2226 ex
2310 2167 2540 2229 affectu
2568 2168 2860 2229 donantis
2893 2188 3044 2248 erga
3072 2171 3270 2231 filium
3291 2219 3306 2248 ,
3355 2172 3453 2232 vel

1909 2259 2204 2338 precibus
2234 2259 2382 2335 filii,
2414 2263 2524 2320 aut
2553 2260 2818 2321 aliorum
2847 2260 3184 2327 donantur.
3249 2265 3452 2324 Prima

1908 2370 2054 2431 pars
2083 2352 2449 2431 intelligitur
2470 2399 2486 2429 ,
2521 2354 2775 2432 quando
2807 2371 2932 2414 non
2962 2359 3208 2418 constat
3237 2357 3314 2417 de
3343 2377 3456 2418 vo-

1906 2445 2147 2506 luntate
2178 2444 2490 2521 donantiS,
2526 2446 2635 2524 qui
2665 2446 2862 2507 voluit
2903 2465 2977 2507 ea
3005 2466 3130 2508 non
3159 2450 3449 2526 conferri,

1909 2543 1972 2598 et
2000 2537 2305 2616 probatur
2333 2557 2409 2597 ex
2436 2538 2710 2600 Authen.
2744 2538 2853 2598 Ex
2881 2537 3217 2601 testamento
3236 2588 3252 2618 ,
3287 2544 3353 2603 C.
3386 2542 3456 2603 de

1909 2631 2043 2707 coll,
2079 2650 2156 2689 ex
2182 2631 2224 2692 1.
2260 2648 2301 2692 1.
2338 2632 2401 2692 ff.
2455 2630 2525 2691 de
2552 2629 2685 2692 don.
2724 2633 2945 2711 juncta
2972 2635 3013 2696 l.
3052 2633 3200 2696 Cum
3228 2635 3448 2712 multoe,

1907 2726 1968 2802 ἓ.
2004 2723 2314 2783 Sanc-imus
2343 2723 2541 2805 itaque
2564 2770 2580 2800 ,
2635 2726 2700 2786 C.
2747 2722 2817 2784 de
2843 2724 2976 2787 don.
3029 2736 3164 2787 ante
3190 2728 3448 2808 nuptias,

1909 2817 2089 2879 Unde
2119 2817 2366 2879 collatio
2398 2817 2685 2877 facienda
2717 2823 2832 2894 est,
2858 2818 3003 2880 licet
3029 2819 3159 2897 ipse
3180 2821 3344 2880 filius
3375 2821 3454 2883 sit

1908 2911 2227 2971 institutus
2258 2910 2457 2969 haeres
2486 2910 2549 2969 in
2582 2929 2695 2970 sua
2723 2910 3023 2988 legitima,
3071 2916 3132 2972 et
3178 2912 3323 2974 licet
3342 2914 3451 2973 filii

1907 3003 1970 3062 in
1982 3002 2373 3081 portionibus
2394 3003 2806 3082 inaequalibus
2833 3004 3096 3066 instituti
3128 3006 3270 3082 sint,
3299 3006 3448 3067 dum

1909 3099 2086 3175 pater
2114 3096 2501 3156 contrarium
2533 3114 2655 3156 non
2687 3089 3175 3174 significaverit,
3209 3104 3278 3160 ut
3306 3118 3450 3160 cum

1908 3188 2044 3249 aliis
2075 3187 2369 3251 observat
2396 3192 2586 3268 Vasq.
2639 3209 2745 3251 nu.
2791 3194 2927 3253 140.
2981 3193 3273 3254 Secunda
3299 3213 3449 3254 vero

1907 3300 2052 3360 pars
2081 3281 2160 3341 de
2189 3281 2525 3342 donatione
2557 3282 2821 3360 simplici
2852 3283 3158 3361 probatur
3186 3304 3262 3344 ex
3290 3286 3330 3346 1.
3367 3287 3448 3346 Il-

1906 3375 2013 3434 lud
2037 3421 2053 3450 ,
2103 3376 2159 3451 §.
2195 3394 2339 3453 pen.
2375 3378 2436 3435 et
2463 3375 2574 3435 ult.
2611 3377 2676 3436 C.
2711 3374 2781 3436 de
2798 3374 2933 3436 don.
2985 3396 3059 3437 ex
3107 3398 3231 3458 qua
3262 3379 3449 3441 ctiam

1908 3470 2172 3543 constat,
2208 3466 2516 3545 ejusmodi
2539 3467 2944 3529 donationem
2959 3471 3308 3549 simplicem
3338 3472 3450 3531 de-

1906 3560 2055 3620 bere
2086 3560 2358 3620 conferri
2386 3562 2636 3639 quando
2682 3562 2787 3621 alii
2819 3562 3271 3624 descendentes
3301 3583 3451 3625 con-

1906 3653 2069 3714 ferre
2115 3652 2418 3713 deberent
2458 3652 2693 3713 donata
2739 3654 2856 3715 sibi
2906 3656 2986 3716 ι)1)
3027 3675 3317 3732 causam,
3369 3658 3447 3717 de

1908 3763 2031 3824 quo
2063 3745 2471 3805 donationum
2500 3764 2731 3823 genere
2761 3752 2976 3825 postea
3006 3748 3362 3809 dicendum.

1988 3838 2390 3898 Deveniendo
2422 3856 2571 3915 ergo
2604 3838 2685 3897 ad
2716 3839 3119 3916 particularia
3140 3887 3156 3917 ,
3190 3841 3326 3901 hmo
3355 3861 3447 3902 re-

1907 3931 2057 4009 gula
2084 3948 2213 4009 prae
2245 3930 2439 3991 oculis
2470 3930 2761 3991 habenda
2789 3935 2902 4008 est,
2928 3937 3077 3993 tunc
3097 3934 3232 3994 illas
3257 3934 3449 3995 dona-

1907 4025 2109 4086 tiones
2139 4022 2548 4085 conferendas
2579 4042 2704 4083 non
2735 4042 2889 4101 esse,
2925 4027 3176 4105 quando
3208 4028 3450 4088 donan-

1911 4118 1986 4179 tis
2018 4118 2265 4178 animus
2294 4117 2428 4194 fuit,
2464 4120 2673 4179 utnon
2695 4118 3148 4195 conferrentur,
3174 4124 3236 4182 et
3256 4121 3448 4181 aliun-

1910 4211 1987 4271 de
2020 4210 2263 4272 donans
2292 4210 2426 4270 sine
2456 4210 2685 4289 injuria
2706 4256 2721 4287 ‚
2771 4215 2880 4273 aut
2902 4213 3266 4291 praejudicio
3295 4214 3450 4291 legi-

1907 4305 2075 4366 timae
2125 4303 2264 4364 aliis
2324 4304 2468 4364 filiis
2516 4303 2743 4365 debitae
2800 4310 3048 4383 poterat
3103 4307 3448 4367 secundum

1910 4417 2089 4459 suum
2123 4400 2357 4457 statum
2384 4397 2520 4457 illas
2552 4396 2822 4458 donare:
2857 4399 3006 4477 quia
3027 4399 3187 4461 sicut
3205 4403 3452 4478 poterat

1910 4491 2148 4551 donare
2180 4494 2475 4551 extraneo
2496 4535 2511 4565 ,
2557 4490 2759 4567 potuit
2786 4493 2850 4551 et
2873 4492 3001 4552 filio
3031 4493 3267 4572 absque
3298 4493 3448 4553 obli-

1909 4585 2161 4663 gatione
2191 4582 2512 4643 deferendi
2539 4588 2756 4662 postea
2783 4584 2864 4644 ad
2894 4603 3292 4657 communem
3323 4585 3446 4645 col-

1910 4677 2231 4737 lationem.

1992 4769 2171 4831 Unde
2202 4768 2465 4829 infertur
2490 4770 2693 4848 primo
2719 4815 2733 4844 ‚
2781 4768 2932 4848 quid
2982 4769 3320 4831 dicendum
3367 4770 3448 4831 sit

1912 4862 1988 4923 de
2019 4862 2166 4923 dote
2195 4862 2336 4922 filia}
2368 4861 2536 4937 data,
2571 4867 2679 4923 aut
2707 4862 3035 4941 promissa,
3062 4861 3139 4922 de
3159 4881 3282 4942 qua
3306 4880 3451 4922 con-

1915 4955 2172 5017 veniunt
2200 4957 2327 5016 DD.
2363 4954 2808 5016 conferendam
2839 4973 3012 5030 esse,
3060 4955 3178 5015 nisi
3207 4955 3447 5017 donans

1913 5048 2296 5109 contrarium
2326 5047 2620 5121 voluerit;
2655 5047 2703 5107 si
2735 5051 2948 5107 autem
2979 5050 3073 5108 est
3101 5048 3442 5125 excessiva,

1913 5140 2103 5202 etiam
2120 5141 2254 5218 ipso
2276 5141 2659 5202 contrarium
2680 5140 2927 5200 volente
2947 5141 3303 5201 revocanda
3330 5144 3447 5218 est,

1911 5237 2221 5313 quatenus
2266 5239 2360 5296 est
2402 5233 2746 5294 inofficiosa
2783 5233 2917 5291 aliis
2945 5232 3108 5294 filiis.
3166 5236 3263 5293 An
3302 5252 3454 5295 vero

1912 5332 2115 5389 stante
2164 5326 2562 5388 matrimonio
2606 5325 2958 5403 ‘repetenda
3003 5325 3083 5386 sit
3128 5343 3165 5385 a
3201 5327 3450 5403 marit0,

1914 5420 2185 5480 diximus
2215 5439 2426 5499 supra,
2459 5437 2604 5480 cum
2623 5419 2769 5480 dote
2786 5422 3228 5497 computantur
3246 5419 3455 5498 quoad

1915 5513 2083 5574 hunc
2112 5514 2425 5590 effectum,
2461 5531 2601 5592 quae
2631 5511 2756 5573 filio
2780 5510 3009 5573 dantur
3028 5512 3110 5573 ad
3141 5512 3455 5573 matrimo-

3520 740 3781 785 conferenda.

3594 4784 3710 4844 202

3497 4909 3557 4962 Qu
3560 4909 3660 4951 idda
3680 4909 3733 4951 do
3735 4914 3791 4961 te,

3551 4968 3619 5005 tut
3646 4963 3741 5004 aliis

3512 5024 3702 5071 ιιιιιριιι
3649 5015 3738 5057 nubis
3758 5028 3782 5061 a

3511 5083 3562 5126 pa
3541 5070 3684 5113 anu-er
3686 5070 3779 5112 clio.
