4263 6376
602 3751 673 3809 17

541 3871 609 3918 Aa
628 3873 750 3916 detur

497 3934 596 3970 tunc
622 3939 796 3983 perrun-

498 3982 599 4024 tatio
612 3981 796 4023 virtualis

825 308 942 369 394

831 482 965 556 nia3
999 484 1106 544 sed
1137 484 1371 564 requiri
1401 485 1569 565 quod
1599 487 2036 550 consideretur
2065 492 2137 549 ut
2162 506 2360 564 merx,

832 578 1021 655 atque
1049 575 1231 653 adeo,
1265 577 1433 655 quod
1453 577 1830 641 interveniat
1848 579 2057 658 aliqua
2077 581 2367 661 explicita

833 668 930 728 vel
960 668 1261 748 implicita
1290 671 1665 749 permutatio
1685 718 1699 746 ‚
1735 691 1860 751 qua
1887 674 2071 734 simul
2099 674 2369 753 pecunia

832 762 967 840 ipsa
998 766 1389 840 permutetur
1431 764 1816 840 formaliter,
1870 767 1968 826 rel
2014 766 2369 828 virtualiter

832 872 975 916 cum
1005 854 1274 934 pecunia
1301 855 1578 917 inferiori
1609 875 1754 927 cum
1781 859 1979 935 luem,
2014 879 2089 919 ex
2117 878 2244 939 qua
2265 878 2369 939 pe-

833 946 1019 1007 cunia
1046 947 1324 1008 inferiori
1355 953 1685 1011 censeatur
1729 952 1863 1012 fieri
1893 951 2153 1029 solutio,
2204 971 2266 1012 v.
2300 970 2362 1031 g.

833 1039 881 1100 si
914 1039 1107 1100 debes
1134 1038 1304 1100 mille
1331 1046 1665 1118 argenteos
1695 1044 1903 1119 Petr0,
1934 1048 2113 1123 potes
2145 1062 2253 1105 eos
2282 1044 2368 1104 illi

833 1132 1057 1192 offerre
1085 1132 1147 1192 in
1178 1140 1463 1211 argento,
1498 1138 1562 1195 et
1589 1135 1773 1196 simul
1801 1136 2032 1212 diccre,
2069 1136 2120 1196 si
2152 1138 2267 1213 vis,
2302 1141 2371 1199 ut

832 1225 1073 1285 solvam
1102 1224 1162 1284 in
1196 1243 1373 1302 auro,
1405 1232 1702 1306 computa
1731 1246 1841 1305 pro
1871 1228 2135 1307 singulis
2163 1229 2370 1291 aureis

833 1316 1169 1378 duodecim
1201 1324 1533 1396 argenteos
1562 1337 1638 1379 ex
1666 1320 1740 1380 iis
1760 1366 1777 1396 ,
1812 1339 1970 1400 quos
1999 1322 2110 1382 tibi
2141 1322 2365 1398 debeo,

832 1409 979 1470 licet
1007 1409 1071 1468 id
1100 1409 1181 1471 sit
1199 1428 1390 1489 supra
1409 1412 1688 1472 valorem
1715 1413 1983 1491 legalem
2005 1432 2365 1475 aureorum.

837 1501 1015 1575 Quod
1047 1501 1214 1561 idem
1239 1503 1372 1563 fleri
1395 1508 1620 1582 potest,
1653 1505 1703 1565 si
1727 1524 1899 1565 emas
1923 1505 2181 1566 domum
2199 1506 2369 1566 mille

834 1595 1171 1673 argenteis,
1187 1594 1529 1658 dummodo
1545 1599 1894 1675 paratussis
1907 1618 2014 1660 eos
2027 1598 2088 1658 in
2108 1604 2368 1678 argento

836 1686 1077 1747 solvere
1100 1732 1117 1762 ,
1151 1691 1221 1749 ut
1247 1706 1538 1767 expresse
1568 1690 1881 1751 concessit
1906 1692 2106 1753 Tolet.
2160 1692 2267 1752 lib.
2305 1707 2364 1753 v.

836 1795 1082 1839 summa
1111 1797 1165 1841 c.
1202 1797 1279 1841 ιι.
1335 1787 1397 1844 et
1440 1782 1501 1841 in
1550 1786 1818 1863 utroque
1863 1802 2013 1843 casu
2043 1784 2373 1845 intercedit

834 1873 1211 1951 permutatio
1240 1873 1523 1936 virtualis
1551 1875 1686 1937 auri
1708 1894 1821 1954 pro
1843 1882 2128 1954 argento,
2163 1877 2225 1936 in
2248 1894 2371 1957 qua

837 1965 1075 2025 nummi
1105 1965 1276 2026 aurei
1309 1986 1429 2027 non
1463 1969 1943 2031 considerantur
1971 1969 2263 2048 praecise,
2304 1972 2374 2030 ut

837 2059 1100 2137 pecunia
1111 2105 1126 2134 ,
1144 2059 1255 2120 sed
1276 2064 1342 2121 ut
1356 2078 1529 2121 merx
1548 2079 1688 2140 quae
1702 2061 2033 2124 daturloco
2046 2065 2371 2140 argenteo-

838 2168 978 2211 rum
993 2151 1370 2214 debitorum.
1406 2153 1470 2215 Si
1500 2154 1666 2214 enim
1683 2154 2158 2216 considerentur
2170 2154 2373 2215 solum

841 2246 909 2304 ut
934 2244 1203 2323 pecunia
1226 2289 1242 2321 ,
1275 2263 1399 2306 non
1429 2246 1665 2307 habent
1693 2247 1886 2307 alium
1914 2247 2217 2321 valorem,
2255 2246 2372 2307 nisi

838 2335 976 2413 lege
996 2340 1298 2413 taxatum,
1333 2356 1450 2398 nec
1479 2341 1691 2416 posset
1712 2339 1851 2417 plus
1866 2358 1979 2419 pro
2004 2339 2126 2400 illis
2147 2339 2367 2418 accipi.

839 2428 1019 2490 Unde
1047 2429 1272 2506 infero,
1306 2429 1548 2490 etiamsi
1571 2449 1693 2492 non
1724 2431 2107 2510 intelligatur
2126 2450 2374 2511 permu-

838 2521 990 2583 tatio
1020 2521 1305 2583 virtualis
1334 2523 1468 2584 auri
1491 2542 1604 2603 pro
1636 2528 1919 2602 argento,
1955 2543 2136 2603 posse
2166 2524 2407 2585 adhuc·

838 2613 1005 2694 ipsos
1061 2632 1286 2675 aureos
1341 2616 1725 2677 considerari
1784 2621 1853 2677 ut
1902 2635 2178 2678 mercem
2234 2635 2374 2696 quoe

839 2711 1260 2768 commutetur
1296 2725 1409 2786 pro
1440 2707 1650 2769 debito
1699 2707 1869 2768 mille
1907 2713 2370 2788 argenteorum,

839 2798 936 2858 vel
954 2817 1067 2877 pro
1098 2798 1285 2860 domo
1320 2818 1337 2862 ε
1369 2804 1431 2861 et
1451 2806 1599 2862 tunc
1619 2800 1807 2861 etiam
1819 2806 2025 2881 potest
2047 2801 2285 2863 attendi
2311 2802 2372 2861 in

839 2891 1114 2951 nummis
1140 2891 1350 2952 aureis
1379 2893 1554 2953 valor
1574 2894 1893 2970 naturalis,
1928 2912 2116 2973 quem
2144 2894 2378 2955 hahent

842 2983 957 3044 sub
998 2983 1240 3045 ratione
1269 2984 1519 3046 mercis.
1567 2986 1864 3058 Quamvis
1902 2992 2113 3048 autem
2145 3004 2268 3047 non
2297 2986 2378 3047 sit

840 3079 990 3136 tunc
1019 3076 1272 3155 propria
1302 3077 1536 3154 emptio
1565 3077 1820 3154 domus,
1864 3097 2009 3140 cum
2038 3096 2163 3139 non
2193 3078 2379 3140 detur

840 3186 955 3248 pro
985 3168 1173 3230 domo
1198 3168 1464 3248 pecunia
1482 3169 1828 3232 formaliter
1856 3175 1926 3233 ut
1943 3172 2235 3251 pecunia,
2264 3171 2374 3233 sed

840 3265 912 3323 ut
936 3279 1113 3323 merx
1146 3281 1161 3321 :
1210 3261 1328 3324 erit
1354 3267 1565 3324 tamen
1596 3265 1972 3342 permutatio
1999 3314 2015 3341 ,
2067 3266 2167 3326 vel
2198 3264 2376 3345 quasi

840 3355 1244 3436 permutatio,
1270 3355 1448 3433 cujus
1461 3356 1705 3436 justitia
1731 3375 1851 3418 non
1877 3362 1971 3419 est
1989 3359 2380 3419 desumenda

842 3467 920 3510 ex
947 3448 1159 3510 valore
1185 3449 1372 3528 legali
1391 3451 1697 3529 pecuniae,
1731 3450 1840 3511 sed
1863 3469 1939 3511 ex
1966 3452 2377 3514 aestimatione

843 3542 1137 3618 naturali,
1172 3560 1360 3621 quam
1380 3544 1644 3622 pecunia
1666 3562 1855 3603 aurea
1880 3544 2090 3620 habet,
2116 3550 2185 3606 ut
2205 3564 2380 3606 merx

844 3640 960 3698 est.

924 3728 1033 3790 His
1062 3748 1211 3809 ergo
1243 3730 1601 3808 suppositiS,
1635 3729 1698 3790 in
1730 3731 1955 3810 quibus
1986 3750 2206 3792 omnes
2236 3750 2380 3793 con-

843 3821 1059 3884 venire
1089 3823 1403 3900 videntur,
1450 3824 1575 3884 imo
1606 3828 1669 3884 et
1695 3824 1829 3903 ipse
1860 3825 2073 3896 Salas;
2109 3843 2236 3885 non
2266 3842 2379 3903 po-

846 3920 966 3976 test
990 3921 1228 3978 restare
1258 3917 1563 3979 dissensio
1588 3964 1604 3993 ,
1657 3917 1776 3977 nisi
1817 3917 1898 3978 ad
1940 3936 2258 3978 summum
2301 3936 2381 3978 an

846 4008 1100 4086 quando
1147 4028 1260 4087 pro
1298 4029 1366 4070 re
1395 4009 1575 4089 cujus
1603 4009 1782 4071 valor
1807 4010 1947 4088 lege
1978 4011 2076 4070 vel
2107 4010 2380 4071 aestima·

844 4101 1015 4161 tione
1043 4101 1212 4180 vulgi
1257 4107 1404 4164 sunt
1449 4103 1781 4163 duodecim
1823 4103 2141 4180 argentei,
2199 4103 2384 4164 datur

847 4211 1141 4254 nummus
1171 4213 1420 4269 aureus,
1455 4193 1633 4273 cujus
1658 4195 1836 4255 valor
1861 4194 2079 4273 legalis
2103 4198 2251 4256 sunt
2272 4213 2384 4256 un-

847 4285 1052 4346 decim
1083 4286 1398 4365 argentei;
1432 4285 1818 4365 intelligatur
1845 4305 2097 4366 semper
2115 4306 2251 4349 esse
2280 4288 2385 4348 illa

847 4381 1224 4459 permutatio
1256 4379 1539 4440 virtualis
1567 4379 1703 4441 auri
1724 4398 1838 4459 pro
1860 4381 2177 4458 argenteis
2199 4380 2383 4460 justi-

846 4475 1042 4534 ficans
1067 4473 1314 4535 lucrum
1345 4477 1672 4552 acceptum
1700 4491 1892 4553 supra
1910 4473 2191 4534 valorem
2218 4475 2386 4553 lega-

846 4566 994 4626 lem.
1041 4567 1109 4626 In
1143 4584 1264 4646 quo
1298 4584 1423 4627 non
1457 4570 1826 4643 potestesse
1854 4584 2087 4644 magna
2117 4566 2387 4627 difficul-

847 4664 984 4730 tas;
1018 4658 1166 4737 quia
1194 4676 1336 4719 cum
1366 4659 1626 4721 intentio
1657 4660 2085 4720 contrahentis
2126 4659 2209 4720 sit
2252 4660 2383 4719 exi-

847 4768 1001 4830 gere
1048 4751 1291 4811 lucrum
1322 4750 1476 4810 illud
1525 4769 1598 4811 eo
1628 4750 1850 4828 titulo,
1912 4755 1973 4812 et
2018 4752 2211 4812 modo
2261 4771 2385 4832 quo

847 4843 1015 4903 licite
1071 4848 1276 4921 potest
1302 4889 1317 4918 ,
1376 4847 1440 4903 ct
1494 4843 1652 4904 sciat
1698 4843 1975 4904 valorem
2030 4845 2387 4905 naturalem

853 4935 1092 4995 nummi
1123 4935 1292 4995 aurei
1340 4953 1474 4994 esse
1523 4935 1828 5016 majorem
1873 4954 2063 5015 quam
2092 4935 2382 5013 legalem,

852 5048 975 5088 uon
1031 5032 1239 5107 potest
1292 5028 1566 5089 dubitari
1625 5028 1794 5107 quod
1852 5028 1982 5108 ipse
2040 5029 2193 5089 velit
2235 5028 2387 5089 dare

854 5139 1179 5181 nummum
1229 5139 1490 5181 aureum
1543 5121 1927 5182 attendendo
1982 5120 2062 5180 ad
2112 5122 2389 5181 valorem

854 5214 1207 5275 naturalem
1238 5260 1254 5290 ‚
1313 5218 1378 5275 et
1427 5233 1539 5292 per
1568 5233 1960 5293 consequens
2000 5214 2079 5273 ad
2108 5215 2388 5276 radicem

842 5306 1019 5366 -illius
1050 5325 1189 5385 quae
1220 5325 1347 5367 non
1376 5309 1575 5368 oritur
1604 5307 1861 5385 praecise
1902 5326 1977 5367 ex
2012 5308 2252 5368 ratione
2282 5327 2392 5386 pe-

855 5398 1078 5475 cuniae,
1109 5399 1220 5459 sed
1252 5419 1324 5459 ex
1356 5400 1637 5460 materioe
1668 5400 1766 5460 vel
1795 5401 2259 5461 commoditatis
2291 5420 2390 5461 ex-

853 5510 1055 5567 cessu,
1114 5497 1306 5572 atquc
1362 5493 1521 5553 adeo
1577 5512 1700 5553 non
1731 5493 1866 5555 vult
1920 5493 2069 5553 dare
2128 5512 2390 5554 aureum

1988 312 2089 371 DF}
2131 312 2490 373 JUs'rl'rlA
2534 311 2636 371 ET
2677 310 2876 372 JURE

2464 504 2792 548 nummum
2839 486 3042 547 solum
3083 491 3152 548 ut
3176 486 3507 566 pecuniam
3532 530 3550 561 2
3601 484 3708 544 sed
3751 482 3888 542 sub
3935 497 4012 539 ea

2463 580 2965 642 consideratione
2989 623 3008 656 ,
3065 579 3181 639 sub
3230 597 3355 658 qua
3397 578 3538 657 plus
3583 574 4015 638 communiter

2463 673 2651 749 valet,
2686 677 2749 734 et
2767 672 2961 751 pluris
2981 672 3347 733 aestimatur.
3380 670 3678 744 Quamvis
3696 685 3859 746 ergo
3887 683 4010 726 non

2465 765 2775 848 possimus
2821 765 2958 843 plus
3007 764 3256 841 exigere
3298 781 3490 842 supra
3531 762 3802 840 legalem
3833 757 4015 817 valo·

2464 875 2601 918 rem
2628 858 2692 916 in
2713 857 2932 918 ordine
2963 856 3044 916 ad
3073 855 3374 916 solvenda
3394 854 3628 929 debita,
3664 860 3725 914 et
3742 851 3830 912 ad
3855 849 4016 911 alios

2463 954 2823 1011 contractus
2867 948 3153 1027 cogendo
3182 994 3198 1023 ,
3249 953 3322 1009 ut
3365 966 3477 1027 pro
3526 944 3751 1024 majori
3783 943 4015 1002 valore

2464 1042 2844 1122 accipiatur;
2905 1058 3237 1121 possumus
3282 1045 3496 1101 tamen
3550 1040 3696 1119 plus
3747 1036 4017 1113 exigere

2465 1136 2654 1196 etiam
2681 1135 2761 1212 {in
2788 1133 3105 1195 solvendis
3133 1132 3381 1209 debitis,
3433 1132 3533 1191 vel
3581 1131 3648 1190 in
3679 1127 4018 1206 emptione

2468 1228 2732 1288 aliarum
2761 1243 2993 1302 rerum,
3027 1225 3277 1305 quando
3306 1224 3601 1299 creditor,
3635 1222 4018 1282 velcoutra-

2465 1319 2622 1380 heus
2649 1322 2982 1379 contentus
3010 1321 3105 1377 est
3147 1320 3208 1376 et
3233 1320 3457 1394 sponte
3486 1332 3601 1393 pro
3631 1311 3878 1391 majori
3909 1310 4019 1369 illo

2465 1411 2680 1473 valore
2709 1410 2972 1489 accipit,
3025 1408 3174 1487 quia
3219 1426 3343 1469 non
3388 1412 3526 1468 erat
3551 1404 3864 1482 obligatio
3895 1401 4022 1462 sol-

2466 1504 2655 1565 vendi
2684 1503 2770 1563 illi
2798 1503 2864 1563 in
2890 1502 2998 1564 tali
3027 1506 3299 1578 moneta,
3329 1500 3441 1561 sed
3471 1502 3725 1579 poterat
3747 1495 3927 1556 solvi
3957 1494 4020 1553 in

2467 1597 2593 1659 alia
2618 1596 2919 1657 inferiori.

2551 1689 2842 1752 Secundo
2871 1687 3297 1766 principaliter
3324 1686 3493 1747 circa
3521 1684 3642 1746 hoc
3663 1684 3890 1763 ipsum
3909 1680 4021 1741 du·

2467 1782 2660 1844 bitari
2684 1781 2873 1854 solet,
2922 1799 3001 1840 an
3032 1781 3113 1841 sit
3136 1780 3354 1842 titulus
3375 1779 3582 1858 justus
3606 1777 3690 1836 ad
3720 1775 4021 1836 dandum
4111 1790 4185 1851 Μ

2470 1893 2583 1954 pro
2612 1874 2824 1953 aliqua
2851 1878 3103 1935 moneta
3131 1873 3339 1933 minus
3357 1919 3373 1948 ,
3405 1889 3595 1951 quam
3622 1870 3707 1932 sit
3732 1870 3888 1948 ejus
3916 1884 4022 1925 va·
4082 1860 4185 1949 ,2¹2

2468 1969 2565 2030 lor
2591 1967 2844 2045 legalis,
2889 1967 2942 2026 si
2969 1967 3268 2028 timeatur
3294 1964 3621 2025 diminutio
3650 1961 3906 2023 valoris
3937 1961 4026 2019 le-
4067 1963 4185 2059 τε

2468 2060 2627 2140 galis
2655 2061 2867 2121 futura
2906 2059 2968 2118 in
3011 2058 3120 2120 tali
3149 2062 3424 2119 moneta.
3474 2059 3609 2117 Non
3655 2060 3754 2116 est
3798 2059 4024 2116 autem

2470 2172 2636 2214 nunc
2664 2168 2869 2212 sermo
2894 2197 2910 2227 ‚
2962 2151 3215 2231 quando
3245 2150 3521 2211 edictum
3548 2148 3627 2208 de
3655 2145 4022 2207 minuendo

2468 2246 2680 2308 valore
2707 2248 2979 2306 monetae
3007 2245 3242 2305 facturn
3286 2247 3351 2304 et
3378 2261 3500 2303 non
3530 2240 4026 2319 promulgatam

2470 2338 2785 2401 occultum
2832 2337 3041 2399 adhuc
3088 2342 3215 2409 est;
3275 2354 3400 2416 quo
3455 2353 3598 2396 casu
3659 2351 3740 2393 an
3791 2332 3916 2412 qui
3968 2331 4028 2390 id

2470 2432 2677 2494 sciunt
2701 2430 2946 2510 possint
2974 2448 3050 2490 ea
3075 2430 3300 2491 notitia
3327 2429 3416 2490 uti
3446 2428 3526 2488 ad
3556 2424 4029 2505 expendendas

2470 2525 2770 2603 pecunias
2798 2541 2943 2583 suas
2971 2522 3093 2584 cito
3117 2568 3134 2599 ,
3192 2526 3532 2600 antequam
3558 2520 3850 2580 edictum
3889 2535 4031 2597 pno-

2471 2616 2808 2695 mulgetur,
2842 2615 3114 2676 diximus
3141 2634 3277 2694 sup.
3326 2614 3489 2693 disp.
3522 2629 3691 2673 xxvr.
3724 2610 3807 2671 de
3837 2619 4023 2690 capt.

2470 2717 2527 2771 et
2552 2708 2719 2769 vend.
2752 2712 2904 2769 sect.
2930 2724 3067 2769 vm.
3101 2708 3225 2770 Sed
3249 2725 3415 2768 nunc
3439 2706 3781 2785 loquimur,
3825 2723 4031 2783 quan·

2472 2803 2555 2864 do
2602 2801 2806 2862 edicto
2850 2801 3132 2861 nondum
3173 2801 3377 2875 facto,
3435 2798 3619 2859 timor
3666 2797 4032 2876 probabilis

2475 2900 2607 2971 est,
2646 2898 2710 2956 et
2735 2894 3085 2955 communis
3132 2893 3209 2953 de
3249 2892 3663 2953 diminutione
3694 2891 4028 2950 facienda.

2476 2991 2608 3062 Quo
2650 3006 2798 3049 casu
2829 2989 2955 3049 DD.
2987 2986 3374 3065 respondent
3400 2984 3834 3047 communiter
3863 2983 4034 3044 licite

2474 3100 2656 3162 posse
2683 3080 2886 3160 accipi
2912 3078 3212 3159 pecunias
3241 3079 3380 3139 illas
3407 3096 3521 3157 pro
3549 3077 3782 3137 minori
3805 3077 4032 3136 valore

2474 3193 2664 3255 quam
2705 3173 2786 3235 sit
2819 3171 3039 3252 legalis
3075 3192 3088 3233 :
3137 3171 3287 3251 quia
3316 3170 3504 3234 timor
3533 3169 3634 3230 ille
3661 3169 4035 3232 communis

2476 3268 2557 3329 de
2585 3266 2996 3328 diminutione
3037 3265 3249 3326 futura
3278 3265 3429 3325 facit
3448 3264 3582 3345 jam
3624 3281 3802 3324 nunc
3836 3282 4037 3342 pecu·

2477 3361 2646 3422 niam
2674 3359 2933 3420 minoris
2960 3358 3230 3419 valoris:
3265 3358 3428 3418 sicut
3454 3357 3724 3437 pecunia
3750 3374 3918 3435 quae
3947 3363 4034 3416 est

2476 3454 2541 3515 in
2571 3456 2940 3532 tempestate
2969 3456 3081 3513 aut
3108 3449 3296 3511 simili
3324 3449 3600 3529 periculo
3619 3496 3633 3524 ‚
3667 3448 3900 3509 minus
3929 3467 4037 3508 va-

2478 3546 2568 3607 let
2594 3550 2660 3607 et
2686 3545 2810 3606 emi
2839 3548 3048 3623 potest
3097 3542 3322 3603 minori
3357 3541 3572 3602 valore
3599 3559 3798 3619 quam
3832 3542 3926 3602 sit
3952 3542 4038 3601 le-

2479 3639 2658 3718 galis.
2694 3640 2789 3700 Ita
2817 3637 3049 3699 Media.
3085 3655 3190 3715 qu.
3227 3653 3321 3698 111.
3353 3634 3422 3695 de
3451 3632 3635 3694 camb.
3669 3635 3729 3713 §-
3755 3634 3886 3695 ult.
3913 3636 4036 3696 Mo—

2479 3733 2588 3794 lin.
2622 3731 2784 3811 disp.
2816 3734 2956 3792 401.
2993 3747 3163 3789 num.
3197 3731 3258 3789 3.
3294 3728 3473 3790 Salas
3500 3727 3647 3787 dub.
3689 3743 3776 3786 Π.
3819 3727 3894 3786 in
3925 3728 4032 3786 fin.

2481 3825 2598 3898 Qui
2628 3823 3002 3898 advertunt,
3056 3822 3308 3883 interim
3350 3821 3500 3880 dum
3529 3819 3825 3898 pecuniae
3859 3821 4040 3880 valor

2479 3918 2732 3997 publica
2762 3915 3131 3977 auctoritate
3171 3915 3540 3975 imminutus
3587 3911 3889 3972 nondum
3919 3921 4035 3974 est.

2482 4011 2650 4070 licite
2679 4009 2948 4086 expendi
2992 4013 3055 4068 et
3090 4007 3226 4068 dari
3268 4024 3451 4086 posse
3483 4023 3595 4082 pro
3634 4005 3903 4082 integro
3935 4024 4042 4065 va-

2481 4103 2615 4163 lore
2669 4101 2889 4179 legali,
2949 4118 3094 4160 cum
3150 4099 3358 4158 adhuc
3412 4116 3557 4157 eum
3611 4097 3906 4159 retineat
3962 4099 4040 4157 ad

2484 4195 2652 4256 hunc
2681 4195 2973 4254 effectum
3003 4197 3072 4253 ut
3096 4191 3263 4253 licite
3304 4190 3498 4270 possit
3524 4190 3798 4269 expendi
3830 4190 3907 4250 in
3935 4209 4043 4250 eos

2482 4307 2657 4349 usae.

2564 4383 2698 4440 Hoc
2724 4383 2937 4440 tamen
2968 4378 3257 4440 ultimum
3276 4376 3532 4437 difficile
3552 4376 3755 4436 videri
3775 4383 4008 4455 posset
4028 4400 4039 4436 :

2483 4474 2634 4553 quia
2661 4473 2713 4532 si
2743 4472 2932 4534 timor
2968 4472 3071 4532 ille
3099 4489 3248 4531 vere
3288 4470 3439 4530 facit
3464 4474 3788 4530 monetam
3823 4471 4044 4530 minus

2482 4566 2715 4641 valere,
2750 4583 2876 4626 non
2906 4567 3168 4644 apparet
3197 4562 3515 4643 quomodo
3542 4561 3710 4622 licite
3730 4562 3880 4622 dari
3909 4582 4046 4642 pos-

2485 4659 2567 4720 sit
2594 4676 2705 4737 pro
2735 4662 2867 4719 toto
2896 4657 3109 4717 valore
3138 4655 3396 4735 antiquo
3419 4701 3434 4731 ,
3487 4672 3672 4734 quem
3712 4656 3858 4733 jam
3917 4675 4040 4716 non

2483 4753 2716 4814 retinet
2745 4752 3057 4828 integrum
3081 4795 3097 4824 ,
3152 4749 3264 4809 sed
3293 4767 3368 4808 ex
3396 4753 3576 4826 parte
3603 4747 4039 4809 diminutum:

2485 4842 2852 4923 responderi
2902 4847 3110 4903 tamen
3143 4844 3350 4919 potest
3374 4860 3447 4900 ex
3479 4840 3659 4900 dictis
3687 4887 3703 4912 ,
3747 4841 4042 4901 valonem

2488 4937 2744 5016 quidem
2786 4934 3136 4995 naturalem
3182 4932 3558 4993 diminutum
3603 4951 3742 4993 asse
3771 4941 4044 5013 propter

2487 5030 2781 5091 timorem
2812 5028 2985 5087 illum
3011 5074 3026 5103 ,
3076 5031 3267 5107 atque
3311 5026 3453 5086 ideo
3483 5026 3731 5106 quoties
3759 5029 4041 5105 pecunia

2489 5123 2598 5184 illa
2623 5122 2890 5183 baberet
2935 5121 3242 5182 rationem
3290 5119 3552 5195 merck,
3614 5120 3858 5180 debere
3904 5122 4038 5182 dari

2490 5233 2604 5296 pro
2633 5213 2858 5275 minori
2890 5214 3101 5274 valore
3129 5234 3145 5285 ;
3188 5214 3336 5294 quia
3372 5217 3525 5274 tunc
3551 5213 3920 5274 attenditur
3943 5234 4040 5274 so-

2488 5309 2620 5369 lum
2647 5308 2826 5369 valor
2853 5307 3155 5369 naturalis
3178 5326 3194 5379 ;
3230 5307 3505 5367 valorem
3527 5309 3742 5367 autem
3763 5306 4037 5385 legalem

2491 5400 2701 5461 adhuc
2728 5418 2986 5461 manere
3016 5400 3328 5478 integrum
3354 5446 3369 5476 ,
3422 5399 3574 5478 quia
3603 5399 3705 5460 hic
3735 5401 3978 5479 pendet
4005 5423 4036 5459 a

2492 5494 2625 5555 sola
2651 5494 2830 5572 lege,
2881 5511 3021 5575 quse
3067 5492 3278 5555 adhuc
3323 5497 3541 5554 manet
3589 5493 3837 5571 integra
3890 5495 4034 5554 dum
