4263 6376
78 3055 172 3097 ln-

78 3121 175 3170 411·
234 3102 536 3183 injustitia
595 3119 720 3163 non
767 3103 1046 3173 constat;
1104 3099 1205 3160 vel
1259 3102 1355 3161 est
1406 3097 1640 3177 injusta
1693 3116 1768 3158 ex

78 3169 171 3313 ,ἓξ
229 3203 410 3279 parte
433 3196 685 3277 judicis,
738 3213 863 3256 non
910 3213 990 3255 ex
1019 3193 1268 3255 defectu
1287 3191 1762 3271 jurisdictionis,

1167 404 1637 467 DISPUTATIO
1681 404 1985 481 XXXVII,
2035 403 2309 467 SECTIO
2354 407 2485 468 XV.

226 582 505 663 juristiS,
538 586 600 645 et
615 582 924 662 theologis
939 600 1081 644 cum
1097 583 1160 644 S.
1177 581 1395 645 Thom.
1418 582 1785 661 inpraesenti

240 696 308 756 q.
344 694 534 738 van.
567 681 688 739 art.
726 678 782 738 1.
817 680 912 739 est
939 676 1108 737 enim
1137 676 1469 754 sententia,
1492 675 1786 755 quasilex

235 769 496 849 privata
543 770 933 832 descendens
959 789 1000 832 a
1027 772 1338 848 potestate
1390 768 1691 848 legitima,
1727 773 1788 830 et

236 880 361 941 per
388 881 778 943 consequens
809 863 1048 925 habens
1078 863 1206 923 vim
1238 862 1557 942 obligandi
1588 865 1651 924 et
1678 862 1784 923 ab·

235 955 532 1017 solvendi
558 956 721 1018 sicut
746 957 869 1018 lex.

324 1049 618 1111 Secundo
650 1050 989 1112 dicendum
1018 1053 1113 1112 est
1134 1096 1150 1126 ,
1192 1049 1443 1129 quando
1474 1048 1786 1111 sententia

235 1144 341 1201 est
364 1142 692 1205 manifeste
720 1144 955 1224 injusta
982 1162 1056 1203 ex
1087 1146 1265 1221 parte
1299 1143 1588 1222 subjecti,
1624 1146 1782 1203 etex

232 1237 422 1313 parte
444 1235 700 1314 judiciS,
734 1255 869 1298 esse
885 1236 1141 1298 omnino
1171 1237 1430 1313 nullam,
1456 1241 1519 1298 et
1546 1236 1784 1296 nullam

231 1325 477 1389 habere
493 1330 620 1390 vim
650 1330 996 1408 obIIgandi.
1012 1332 1160 1390 Haec
1175 1330 1365 1392 etiam
1386 1332 1481 1391 est
1501 1346 1785 1390 commu-

233 1419 362 1482 niS.
395 1422 724 1501 Ejusmodi
751 1421 920 1484 enim
938 1422 1314 1485 sententiam
1343 1422 1663 1502 appellant
1681 1423 1782 1501 ju-

235 1513 413 1576 ristae
440 1516 815 1578 sententiam
842 1516 1141 1594 injustam
1171 1520 1235 1577 et
1260 1513 1521 1593 nullam,
1556 1514 1634 1575 de
1657 1533 1782 1594 qua

233 1606 491 1670 videtur
519 1609 689 1689 loqui
718 1609 1001 1671 Gelasius
1029 1611 1202 1688 Papa
1231 1627 1370 1688 cap.
1408 1606 1526 1670 Cui
1549 1617 1655 1685 est,
1688 1624 1776 1671 x1.

330 1796 541 1860 Tertio
573 1795 910 1857 dicendum
940 1798 1055 1872 est,
1089 1795 1341 1875 quando
1360 1794 1666 1857 sententia
1685 1797 1781 1856 est

233 1893 472 1972 injusta
500 1908 575 1949 ex
604 1893 780 1968 parte
814 1887 1047 1968 judicis
1071 1934 1087 1964 ,
1124 1887 1275 1967 quia
1303 1888 1403 1948 vel
1430 1888 1648 1949 deerat
1666 1888 1775 1967 ju-

233 1984 517 2047 risdictio
545 1983 610 2042 in
633 1981 874 2061 judice,
908 1981 1007 2041 vel
1037 1981 1187 2060 quia
1215 1981 1476 2044 violavit
1491 1980 1776 2042 ordinem

221 2078 394 2160 juris
422 2076 853 2151 essentialem,
910 2078 1062 2135 tunc
1094 2074 1147 2134 si
1176 2092 1289 2152 per
1315 2073 1488 2133 illam
1530 2077 1775 2135 senten-

229 2173 393 2235 tiam
422 2170 775 2249 applicetur
800 2167 915 2230 tibi
940 2186 1045 2228 res
1065 2213 1080 2244 ,
1116 2185 1257 2247 quoe
1283 2167 1612 2228 manifeste
1642 2171 1778 2228 erat

231 2271 372 2342 tua,
419 2264 589 2325 licite
635 2280 818 2342 posse
850 2264 977 2324 ate
1003 2260 1283 2323 retineri.
1331 2262 1424 2322 lta
1450 2261 1636 2322 Sotus
1663 2261 1770 2322 Ill.

233 2358 306 2419 de
316 2356 522 2439 justit.
556 2374 619 2436 q.
638 2357 741 2417 lv.
764 2359 880 2416 art.
907 2356 970 2417 5.
987 2359 1049 2416 et
1075 2353 1180 2415 alii
1209 2353 1646 2415 communiter.
1682 2352 1774 2414 Si-

237 2450 406 2512 milis
425 2453 638 2511 autem
655 2452 751 2511 est
768 2465 950 2508 casus
963 2446 1151 2523 illius,
1168 2446 1274 2525 qui
1291 2445 1535 2525 privata
1560 2449 1776 2507 aucto-

232 2546 419 2607 ritate
449 2541 847 2621 recuperavit
871 2559 1007 2602 rem
1045 2558 1225 2601 suam
1249 2585 1264 2616 ,
1312 2557 1503 2619 quam
1542 2538 1772 2618 judicis

234 2636 607 2699 auctoritate
637 2634 957 2696 debuisset
982 2651 1390 2712 recuperare3
1445 2630 1565 2693 hoc
1605 2632 1773 2692 enim

228 2730 382 2792 licet
407 2727 772 2807 achpiendo
800 2746 937 2787 rem
966 2726 1359 2806 peccaverit3
1405 2743 1533 2786 non
1558 2728 1770 2787 tamen

231 2829 484 2886 tenetur
509 2822 862 2884 restituere.

316 2919 549 2990 Quarto
581 2915 920 2977 dicendum
965 2917 1061 2975 est
1093 2934 1106 2975 ε
1158 2912 1410 2993 quando
1460 2910 1770 2972 sententia

236 3017 332 3072 est
360 3009 591 3089 injusta
619 3027 696 3069 ex
723 3013 898 3087 parte
930 3005 1199 3087 objecti;
1259 3005 1339 3066 de
1386 3004 1520 3084 ejus
1562 3009 1768 3066 tamen

227 3290 343 3352 sed
370 3309 446 3352 ex
474 3288 693 3351 ordine
701 3286 1127 3367 jurisviolato‚
1161 3304 1287 3348 non
1317 3284 1528 3366 quoad
1557 3302 1769 3345 essen-

227 3384 405 3447 fialia
443 3382 555 3444 sed
585 3381 794 3461 quoad
825 3380 1263 3457 accidentalia,
1300 3378 1582 3457 obligare
1626 3378 1767 3457 qui-

229 3478 377 3539 dem
421 3477 487 3538 in
513 3476 648 3537 toro
687 3475 879 3537 etiam
909 3475 1176 3537 intern0.
1236 3472 1299 3535 Si
1328 3475 1540 3533 autem
1570 3471 1650 3532 sit
1676 3470 1767 3530 in-

219 3572 398 3651 justa
443 3589 520 3632 ex
546 3573 727 3650 parte
771 3568 1004 3648 objecti
1032 3565 1381 3628 secundum
1408 3565 1759 3640 veritatem,

228 3670 293 3726 et
319 3668 534 3726 tamen
563 3663 642 3725 sit
663 3662 836 3740 justa
864 3660 1212 3722 secundum
1240 3659 1511 3738 allegata
1538 3662 1602 3719 et
1627 3676 1766 3736 pro-

223 3755 861 3837 bata,quiainnititur
890 3754 955 3814 in
976 3754 1132 3814 falsa
1161 3750 1673 3831 praesumptione,
1704 3754 1766 3812 et

226 3869 345 3931 per
363 3849 636 3929 juridica
663 3848 1043 3924 testimonia,
1073 3851 1222 3910 tunc
1252 3845 1490 3924 obligat
1509 3843 1765 3922 quidem

230 3944 297 4005 in
329 3943 464 4005 foro
493 3942 807 4018 exteriori,
842 3944 913 4003 ut
939 3941 1124 4002 docet
1152 3941 1338 4000 Sotus
1368 3941 1441 3999 V.
1476 3935 1546 3997 de
1556 3936 1757 4017 justit.

226 4057 290 4118 q.
328 4053 441 4098 vn.
476 4039 593 4098 art.
626 4040 686 4097 4.
719 4035 799 4096 ad
830 4038 889 4095 2.
925 4037 988 4096 et
1014 4032 1119 4094 alii
1154 4030 1589 4106 communiter,
1637 4047 1763 4091 non

226 4135 440 4193 tamen
470 4128 706 4207 obligat
733 4128 799 4188 in
830 4126 1212 4189 conscientia
1259 4125 1339 4185 ad
1391 4123 1764 4185 solvendum

223 4223 328 4286 vel
355 4221 799 4295 obediendum;
833 4220 886 4280 si
931 4220 1120 4282 cirtra
1160 4217 1527 4279 scandalum
1567 4215 1764 4295 possit

224 4333 354 4378 non
383 4315 639 4377 obedire
669 4314 796 4390 ille,
830 4313 931 4375 cui
950 4313 1089 4374 talis
1109 4310 1416 4391 injustitia
1433 4309 1761 4370 manifeste

223 4411 493 4485 constat,
547 4408 633 4469 ita
669 4406 931 4468 Adrian.
973 4406 1170 4466 Castr.
1204 4402 1454 4476 Dried0,
1506 4401 1665 4462 Sair.
1700 4405 1773 4481 et,

223 4501 356 4578 alii,
399 4518 556 4580 quos
585 4500 778 4562 refert
805 4502 867 4561 et
893 4498 1176 4578 sequitur
1205 4497 1381 4558 Salas
1411 4495 1571 4573 disp.
1595 4495 1756 4556 XIII.

222 4595 298 4657 de
327 4594 497 4675 leqib.
531 4599 682 4656 sect.
717 4610 804 4655 1v.
842 4610 1015 4653 num.
1048 4594 1147 4653 22.
1184 4592 1416 4651 Suarez
1445 4587 1551 4648 lib.
1586 4589 1660 4650 V.
1694 4586 1764 4647 de

223 4687 401 4769 leqib.
435 4706 489 4749 c.
523 4704 662 4750 xm.
695 4704 869 4748 num.
903 4688 962 4747 3.
998 4689 1060 4746 et
1087 4681 1370 4762 Fagund.
1404 4698 1593 4760 praec.
1619 4696 1757 4740 vm.

222 4800 367 4861 cap.
400 4784 500 4843 38.
534 4799 709 4842 num.
739 4783 799 4841 2.
836 4778 1014 4841 Ratio
1046 4781 1258 4840 autem
1287 4780 1402 4852 est,
1447 4773 1594 4854 quia
1622 4791 1764 4834 sen-

221 4876 422 4937 tentia
444 4874 678 4955 judicis
719 4892 844 4934 non
880 4872 1071 4932 habet
1097 4871 1260 4946 vim,
1308 4868 1424 4929 nisi
1456 4872 1763 4947 quatenus

220 4967 629 5050 praesumitur
656 4966 1038 5028 declarativa
1068 4962 1314 5043 injusti;
1358 4979 1507 5039 ergo
1533 4961 1598 5021 in
1626 4960 1761 5021 foro

222 5062 474 5122 interno
521 5079 647 5121 non
694 5062 901 5139 potest
927 5057 1229 5136 obligare.
1264 5055 1495 5133 Excipe
1522 5057 1758 5130 tamen,

223 5153 480 5234 quando
530 5152 727 5233 judex
768 5154 1023 5213 coactus
1078 5154 1172 5211 est
1210 5148 1491 5229 proferre
1546 5150 1763 5207 contra

221 5246 550 5327 propriam
588 5243 915 5306 scientiam
968 5243 1314 5304 secundum
1377 5239 1647 5318 allegata
1702 5241 1765 5298 et

221 5339 497 5421 probata
532 5359 546 5400 ε
596 5343 746 5399 tunc
775 5335 945 5397 enim
970 5340 1228 5415 propter
1254 5333 1572 5414 publicam
1600 5330 1760 5392 utili-

220 5436 423 5494 tatem
468 5435 534 5492 et
558 5430 881 5509 angustias
912 5427 1143 5508 judicis
1173 5427 1375 5508 potuit
1405 5421 1759 5502 respublica

222 5524 382 5585 dare
418 5523 782 5585 facultatem
826 5520 1245 5584 transferendi
1273 5517 1644 5592 dominium,
1695 5520 1764 5577 ut

3302 411 3413 471 741

1886 580 2123 643 dictum
2178 586 2272 644 est
2326 601 2517 661 supra
2574 587 2727 646 sect.
2762 601 2849 648 IV.
2901 584 3125 647 saltem
3155 586 3420 649 durante

1884 675 2048 737 bona
2080 674 2205 736 fide
2234 675 2602 737 adversarii.
2639 678 2797 739 Hinc

1964 770 2235 830 Infertur
2262 769 2487 847 primo,
2522 789 2668 831 eum
2698 773 2805 851 qui
2824 792 2937 851 per
2962 773 3153 834 talem
3174 778 3420 835 senten-

1881 861 2035 922 tiam
2067 861 2348 939 privatur
2375 881 2442 922 re
2472 883 2608 940 sua,
2641 864 2693 924 si
2724 865 2904 927 aliter
2932 884 3056 926 non
3077 869 3283 944 potest
3309 867 3421 926 da-

1883 973 2101 1014 mnum
2130 973 2314 1015 suum
2343 957 2669 1032 resarcire,
2705 976 2888 1037 posse
2922 958 3012 1019 uti
3043 978 3417 1037 compensa-

1881 1047 2049 1109 tione
2080 1047 2348 1124 occulta,
2402 1066 2526 1127 qua
2569 1049 2961 1110 tantumdem
3005 1051 3125 1111 sibi
3153 1051 3421 1130 accipiat

1883 1140 1963 1201 ab
1994 1140 2098 1202 illo
2129 1140 2233 1201 cui
2290 1158 2392 1200 res
2441 1160 2555 1201 sua
2583 1142 2900 1221 applicata
2926 1143 3062 1205 fuit.
3120 1145 3212 1206 Ita
3241 1144 3419 1206 Salas

1880 1234 1991 1295 ubi
2032 1252 2224 1314 supra
2254 1252 2398 1295 cum
2429 1234 2632 1313 Sairo,
2682 1236 3066 1315 Innocentio,
3123 1240 3413 1300 Panorm.

1881 1331 1944 1390 et
1971 1327 2131 1388 aliis.

1909 1429 1914 1430 ’
1959 1421 2234 1482 Infertur
2263 1421 2561 1499 secundo,
2606 1422 2783 1482 illum
2813 1423 2920 1502 qui
2948 1424 3115 1485 bona
3142 1425 3267 1486 fide
3295 1426 3419 1487 liti-

1877 1514 2052 1592 gavit
2080 1518 2143 1575 et
2155 1513 2351 1594 judex
2379 1515 2726 1577 secundum
2747 1516 3039 1596 allegata,
3073 1521 3135 1579 et
3154 1519 3420 1598 probata

1879 1607 2180 1687 applicuit
2225 1607 2314 1668 illi
2358 1607 2794 1670 haereditatem
2847 1610 3161 1690 aliquam,
3224 1630 3284 1675 v.
3317 1632 3413 1692 gr.

1877 1699 1929 1760 si
1957 1704 2178 1779 postea
2209 1705 2550 1779 cognoscat
2586 1702 2777 1780 clare,
2824 1703 3013 1765 fuisse
3044 1723 3299 1765 causam
3330 1706 3419 1766 in-

1868 1793 2129 1871 justam,
2183 1793 2386 1855 teneri
2433 1793 2762 1855 restituere
2802 1795 3271 1871 haereditatem;
3332 1799 3420 1859 ita

1879 1885 2221 1947 Panormit.
2270 1885 2486 1962 lmola,
2523 1887 2758 1964 SairuS,
2809 1889 3109 1967 AngeluS,
3164 1891 3411 1953 Silvest.

1875 1983 1939 2040 et
1965 1978 2066 2039 alii
2098 1979 2268 2058 apud
2304 1979 2481 2041 Salas
2510 1979 2618 2040 ubi
2646 1998 2860 2060 supra.
2910 1984 3047 2042 Non
3076 1987 3288 2043 tamen
3323 1988 3416 2044 te-

1875 2071 2125 2133 nebitur
2155 2072 2485 2134 restituere
2515 2090 2819 2150 expensas
2848 2073 2971 2134 litis
3002 2076 3150 2153 quia
3179 2095 3412 2155 suppo-

1874 2164 2044 2225 nitur
2070 2164 2237 2225 bona
2265 2165 2389 2225 fide
2421 2165 2722 2243 litigasse.
2774 2167 2901 2226 Nec
2931 2167 3120 2228 etiam
3152 2186 3415 2230 excusa-

1872 2257 2040 2319 bitur
2069 2256 2149 2316 ab
2181 2256 2562 2335 obligatione
2592 2257 2985 2334 restituendi,
3021 2278 3093 2321 eo
3126 2261 3293 2340 quod
3323 2263 3417 2323 al-

1872 2354 2008 2413 tera
2037 2369 2183 2429 pars
2231 2350 2619 2412 consenserit
2643 2351 2993 2428 sententiae,
3052 2372 3168 2414 nec
3199 2355 3417 2433 appel-

1870 2443 2095 2505 laverit
2125 2464 2141 2504 :
2176 2463 2323 2504 nam
2353 2447 2554 2506 totum
2583 2443 2705 2506 hoc
2737 2463 3038 2505 censerur
3064 2447 3412 2508 involunta-

1869 2537 2035 2597 rium
2089 2554 2206 2597 nec
2261 2537 2664 2615 praesumitur
2720 2537 2990 2600 voluisse
3046 2541 3409 2601 renuntiare

1863 2630 1993 2710 juri
2022 2648 2135 2692 suo
2167 2630 2230 2689 in
2258 2631 2394 2691 foro
2425 2629 2728 2692 interiori.

1949 2724 2220 2785 Infertur
2247 2723 2453 2800 tertio,
2520 2741 2664 2782 eum
2720 2724 2827 2802 qui
2884 2744 2999 2803 per
3025 2726 3406 2788 sententiam

1870 2817 2080 2893 talem,
2114 2817 2234 2877 hoc
2266 2820 2379 2893 est,
2413 2815 2760 2878 secundum
2791 2818 3061 2897 allegata
3090 2823 3152 2880 et
3180 2820 3403 2898 proba·
3468 2865 3572 2919 Quid
3608 2868 3736 2923 ⁸¹9oe

1866 2914 1953 2988 ta,
1978 2911 2240 2990 justam,
2291 2927 2480 2971 causa
2528 2914 2742 2971 tamen
2772 2930 2898 2971 non
2928 2912 3307 2974 subsistente
3338 2912 3402 2972 in
3482 2901 3724 2965 senentiam

1866 3022 1934 3063 re
1968 3003 2125 3082 ipsa,
2161 3002 2763 3081 excommunIcatur,
2799 3005 3000 3066 teneri
3019 3006 3275 3085 quidem
3306 3025 3404 3065 ex·
3454 2978 3751 3082 sssfflss'ffi

1865 3096 2058 3158 terius
2087 3114 2377 3171 servare3
2427 3096 2491 3156 in
2537 3096 2674 3157 foro
2703 3102 2916 3159 tamen
2946 3098 3190 3160 interno
3220 3118 3403 3178 posse
3453 3094 3750 3179 Ἶξζῃῇζῗξξῖ·

1865 3210 1931 3252 se
1973 3210 2195 3270 gerere
2239 3194 2542 3271 tanquam
2590 3210 2715 3252 non
2763 3193 3398 3256 excommunicatum.

1865 3285 1957 3345 lta
1985 3288 2204 3346 tenent
2244 3284 2475 3363 plureS,
2534 3288 2597 3345 et
2640 3304 2866 3364 graves
2894 3304 3050 3365 quos
3078 3287 3291 3365 refert,
3342 3290 3405 3349 et

1864 3377 2151 3456 sequitur
2181 3377 2362 3438 Suar.
2397 3381 2549 3438 tom.
2576 3380 2650 3438 V.
2685 3377 2755 3438 de
2782 3397 3007 3439 censur.
3043 3379 3273 3458 disput.
3309 3397 3396 3441 1v.

1864 3473 2014 3530 sect.
2049 3486 2161 3530 vn.
2212 3488 2387 3531 num.
2422 3472 2520 3530 11.
2557 3474 2619 3532 et
2645 3470 2827 3532 Avila
2868 3470 2937 3531 de
2965 3490 3189 3532 censur.
3224 3474 3297 3534 ll.
3333 3492 3394 3551 p.

1864 3581 1918 3624 c.
1954 3579 2038 3624 vl.
2075 3562 2236 3640 disp.
2273 3580 2315 3624 1.
2352 3562 2504 3625 dub.
2539 3579 2634 3624 111.
2669 3566 2732 3625 et
2761 3564 2889 3642 alii,
2939 3566 3046 3643 qui
3089 3566 3249 3626 bene
3279 3566 3400 3626 hoc

1863 3655 2210 3716 extendunt
2239 3655 2320 3716 ad
2352 3674 2458 3715 eos
2488 3656 2597 3735 qui
2625 3656 2832 3718 sciunt
2851 3661 3023 3717 certo
3045 3675 3400 3719 excommu-

1864 3748 2243 3811 nicationem
2269 3748 2459 3808 fuisse
2480 3748 2673 3809 latam
2705 3749 2837 3808 sine
2867 3768 3057 3809 causa
3084 3750 3147 3809 in
3178 3769 3244 3809 re
3275 3751 3398 3809 exi-

3564 1426 3678 1485 187

3536 1551 3657 1605 Aliqu

3498 1606 3731 1648 corollaria.

3557 2741 3672 2801 188

1863 3844 2086 3917 stente,
2138 3841 2425 3920 quamvis
2471 3840 2796 3919 injudicio
2827 3841 3116 3918 probata,
3162 3841 3399 3902 scilicet

1861 3934 2100 4013 possint
2129 3936 2371 3993 secreto
2416 3937 2476 3993 et
2525 3933 2657 3993 sine
2687 3933 3007 4012 scandalo,
3062 3935 3160 3995 vel
3190 3936 3395 4014 specie

1863 4029 2258 4105 contemptus
2296 4026 2762 4087 communicare
2812 4046 2957 4087 cum
3004 4027 3108 4087 illo
3147 4046 3396 4087 excom-

1858 4119 2177 4181 municato
2198 4165 2213 4194 ,
2264 4118 2416 4178 dum
2459 4123 2670 4180 tamen
2712 4119 2776 4178 in
2806 4119 3055 4197 publico
3088 4138 3305 4182 omnes
3334 4126 3398 4182 et

1858 4213 1991 4291 ipse
2015 4211 2590 4273 excommunicatus
2603 4211 2935 4272 ostendant
2952 4213 3229 4274 debitam
3251 4214 3394 4275 obe-

1860 4304 2161 4366 dientiam
2192 4303 2516 4365 sententiae
2547 4304 3007 4367 ecclesiasticae.

1938 4397 2211 4458 Infertur
2240 4400 2486 4476 quart0,
2520 4397 2816 4459 resolutio
2839 4396 3166 4478 cujusdam
3191 4399 3386 4477 dubii,
3543 4428 3657 4488 189

1860 4492 1938 4552 de
1973 4508 2096 4569 quo
2128 4490 2191 4549 in
2225 4489 2400 4568 praxi
2449 4490 2718 4551 consulti
2758 4490 3012 4552 fuerunt
3053 4511 3176 4553 non
3206 4493 3391 4571 pauci
3559 4554 3570 4563 ,

1858 4583 2171 4661 theologi3
2208 4585 2428 4645 Petrus
2457 4582 2647 4659 enim,
2683 4600 2827 4644 cum
2854 4583 3043 4662 vulgo
3077 4584 3138 4643 in
3167 4584 3273 4644 illa
3304 4584 3392 4644 ci-
3468 4553 3698 4650 490¹}ssss

1861 4678 2050 4738 vitate
2081 4680 2484 4754 reputaretur
2513 4675 2759 4752 nobiliS,
2809 4680 2997 4755 atque
3032 4677 3174 4737 ideo
3206 4677 3285 4737 ab
3314 4696 3388 4738 eo
3510 4660 3674 4704 ”⁰¹³³¹¹⁸·

1861 4790 1986 4831 non
2017 4769 2418 4848 exigerentur
2445 4769 2679 4829 tributa
2707 4786 2848 4847 quae
2873 4768 3199 4831 solvebant
3217 4771 3391 4849 igno-

1859 4863 2015 4924 biles
2032 4880 2142 4921 seu
2163 4862 2416 4939 plebeii,
2444 4860 2782 4940 aliquando
2802 4862 3067 4940 petitum
3084 4866 3176 4923 est
3190 4864 3269 4923 ab
3291 4882 3386 4939 ec,

1858 4960 1931 5017 ut
1973 4956 2073 5015 vel
2104 4953 2466 5015 ostenderet
2506 4973 2571 5013 se
2620 4953 2897 5015 nobilem
2944 4954 3041 5014 vel
3090 4955 3391 5017 tributum

1860 5050 2131 5111 solveret
2162 5066 2176 5107 τ
2211 5047 2344 5126 ipse
2373 5046 2698 5125 respondit
2725 5065 2789 5106 se
2822 5046 3039 5108 sistere
3068 5049 3390 5110 sententiae

1852 5141 2084 5222 judicis
2131 5141 2196 5200 in
2228 5158 2302 5200 ea
2334 5158 2572 5202 causa:
2625 5158 2770 5200 cum
2817 5143 3027 5201 autem
3078 5142 3390 5222 utrimque

1859 5239 2050 5298 testes
2077 5236 2470 5309 afferrentur,
2522 5235 2584 5293 et
2626 5231 2883 5310 quidem
2911 5251 2986 5291 ex
3016 5238 3191 5312 parte
3228 5235 3388 5295 Petri

1862 5329 1994 5389 sine
2025 5327 2083 5386 vi
2113 5332 2223 5387 aut
2249 5324 2491 5402 fraude,
2544 5325 2655 5384 sed
2703 5330 2772 5385 ut
2818 5328 3194 5387 testarentur
3223 5328 3392 5406 quod

1865 5425 2029 5482 esset
2055 5437 2310 5491 verum;
2361 5418 2670 5478 sententia
2701 5418 2956 5478 tandem
3001 5419 3065 5477 in
3113 5419 3392 5481 favorem

1861 5513 2026 5576 Petri
2061 5513 2189 5573 lata
2218 5513 2333 5587 est,
2365 5509 2745 5572 declarando
2766 5529 2912 5571 eum
2932 5529 3066 5571 esso
3093 5512 3387 5590 nobilem,
