<?xml version="1.0" encoding="UTF-8"?>
<!DOCTYPE html PUBLIC "-//W3C//DTD XHTML 1.0 Transitional//EN"
    "http://www.w3.org/TR/xhtml1/DTD/xhtml1-transitional.dtd">
<html xmlns="http://www.w3.org/1999/xhtml" xml:lang="en" lang="en">
 <head>
  <title>
</title>
<meta http-equiv="Content-Type" content="text/html;charset=utf-8" />
  <meta name='ocr-system' content='tesseract 3.04.00' />
  <meta name='ocr-capabilities' content='ocr_page ocr_carea ocr_par ocr_line ocrx_word'/>
</head>
<body>
  <div class='ocr_page' id='page_1' title='image "./joannisdelugodi00lugogoog_0378.png"; bbox 0 0 4263 6376; ppageno 0'>
   <div class='ocr_carea' id='block_1_1' title="bbox 599 2366 676 2426">
    <p class='ocr_par' dir='ltr' id='par_1_1' title="bbox 599 2366 676 2426">
     <span class='ocr_line' id='line_1_1' title="bbox 599 2366 676 2426; baseline -0.013 0"><span class='ocrx_word' id='word_1_1' title='bbox 599 2366 676 2426; x_wconf 89' lang='grc'>63</span> 
     </span>
    </p>
   </div>
   <div class='ocr_carea' id='block_1_2' title="bbox 500 2491 796 2602">
    <p class='ocr_par' dir='ltr' id='par_1_2' title="bbox 500 2491 796 2602">
     <span class='ocr_line' id='line_1_2' title="bbox 537 2491 760 2545; baseline 0 -11"><span class='ocrx_word' id='word_1_2' title='bbox 537 2491 597 2534; x_wconf 84' lang='lat' dir='ltr'>De</span> <span class='ocrx_word' id='word_1_3' title='bbox 612 2491 760 2545; x_wconf 71' lang='lat' dir='ltr'>quibus</span> 
     </span>
     <span class='ocr_line' id='line_1_3' title="bbox 500 2546 796 2602; baseline 0 -14"><span class='ocrx_word' id='word_1_4' title='bbox 500 2546 689 2588; x_wconf 69' lang='lat' dir='ltr'>censibus</span> <span class='ocrx_word' id='word_1_5' title='bbox 702 2550 796 2602; x_wconf 64' lang='lat' dir='ltr'>affut</span> 
     </span>
    </p>
   </div>
   <div class='ocr_carea' id='block_1_3' title="bbox 826 329 945 390">
    <p class='ocr_par' dir='ltr' id='par_1_3' title="bbox 826 329 945 390">
     <span class='ocr_line' id='line_1_4' title="bbox 826 329 945 390; baseline -0.008 0"><span class='ocrx_word' id='word_1_6' title='bbox 826 329 945 390; x_wconf 73' lang='lat'>358</span> 
     </span>
    </p>
   </div>
   <div class='ocr_carea' id='block_1_4' title="bbox 1998 324 2881 390">
    <p class='ocr_par' dir='ltr' id='par_1_4' title="bbox 1998 324 2881 390">
     <span class='ocr_line' id='line_1_5' title="bbox 1998 324 2881 390; baseline -0.001 -2"><span class='ocrx_word' id='word_1_7' title='bbox 1998 327 2101 388; x_wconf 80' lang='lat' dir='ltr'>DE</span> <span class='ocrx_word' id='word_1_8' title='bbox 2142 325 2496 390; x_wconf 78' lang='lat' dir='ltr'>JUS&#39;rI&#39;rIA</span> <span class='ocrx_word' id='word_1_9' title='bbox 2538 326 2642 390; x_wconf 79' lang='grc' dir='ltr'>ΕΤ</span> <span class='ocrx_word' id='word_1_10' title='bbox 2681 324 2881 390; x_wconf 80' lang='lat' dir='ltr'><strong>JURE</strong></span> 
     </span>
    </p>
   </div>
   <div class='ocr_carea' id='block_1_5' title="bbox 829 495 4008 678">
    <p class='ocr_par' dir='ltr' id='par_1_5' title="bbox 829 495 4008 678">
     <span class='ocr_line' id='line_1_6' title="bbox 829 495 4002 585; baseline -0.002 -19"><span class='ocrx_word' id='word_1_11' title='bbox 829 506 927 567; x_wconf 88' lang='lat' dir='ltr'>sat</span> <span class='ocrx_word' id='word_1_12' title='bbox 971 502 1415 585; x_wconf 71' lang='lat' dir='ltr'>praesumptio?</span> <span class='ocrx_word' id='word_1_13' title='bbox 1478 502 1820 585; x_wconf 88' lang='lat' dir='ltr'>Loquendo</span> <span class='ocrx_word' id='word_1_14' title='bbox 1868 507 2080 566; x_wconf 89' lang='lat' dir='ltr'>autem</span> <span class='ocrx_word' id='word_1_15' title='bbox 2121 504 2199 565; x_wconf 89' lang='lat' dir='ltr'>de</span> <span class='ocrx_word' id='word_1_16' title='bbox 2245 502 2364 565; x_wconf 89' lang='lat' dir='ltr'>hac</span> <span class='ocrx_word' id='word_1_17' title='bbox 2461 506 2658 579; x_wconf 86' lang='lat' dir='ltr'>mant,</span> <span class='ocrx_word' id='word_1_18' title='bbox 2682 507 2946 583; x_wconf 88' lang='lat' dir='ltr'>uterque</span> <span class='ocrx_word' id='word_1_19' title='bbox 2967 502 3219 579; x_wconf 88' lang='lat' dir='ltr'>Molina,</span> <span class='ocrx_word' id='word_1_20' title='bbox 3242 502 3347 578; x_wconf 90' lang='lat' dir='ltr'>Sa,</span> <span class='ocrx_word' id='word_1_21' title='bbox 3379 499 3696 576; x_wconf 83' lang='lat' dir='ltr'>Rebellus,</span> <span class='ocrx_word' id='word_1_22' title='bbox 3729 495 4002 571; x_wconf 74' lang='lat' dir='ltr'>Lessim,</span> 
     </span>
     <span class='ocr_line' id='line_1_7' title="bbox 829 594 4008 678; baseline -0.003 -19"><span class='ocrx_word' id='word_1_23' title='bbox 829 599 1036 675; x_wconf 90' lang='lat' dir='ltr'>bulla,</span> <span class='ocrx_word' id='word_1_24' title='bbox 1089 597 1280 677; x_wconf 84' lang='lat' dir='ltr'>aliqui</span> <span class='ocrx_word' id='word_1_25' title='bbox 1308 596 1562 674; x_wconf 88' lang='lat' dir='ltr'>dicunt,</span> <span class='ocrx_word' id='word_1_26' title='bbox 1614 597 2002 658; x_wconf 86' lang='lat' dir='ltr'>conditiones</span> <span class='ocrx_word' id='word_1_27' title='bbox 2028 597 2271 678; x_wconf 88' lang='lat' dir='ltr'>aliquas</span> <span class='ocrx_word' id='word_1_28' title='bbox 2298 597 2365 658; x_wconf 91' lang='lat' dir='ltr'>in</span> <span class='ocrx_word' id='word_1_29' title='bbox 2462 598 2736 674; x_wconf 88' lang='lat' dir='ltr'>Medina,</span> <span class='ocrx_word' id='word_1_30' title='bbox 2769 596 3077 673; x_wconf 88' lang='lat' dir='ltr'>Valentia,</span> <span class='ocrx_word' id='word_1_31' title='bbox 3112 600 3176 657; x_wconf 91' lang='lat' dir='ltr'>et</span> <span class='ocrx_word' id='word_1_32' title='bbox 3204 595 3329 671; x_wconf 89' lang='lat' dir='ltr'>alii,</span> <span class='ocrx_word' id='word_1_33' title='bbox 3373 613 3531 675; x_wconf 87' lang='lat' dir='ltr'>quos</span> <span class='ocrx_word' id='word_1_34' title='bbox 3561 596 3776 667; x_wconf 81' lang='lat' dir='ltr'>affert,</span> <span class='ocrx_word' id='word_1_35' title='bbox 3811 594 3877 651; x_wconf 78' lang='lat' dir='ltr'>et</span> <span class='ocrx_word' id='word_1_36' title='bbox 3919 606 4008 649; x_wconf 83' lang='lat' dir='ltr'>se-</span> 
     </span>
    </p>
   </div>
   <div class='ocr_carea' id='block_1_6' title="bbox 750 690 2383 4300">
    <p class='ocr_par' dir='ltr' id='par_1_6' title="bbox 832 690 2381 2346">
     <span class='ocr_line' id='line_1_8' title="bbox 834 690 2363 769; baseline -0.002 -16"><span class='ocrx_word' id='word_1_37' title='bbox 834 710 908 753; x_wconf 92' lang='lat' dir='ltr'>eo</span> <span class='ocrx_word' id='word_1_38' title='bbox 938 694 1262 751; x_wconf 85' lang='lat' dir='ltr'>contentas</span> <span class='ocrx_word' id='word_1_39' title='bbox 1306 691 1543 769; x_wconf 82' lang='lat' dir='ltr'><strong>requiri</strong></span> <span class='ocrx_word' id='word_1_40' title='bbox 1586 690 1790 751; x_wconf 89' lang='lat' dir='ltr'>solum</span> <span class='ocrx_word' id='word_1_41' title='bbox 1835 691 1899 751; x_wconf 92' lang='lat' dir='ltr'>in</span> <span class='ocrx_word' id='word_1_42' title='bbox 1940 691 2075 753; x_wconf 89' lang='lat' dir='ltr'>foro</span> <span class='ocrx_word' id='word_1_43' title='bbox 2107 694 2363 752; x_wconf 86' lang='lat' dir='ltr'>externo</span> 
     </span>
     <span class='ocr_line' id='line_1_9' title="bbox 835 783 2366 863; baseline 0 -19"><span class='ocrx_word' id='word_1_44' title='bbox 835 784 916 844; x_wconf 88' lang='lat' dir='ltr'>ad</span> <span class='ocrx_word' id='word_1_45' title='bbox 943 783 1265 845; x_wconf 86' lang='lat' dir='ltr'>vitandam</span> <span class='ocrx_word' id='word_1_46' title='bbox 1293 784 1851 863; x_wconf 62' lang='lat' dir='ltr'>praesumptionem</span> <span class='ocrx_word' id='word_1_47' title='bbox 1896 783 2216 863; x_wconf 68' lang='lat' dir='ltr'>injustitiae</span> <span class='ocrx_word' id='word_1_48' title='bbox 2249 803 2262 845; x_wconf 89' lang='lat'><strong>:</strong></span> <span class='ocrx_word' id='word_1_49' title='bbox 2302 783 2366 844; x_wconf 90' lang='lat' dir='ltr'>in</span> 
     </span>
     <span class='ocr_line' id='line_1_10' title="bbox 833 876 2370 938; baseline 0 -1"><span class='ocrx_word' id='word_1_50' title='bbox 833 876 967 937; x_wconf 88' lang='lat' dir='ltr'>foro</span> <span class='ocrx_word' id='word_1_51' title='bbox 1021 878 1235 936; x_wconf 88' lang='lat' dir='ltr'>autem</span> <span class='ocrx_word' id='word_1_52' title='bbox 1275 876 1671 938; x_wconf 74' lang='lat' dir='ltr'>conscientiae</span> <span class='ocrx_word' id='word_1_53' title='bbox 1709 876 1986 938; x_wconf 87' lang='lat' dir='ltr'>validum</span> <span class='ocrx_word' id='word_1_54' title='bbox 2035 895 2171 937; x_wconf 90' lang='lat' dir='ltr'>esse</span> <span class='ocrx_word' id='word_1_55' title='bbox 2219 894 2370 938; x_wconf 88' lang='lat' dir='ltr'>con·-</span> 
     </span>
     <span class='ocr_line' id='line_1_11' title="bbox 832 968 2369 1048; baseline -0.001 -17"><span class='ocrx_word' id='word_1_56' title='bbox 832 972 1124 1044; x_wconf 89' lang='lat' dir='ltr'>tractum,</span> <span class='ocrx_word' id='word_1_57' title='bbox 1156 968 1209 1028; x_wconf 88' lang='lat' dir='ltr'>si</span> <span class='ocrx_word' id='word_1_58' title='bbox 1237 968 1515 1047; x_wconf 88' lang='lat' dir='ltr'>alioquin</span> <span class='ocrx_word' id='word_1_59' title='bbox 1537 968 1745 1048; x_wconf 85' lang='lat' dir='ltr'>justus</span> <span class='ocrx_word' id='word_1_60' title='bbox 1772 968 1922 1046; x_wconf 91' lang='lat' dir='ltr'>fuit,</span> <span class='ocrx_word' id='word_1_61' title='bbox 1956 988 2017 1031; x_wconf 89' lang='lat' dir='ltr'>v.</span> <span class='ocrx_word' id='word_1_62' title='bbox 2051 989 2113 1048; x_wconf 84' lang='lat' dir='ltr'>g.</span> <span class='ocrx_word' id='word_1_63' title='bbox 2148 969 2201 1031; x_wconf 92' lang='lat' dir='ltr'>si</span> <span class='ocrx_word' id='word_1_64' title='bbox 2225 986 2369 1030; x_wconf 90' lang='lat' dir='ltr'>con-</span> 
     </span>
     <span class='ocr_line' id='line_1_12' title="bbox 836 1060 2371 1138; baseline 0.001 -15"><span class='ocrx_word' id='word_1_65' title='bbox 836 1066 1073 1123; x_wconf 88' lang='lat' dir='ltr'>tractus</span> <span class='ocrx_word' id='word_1_66' title='bbox 1103 1079 1227 1123; x_wconf 91' lang='lat' dir='ltr'>non</span> <span class='ocrx_word' id='word_1_67' title='bbox 1257 1061 1375 1122; x_wconf 88' lang='lat' dir='ltr'>fuit</span> <span class='ocrx_word' id='word_1_68' title='bbox 1401 1079 1615 1122; x_wconf 91' lang='lat' dir='ltr'>coram</span> <span class='ocrx_word' id='word_1_69' title='bbox 1642 1061 1976 1125; x_wconf 82' lang='lat' dir='ltr'>tabellione</span> <span class='ocrx_word' id='word_1_70' title='bbox 2006 1062 2208 1125; x_wconf 89' lang='lat' dir='ltr'>factus</span> <span class='ocrx_word' id='word_1_71' title='bbox 2230 1107 2248 1138; x_wconf 94' lang='lat'>,</span> <span class='ocrx_word' id='word_1_72' title='bbox 2281 1060 2371 1124; x_wconf 87' lang='lat' dir='ltr'>ita</span> 
     </span>
     <span class='ocr_line' id='line_1_13' title="bbox 834 1152 2372 1233; baseline -0.001 -16"><span class='ocrx_word' id='word_1_73' title='bbox 834 1154 1118 1230; x_wconf 79' lang='lat' dir='ltr'>AzoriuS‚</span> <span class='ocrx_word' id='word_1_74' title='bbox 1153 1152 1470 1230; x_wconf 87' lang='lat' dir='ltr'>Valentia,</span> <span class='ocrx_word' id='word_1_75' title='bbox 1504 1154 1738 1216; x_wconf 88' lang='lat' dir='ltr'>Molina</span> <span class='ocrx_word' id='word_1_76' title='bbox 1763 1200 1778 1231; x_wconf 91' lang='lat'>,</span> <span class='ocrx_word' id='word_1_77' title='bbox 1811 1154 2098 1233; x_wconf 77' lang='lat' dir='ltr'>LessiuS,</span> <span class='ocrx_word' id='word_1_78' title='bbox 2134 1156 2372 1215; x_wconf 88' lang='lat' dir='ltr'>Navar-</span> 
     </span>
     <span class='ocr_line' id='line_1_14' title="bbox 832 1246 2374 1326; baseline 0.003 -18"><span class='ocrx_word' id='word_1_79' title='bbox 832 1266 963 1322; x_wconf 88' lang='lat' dir='ltr'>rus‚</span> <span class='ocrx_word' id='word_1_80' title='bbox 997 1246 1399 1324; x_wconf 81' lang='lat' dir='ltr'>ReginalduS,</span> <span class='ocrx_word' id='word_1_81' title='bbox 1434 1249 1496 1307; x_wconf 86' lang='lat' dir='ltr'>et</span> <span class='ocrx_word' id='word_1_82' title='bbox 1522 1246 1646 1322; x_wconf 89' lang='lat' dir='ltr'>alii,</span> <span class='ocrx_word' id='word_1_83' title='bbox 1671 1265 1826 1326; x_wconf 91' lang='lat' dir='ltr'>quos</span> <span class='ocrx_word' id='word_1_84' title='bbox 1855 1249 2036 1310; x_wconf 80' lang='lat' dir='ltr'>affert</span> <span class='ocrx_word' id='word_1_85' title='bbox 2053 1248 2374 1312; x_wconf 80' lang='lat' dir='ltr'>Bonacina</span> 
     </span>
     <span class='ocr_line' id='line_1_15' title="bbox 834 1338 2370 1419; baseline 0.001 -19"><span class='ocrx_word' id='word_1_86' title='bbox 834 1340 973 1401; x_wconf 92' lang='lat' dir='ltr'>loco</span> <span class='ocrx_word' id='word_1_87' title='bbox 1006 1340 1193 1401; x_wconf 86' lang='lat' dir='ltr'>citato</span> <span class='ocrx_word' id='word_1_88' title='bbox 1214 1385 1230 1416; x_wconf 93' lang='lat'>,</span> <span class='ocrx_word' id='word_1_89' title='bbox 1277 1338 1490 1400; x_wconf 88' lang='lat' dir='ltr'>dicens</span> <span class='ocrx_word' id='word_1_90' title='bbox 1520 1358 1645 1399; x_wconf 92' lang='lat' dir='ltr'>non</span> <span class='ocrx_word' id='word_1_91' title='bbox 1675 1358 1809 1400; x_wconf 91' lang='lat' dir='ltr'>esse</span> <span class='ocrx_word' id='word_1_92' title='bbox 1839 1340 1903 1401; x_wconf 91' lang='lat' dir='ltr'>id</span> <span class='ocrx_word' id='word_1_93' title='bbox 1930 1340 2370 1419; x_wconf 79' lang='lat' dir='ltr'>improbabile,</span> 
     </span>
     <span class='ocr_line' id='line_1_16' title="bbox 838 1431 2368 1510; baseline 0.001 -16"><span class='ocrx_word' id='word_1_94' title='bbox 838 1436 902 1494; x_wconf 91' lang='lat' dir='ltr'>et</span> <span class='ocrx_word' id='word_1_95' title='bbox 955 1432 1109 1493; x_wconf 90' lang='lat' dir='ltr'>alios</span> <span class='ocrx_word' id='word_1_96' title='bbox 1155 1431 1364 1510; x_wconf 88' lang='lat' dir='ltr'>plures</span> <span class='ocrx_word' id='word_1_97' title='bbox 1418 1432 1608 1493; x_wconf 77' lang='lat' dir='ltr'>refert</span> <span class='ocrx_word' id='word_1_98' title='bbox 1654 1433 1829 1494; x_wconf 89' lang='lat' dir='ltr'>Salas</span> <span class='ocrx_word' id='word_1_99' title='bbox 1876 1432 2042 1495; x_wconf 88' lang='lat' dir='ltr'>dicto</span> <span class='ocrx_word' id='word_1_100' title='bbox 2074 1433 2223 1495; x_wconf 91' lang='lat' dir='ltr'>dub.</span> <span class='ocrx_word' id='word_1_101' title='bbox 2256 1449 2368 1496; x_wconf 89' lang='lat' dir='ltr'>v11.</span> 
     </span>
     <span class='ocr_line' id='line_1_17' title="bbox 842 1524 2378 1605; baseline 0.001 -19"><span class='ocrx_word' id='word_1_102' title='bbox 842 1526 964 1587; x_wconf 86' lang='lat' dir='ltr'>Alii</span> <span class='ocrx_word' id='word_1_103' title='bbox 991 1543 1140 1586; x_wconf 90' lang='lat' dir='ltr'>vero</span> <span class='ocrx_word' id='word_1_104' title='bbox 1174 1570 1190 1602; x_wconf 91' lang='lat'>,</span> <span class='ocrx_word' id='word_1_105' title='bbox 1248 1524 1474 1605; x_wconf 89' lang='lat' dir='ltr'>quibus</span> <span class='ocrx_word' id='word_1_106' title='bbox 1503 1525 1819 1588; x_wconf 89' lang='lat' dir='ltr'>Bonacina</span> <span class='ocrx_word' id='word_1_107' title='bbox 1849 1527 2185 1588; x_wconf 79' lang='lat' dir='ltr'>assentitur</span> <span class='ocrx_word' id='word_1_108' title='bbox 2209 1573 2229 1600; x_wconf 88' lang='lat'>,</span> <span class='ocrx_word' id='word_1_109' title='bbox 2281 1526 2378 1587; x_wconf 83' lang='lat' dir='ltr'>di-</span> 
     </span>
     <span class='ocr_line' id='line_1_18' title="bbox 840 1617 2378 1698; baseline 0.001 -18"><span class='ocrx_word' id='word_1_110' title='bbox 840 1622 1012 1694; x_wconf 90' lang='lat' dir='ltr'>cunt,</span> <span class='ocrx_word' id='word_1_111' title='bbox 1046 1617 1435 1679; x_wconf 90' lang='lat' dir='ltr'>conditiones</span> <span class='ocrx_word' id='word_1_112' title='bbox 1458 1618 1593 1678; x_wconf 90' lang='lat' dir='ltr'>illas</span> <span class='ocrx_word' id='word_1_113' title='bbox 1620 1618 1854 1698; x_wconf 88' lang='lat' dir='ltr'>requiri</span> <span class='ocrx_word' id='word_1_114' title='bbox 1884 1623 1954 1681; x_wconf 89' lang='lat' dir='ltr'>ut</span> <span class='ocrx_word' id='word_1_115' title='bbox 1979 1620 2282 1697; x_wconf 89' lang='lat' dir='ltr'>formam,</span> <span class='ocrx_word' id='word_1_116' title='bbox 2316 1623 2378 1683; x_wconf 90' lang='lat' dir='ltr'>et</span> 
     </span>
     <span class='ocr_line' id='line_1_19' title="bbox 842 1711 2377 1774; baseline 0.001 -1"><span class='ocrx_word' id='word_1_117' title='bbox 842 1730 1061 1773; x_wconf 89' lang='lat' dir='ltr'>earum</span> <span class='ocrx_word' id='word_1_118' title='bbox 1113 1711 1362 1773; x_wconf 89' lang='lat' dir='ltr'>defectu</span> <span class='ocrx_word' id='word_1_119' title='bbox 1390 1711 1599 1773; x_wconf 90' lang='lat' dir='ltr'>vitiari</span> <span class='ocrx_word' id='word_1_120' title='bbox 1653 1715 2043 1774; x_wconf 89' lang='lat' dir='ltr'>contractum</span> <span class='ocrx_word' id='word_1_121' title='bbox 2083 1713 2273 1774; x_wconf 85' lang='lat' dir='ltr'>etiam</span> <span class='ocrx_word' id='word_1_122' title='bbox 2311 1712 2377 1774; x_wconf 92' lang='lat' dir='ltr'>in</span> 
     </span>
     <span class='ocr_line' id='line_1_20' title="bbox 841 1803 2379 1884; baseline -0.001 -16"><span class='ocrx_word' id='word_1_123' title='bbox 841 1806 976 1867; x_wconf 88' lang='lat' dir='ltr'>foro</span> <span class='ocrx_word' id='word_1_124' title='bbox 1005 1803 1400 1865; x_wconf 67' lang='lat' dir='ltr'>conscientiae</span> <span class='ocrx_word' id='word_1_125' title='bbox 1426 1824 1439 1866; x_wconf 91' lang='lat'>:</span> <span class='ocrx_word' id='word_1_126' title='bbox 1473 1804 1552 1864; x_wconf 91' lang='lat' dir='ltr'>de</span> <span class='ocrx_word' id='word_1_127' title='bbox 1581 1823 1703 1884; x_wconf 92' lang='lat' dir='ltr'>quo</span> <span class='ocrx_word' id='word_1_128' title='bbox 1733 1809 1945 1866; x_wconf 84' lang='lat' dir='ltr'>tamen</span> <span class='ocrx_word' id='word_1_129' title='bbox 1976 1804 2245 1866; x_wconf 81' lang='lat' dir='ltr'>diximus</span> <span class='ocrx_word' id='word_1_130' title='bbox 2275 1825 2379 1866; x_wconf 90' lang='lat' dir='ltr'>su-</span> 
     </span>
     <span class='ocr_line' id='line_1_21' title="bbox 840 1897 2378 1978; baseline 0 -19"><span class='ocrx_word' id='word_1_131' title='bbox 840 1918 957 1978; x_wconf 86' lang='lat' dir='ltr'>pra</span> <span class='ocrx_word' id='word_1_132' title='bbox 986 1902 1243 1976; x_wconf 86' lang='lat' dir='ltr'>agentes</span> <span class='ocrx_word' id='word_1_133' title='bbox 1272 1897 1350 1957; x_wconf 90' lang='lat' dir='ltr'>de</span> <span class='ocrx_word' id='word_1_134' title='bbox 1379 1898 1804 1959; x_wconf 86' lang='lat' dir='ltr'>contractibus</span> <span class='ocrx_word' id='word_1_135' title='bbox 1833 1898 1897 1959; x_wconf 92' lang='lat' dir='ltr'>in</span> <span class='ocrx_word' id='word_1_136' title='bbox 1926 1899 2266 1975; x_wconf 91' lang='lat' dir='ltr'>communi,</span> <span class='ocrx_word' id='word_1_137' title='bbox 2297 1918 2378 1960; x_wconf 86' lang='lat' dir='ltr'>an</span> 
     </span>
     <span class='ocr_line' id='line_1_22' title="bbox 843 1990 2377 2071; baseline 0.001 -19"><span class='ocrx_word' id='word_1_138' title='bbox 843 2010 917 2052; x_wconf 85' lang='lat' dir='ltr'>ex</span> <span class='ocrx_word' id='word_1_139' title='bbox 960 1991 1210 2053; x_wconf 83' lang='lat' dir='ltr'>defectu</span> <span class='ocrx_word' id='word_1_140' title='bbox 1251 1990 1663 2053; x_wconf 81' lang='lat' dir='ltr'>solemnitatis</span> <span class='ocrx_word' id='word_1_141' title='bbox 1705 2011 1744 2052; x_wconf 90' lang='lat' dir='ltr'>a</span> <span class='ocrx_word' id='word_1_142' title='bbox 1770 1992 2013 2069; x_wconf 86' lang='lat' dir='ltr'>legibus</span> <span class='ocrx_word' id='word_1_143' title='bbox 2061 1992 2377 2071; x_wconf 77' lang='lat' dir='ltr'>requisitae</span> 
     </span>
     <span class='ocr_line' id='line_1_23' title="bbox 843 2082 2377 2161; baseline 0.001 -17"><span class='ocrx_word' id='word_1_144' title='bbox 843 2083 1141 2145; x_wconf 84' lang='lat' dir='ltr'>vitientur</span> <span class='ocrx_word' id='word_1_145' title='bbox 1170 2082 1359 2144; x_wconf 90' lang='lat' dir='ltr'>etiam</span> <span class='ocrx_word' id='word_1_146' title='bbox 1390 2082 1448 2142; x_wconf 92' lang='lat' dir='ltr'>in</span> <span class='ocrx_word' id='word_1_147' title='bbox 1481 2084 1615 2145; x_wconf 89' lang='lat' dir='ltr'>foro</span> <span class='ocrx_word' id='word_1_148' title='bbox 1651 2084 2082 2161; x_wconf 77' lang='lat' dir='ltr'>conscientiae,</span> <span class='ocrx_word' id='word_1_149' title='bbox 2117 2103 2198 2144; x_wconf 88' lang='lat' dir='ltr'>an</span> <span class='ocrx_word' id='word_1_150' title='bbox 2227 2103 2377 2146; x_wconf 90' lang='lat' dir='ltr'>vero</span> 
     </span>
     <span class='ocr_line' id='line_1_24' title="bbox 846 2174 2381 2253; baseline 0.002 -17"><span class='ocrx_word' id='word_1_151' title='bbox 846 2174 908 2236; x_wconf 91' lang='lat' dir='ltr'>in</span> <span class='ocrx_word' id='word_1_152' title='bbox 938 2176 1071 2236; x_wconf 87' lang='lat' dir='ltr'>soro</span> <span class='ocrx_word' id='word_1_153' title='bbox 1102 2175 1304 2236; x_wconf 90' lang='lat' dir='ltr'>solum</span> <span class='ocrx_word' id='word_1_154' title='bbox 1333 2178 1587 2237; x_wconf 87' lang='lat' dir='ltr'>externo</span> <span class='ocrx_word' id='word_1_155' title='bbox 1611 2220 1628 2253; x_wconf 89' lang='lat'>,</span> <span class='ocrx_word' id='word_1_156' title='bbox 1679 2176 1787 2237; x_wconf 92' lang='lat' dir='ltr'>ubi</span> <span class='ocrx_word' id='word_1_157' title='bbox 1824 2180 2100 2240; x_wconf 88' lang='lat' dir='ltr'>nostram</span> <span class='ocrx_word' id='word_1_158' title='bbox 2129 2181 2381 2239; x_wconf 87' lang='lat' dir='ltr'>senten-</span> 
     </span>
     <span class='ocr_line' id='line_1_25' title="bbox 845 2267 1614 2346; baseline 0.003 -17"><span class='ocrx_word' id='word_1_159' title='bbox 845 2268 999 2330; x_wconf 87' lang='lat' dir='ltr'>tiam</span> <span class='ocrx_word' id='word_1_160' title='bbox 1027 2268 1150 2328; x_wconf 87' lang='lat' dir='ltr'>late</span> <span class='ocrx_word' id='word_1_161' title='bbox 1183 2267 1614 2346; x_wconf 82' lang='lat' dir='ltr'>explicuimus,</span> 
     </span>
    </p>

    <p class='ocr_par' dir='ltr' id='par_1_7' title="bbox 838 2360 2383 4112">
     <span class='ocr_line' id='line_1_26' title="bbox 928 2360 2380 2445; baseline 0.003 -24"><span class='ocrx_word' id='word_1_162' title='bbox 928 2362 1036 2421; x_wconf 87' lang='lat' dir='ltr'>His</span> <span class='ocrx_word' id='word_1_163' title='bbox 1062 2360 1337 2422; x_wconf 86' lang='lat' dir='ltr'>breviter</span> <span class='ocrx_word' id='word_1_164' title='bbox 1362 2361 1717 2441; x_wconf 80' lang='lat' dir='ltr'>suppositiS,</span> <span class='ocrx_word' id='word_1_165' title='bbox 1750 2363 2123 2424; x_wconf 80' lang='lat' dir='ltr'>accedamus</span> <span class='ocrx_word' id='word_1_166' title='bbox 2136 2365 2270 2445; x_wconf 90' lang='lat' dir='ltr'>jam</span> <span class='ocrx_word' id='word_1_167' title='bbox 2299 2364 2380 2425; x_wconf 89' lang='lat' dir='ltr'>ad</span> 
     </span>
     <span class='ocr_line' id='line_1_27' title="bbox 847 2453 2381 2535; baseline 0.003 -20"><span class='ocrx_word' id='word_1_168' title='bbox 847 2454 1123 2532; x_wconf 86' lang='lat' dir='ltr'>singulas</span> <span class='ocrx_word' id='word_1_169' title='bbox 1153 2453 1540 2516; x_wconf 89' lang='lat' dir='ltr'>conditiones</span> <span class='ocrx_word' id='word_1_170' title='bbox 1570 2454 1989 2532; x_wconf 76' lang='lat' dir='ltr'>explicandae.</span> <span class='ocrx_word' id='word_1_171' title='bbox 2033 2458 2121 2517; x_wconf 92' lang='lat' dir='ltr'>De</span> <span class='ocrx_word' id='word_1_172' title='bbox 2152 2457 2381 2535; x_wconf 89' lang='lat' dir='ltr'>quibus</span> 
     </span>
     <span class='ocr_line' id='line_1_28' title="bbox 845 2546 2383 2627; baseline 0.001 -18"><span class='ocrx_word' id='word_1_173' title='bbox 845 2552 1058 2609; x_wconf 82' lang='lat' dir='ltr'>tamen</span> <span class='ocrx_word' id='word_1_174' title='bbox 1088 2546 1345 2609; x_wconf 86' lang='lat' dir='ltr'>adverte</span> <span class='ocrx_word' id='word_1_175' title='bbox 1364 2592 1380 2623; x_wconf 93' lang='lat'>,</span> <span class='ocrx_word' id='word_1_176' title='bbox 1414 2565 1539 2607; x_wconf 91' lang='lat' dir='ltr'>non</span> <span class='ocrx_word' id='word_1_177' title='bbox 1567 2547 1910 2627; x_wconf 84' lang='lat' dir='ltr'>procedere</span> <span class='ocrx_word' id='word_1_178' title='bbox 1940 2548 2057 2610; x_wconf 90' lang='lat' dir='ltr'>nisi</span> <span class='ocrx_word' id='word_1_179' title='bbox 2087 2549 2152 2609; x_wconf 89' lang='lat' dir='ltr'>in</span> <span class='ocrx_word' id='word_1_180' title='bbox 2181 2549 2383 2611; x_wconf 89' lang='lat' dir='ltr'>censi-</span> 
     </span>
     <span class='ocr_line' id='line_1_29' title="bbox 844 2639 2376 2721; baseline 0.001 -20"><span class='ocrx_word' id='word_1_181' title='bbox 844 2640 995 2718; x_wconf 81' lang='lat' dir='ltr'>buS,</span> <span class='ocrx_word' id='word_1_182' title='bbox 1048 2639 1153 2720; x_wconf 89' lang='lat' dir='ltr'>qui</span> <span class='ocrx_word' id='word_1_183' title='bbox 1199 2642 1522 2701; x_wconf 88' lang='lat' dir='ltr'>contractu</span> <span class='ocrx_word' id='word_1_184' title='bbox 1576 2658 1838 2702; x_wconf 90' lang='lat' dir='ltr'>oneroso</span> <span class='ocrx_word' id='word_1_185' title='bbox 1895 2642 2376 2721; x_wconf 87' lang='lat' dir='ltr'>constituuntur,</span> 
     </span>
     <span class='ocr_line' id='line_1_30' title="bbox 845 2732 2374 2813; baseline 0.002 -19"><span class='ocrx_word' id='word_1_186' title='bbox 845 2752 971 2794; x_wconf 92' lang='lat' dir='ltr'>non</span> <span class='ocrx_word' id='word_1_187' title='bbox 1000 2751 1148 2795; x_wconf 88' lang='lat' dir='ltr'>vero</span> <span class='ocrx_word' id='word_1_188' title='bbox 1179 2733 1242 2792; x_wconf 90' lang='lat' dir='ltr'>in</span> <span class='ocrx_word' id='word_1_189' title='bbox 1271 2733 1346 2793; x_wconf 90' lang='lat' dir='ltr'>iis</span> <span class='ocrx_word' id='word_1_190' title='bbox 1367 2777 1383 2809; x_wconf 91' lang='lat'>,</span> <span class='ocrx_word' id='word_1_191' title='bbox 1425 2733 1535 2811; x_wconf 92' lang='lat' dir='ltr'>qui</span> <span class='ocrx_word' id='word_1_192' title='bbox 1564 2732 1932 2811; x_wconf 82' lang='lat' dir='ltr'>donatione,</span> <span class='ocrx_word' id='word_1_193' title='bbox 1978 2737 2374 2813; x_wconf 81' lang='lat' dir='ltr'>testamentO,</span> 
     </span>
     <span class='ocr_line' id='line_1_31' title="bbox 843 2825 2381 2909; baseline 0.004 -24"><span class='ocrx_word' id='word_1_194' title='bbox 843 2825 945 2885; x_wconf 92' lang='lat' dir='ltr'>vel</span> <span class='ocrx_word' id='word_1_195' title='bbox 971 2826 1092 2886; x_wconf 89' lang='lat' dir='ltr'>alio</span> <span class='ocrx_word' id='word_1_196' title='bbox 1122 2825 1311 2885; x_wconf 88' lang='lat' dir='ltr'>simili</span> <span class='ocrx_word' id='word_1_197' title='bbox 1340 2825 1514 2887; x_wconf 86' lang='lat' dir='ltr'>titulo</span> <span class='ocrx_word' id='word_1_198' title='bbox 1545 2829 1859 2903; x_wconf 83' lang='lat' dir='ltr'>creantur,</span> <span class='ocrx_word' id='word_1_199' title='bbox 1894 2827 1958 2888; x_wconf 90' lang='lat' dir='ltr'>in</span> <span class='ocrx_word' id='word_1_200' title='bbox 1988 2828 2214 2907; x_wconf 88' lang='lat' dir='ltr'>quibus</span> <span class='ocrx_word' id='word_1_201' title='bbox 2248 2829 2381 2909; x_wconf 90' lang='lat' dir='ltr'>qui-</span> 
     </span>
     <span class='ocr_line' id='line_1_32' title="bbox 841 2918 2383 3000; baseline 0.006 -23"><span class='ocrx_word' id='word_1_202' title='bbox 841 2918 996 2980; x_wconf 89' lang='lat' dir='ltr'>libet</span> <span class='ocrx_word' id='word_1_203' title='bbox 1049 2922 1255 2997; x_wconf 86' lang='lat' dir='ltr'>potcst</span> <span class='ocrx_word' id='word_1_204' title='bbox 1307 2935 1373 2978; x_wconf 84' lang='lat' dir='ltr'>se</span> <span class='ocrx_word' id='word_1_205' title='bbox 1425 2921 1612 2997; x_wconf 91' lang='lat' dir='ltr'>prout</span> <span class='ocrx_word' id='word_1_206' title='bbox 1637 2920 1907 2981; x_wconf 88' lang='lat' dir='ltr'>voluerit</span> <span class='ocrx_word' id='word_1_207' title='bbox 1933 2920 2213 3000; x_wconf 79' lang='lat' dir='ltr'>obligare</span> <span class='ocrx_word' id='word_1_208' title='bbox 2237 2968 2253 2999; x_wconf 93' lang='lat'>,</span> <span class='ocrx_word' id='word_1_209' title='bbox 2311 2927 2383 2987; x_wconf 90' lang='lat' dir='ltr'>ut</span> 
     </span>
     <span class='ocr_line' id='line_1_33' title="bbox 844 3010 2380 3092; baseline 0.003 -21"><span class='ocrx_word' id='word_1_210' title='bbox 844 3028 988 3071; x_wconf 90' lang='lat' dir='ltr'>cum</span> <span class='ocrx_word' id='word_1_211' title='bbox 1020 3010 1154 3071; x_wconf 88' lang='lat' dir='ltr'>aliis</span> <span class='ocrx_word' id='word_1_212' title='bbox 1184 3013 1358 3072; x_wconf 86' lang='lat' dir='ltr'>notat</span> <span class='ocrx_word' id='word_1_213' title='bbox 1381 3011 1628 3071; x_wconf 89' lang='lat' dir='ltr'>Lessius</span> <span class='ocrx_word' id='word_1_214' title='bbox 1655 3029 1828 3074; x_wconf 90' lang='lat' dir='ltr'>num.</span> <span class='ocrx_word' id='word_1_215' title='bbox 1862 3016 1960 3075; x_wconf 81' lang='lat'>96.</span> <span class='ocrx_word' id='word_1_216' title='bbox 2021 3015 2098 3074; x_wconf 85' lang='lat' dir='ltr'>Et</span> <span class='ocrx_word' id='word_1_217' title='bbox 2124 3015 2380 3092; x_wconf 91' lang='lat' dir='ltr'>quidem</span> 
     </span>
     <span class='ocr_line' id='line_1_34' title="bbox 846 3103 2382 3170; baseline 0.003 -6"><span class='ocrx_word' id='word_1_218' title='bbox 846 3104 1178 3165; x_wconf 85' lang='lat' dir='ltr'>Pontifices</span> <span class='ocrx_word' id='word_1_219' title='bbox 1207 3103 1312 3164; x_wconf 87' lang='lat' dir='ltr'>alii</span> <span class='ocrx_word' id='word_1_220' title='bbox 1350 3106 1497 3166; x_wconf 79' lang='lat' dir='ltr'>ante</span> <span class='ocrx_word' id='word_1_221' title='bbox 1530 3104 1708 3165; x_wconf 91' lang='lat' dir='ltr'>Pium</span> <span class='ocrx_word' id='word_1_222' title='bbox 1736 3107 1809 3168; x_wconf 95' lang='lat' dir='ltr'>V.</span> <span class='ocrx_word' id='word_1_223' title='bbox 1844 3107 2050 3167; x_wconf 85' lang='lat' dir='ltr'>varias</span> <span class='ocrx_word' id='word_1_224' title='bbox 2080 3108 2382 3170; x_wconf 85' lang='lat' dir='ltr'>conditio-</span> 
     </span>
     <span class='ocr_line' id='line_1_35' title="bbox 844 3197 2372 3276; baseline 0.006 -20"><span class='ocrx_word' id='word_1_225' title='bbox 844 3214 956 3256; x_wconf 87' lang='lat' dir='ltr'>nes</span> <span class='ocrx_word' id='word_1_226' title='bbox 1003 3197 1469 3276; x_wconf 86' lang='lat' dir='ltr'>explicuerunt,</span> <span class='ocrx_word' id='word_1_227' title='bbox 1521 3214 1677 3275; x_wconf 84' lang='lat' dir='ltr'>quas</span> <span class='ocrx_word' id='word_1_228' title='bbox 1718 3199 1910 3262; x_wconf 89' lang='lat' dir='ltr'>refert</span> <span class='ocrx_word' id='word_1_229' title='bbox 1947 3200 2195 3262; x_wconf 83' lang='lat' dir='ltr'>Lessius</span> <span class='ocrx_word' id='word_1_230' title='bbox 2222 3201 2372 3265; x_wconf 90' lang='lat' dir='ltr'>dub.</span> 
     </span>
     <span class='ocr_line' id='line_1_36' title="bbox 842 3293 2374 3369; baseline 0.004 -19"><span class='ocrx_word' id='word_1_231' title='bbox 842 3306 955 3351; x_wconf 82' lang='lat' dir='ltr'>xn.</span> <span class='ocrx_word' id='word_1_232' title='bbox 996 3308 1102 3350; x_wconf 92' lang='lat' dir='ltr'>nu.</span> <span class='ocrx_word' id='word_1_233' title='bbox 1136 3293 1234 3350; x_wconf 84' lang='lat'>75.</span> <span class='ocrx_word' id='word_1_234' title='bbox 1295 3307 1451 3368; x_wconf 89' lang='lat' dir='ltr'>quas</span> <span class='ocrx_word' id='word_1_235' title='bbox 1513 3308 1638 3350; x_wconf 90' lang='lat' dir='ltr'>non</span> <span class='ocrx_word' id='word_1_236' title='bbox 1695 3295 1943 3369; x_wconf 85' lang='lat' dir='ltr'>oportet</span> <span class='ocrx_word' id='word_1_237' title='bbox 1994 3294 2374 3369; x_wconf 82' lang='lat' dir='ltr'>examinare,</span> 
     </span>
     <span class='ocr_line' id='line_1_37' title="bbox 845 3381 2378 3463; baseline 0.005 -23"><span class='ocrx_word' id='word_1_238' title='bbox 845 3381 994 3461; x_wconf 88' lang='lat' dir='ltr'>quia</span> <span class='ocrx_word' id='word_1_239' title='bbox 1021 3381 1168 3442; x_wconf 88' lang='lat' dir='ltr'>licet</span> <span class='ocrx_word' id='word_1_240' title='bbox 1194 3381 1239 3442; x_wconf 91' lang='lat' dir='ltr'>ii</span> <span class='ocrx_word' id='word_1_241' title='bbox 1266 3382 1598 3444; x_wconf 87' lang='lat' dir='ltr'>Pontifices</span> <span class='ocrx_word' id='word_1_242' title='bbox 1627 3382 2120 3463; x_wconf 89' lang='lat' dir='ltr'>declaraverint,</span> <span class='ocrx_word' id='word_1_243' title='bbox 2154 3387 2378 3449; x_wconf 79' lang='lat' dir='ltr'>census</span> 
     </span>
     <span class='ocr_line' id='line_1_38' title="bbox 845 3474 2376 3559; baseline 0.005 -25"><span class='ocrx_word' id='word_1_244' title='bbox 845 3493 992 3535; x_wconf 92' lang='lat' dir='ltr'>cum</span> <span class='ocrx_word' id='word_1_245' title='bbox 1020 3474 1095 3534; x_wconf 89' lang='lat' dir='ltr'>iis</span> <span class='ocrx_word' id='word_1_246' title='bbox 1125 3475 1586 3536; x_wconf 90' lang='lat' dir='ltr'>conditionibus</span> <span class='ocrx_word' id='word_1_247' title='bbox 1615 3476 1818 3538; x_wconf 89' lang='lat' dir='ltr'>licitos</span> <span class='ocrx_word' id='word_1_248' title='bbox 1847 3496 2004 3554; x_wconf 89' lang='lat' dir='ltr'>esse,</span> <span class='ocrx_word' id='word_1_249' title='bbox 2039 3479 2117 3540; x_wconf 90' lang='lat' dir='ltr'>de</span> <span class='ocrx_word' id='word_1_250' title='bbox 2148 3481 2376 3559; x_wconf 88' lang='lat' dir='ltr'>quibus</span> 
     </span>
     <span class='ocr_line' id='line_1_39' title="bbox 842 3567 2379 3646; baseline 0.003 -18"><span class='ocrx_word' id='word_1_251' title='bbox 842 3567 990 3628; x_wconf 90' lang='lat' dir='ltr'>solis</span> <span class='ocrx_word' id='word_1_252' title='bbox 1033 3568 1398 3646; x_wconf 86' lang='lat' dir='ltr'>interrogati</span> <span class='ocrx_word' id='word_1_253' title='bbox 1443 3567 1727 3642; x_wconf 61' lang='lat' dir='ltr'>fueram</span> <span class='ocrx_word' id='word_1_254' title='bbox 1780 3588 1904 3631; x_wconf 90' lang='lat' dir='ltr'>non</span> <span class='ocrx_word' id='word_1_255' title='bbox 1945 3575 2158 3632; x_wconf 88' lang='lat' dir='ltr'>tamen</span> <span class='ocrx_word' id='word_1_256' title='bbox 2205 3572 2379 3634; x_wconf 85' lang='lat' dir='ltr'>dixe-</span> 
     </span>
     <span class='ocr_line' id='line_1_40' title="bbox 841 3660 2378 3741; baseline 0.003 -19"><span class='ocrx_word' id='word_1_257' title='bbox 841 3664 1009 3737; x_wconf 88' lang='lat' dir='ltr'>runt,</span> <span class='ocrx_word' id='word_1_258' title='bbox 1043 3660 1117 3720; x_wconf 88' lang='lat' dir='ltr'>iis</span> <span class='ocrx_word' id='word_1_259' title='bbox 1138 3660 1606 3723; x_wconf 80' lang='lat' dir='ltr'>conditionibus</span> <span class='ocrx_word' id='word_1_260' title='bbox 1634 3662 2098 3741; x_wconf 79' lang='lat' dir='ltr'>deficientibuS‚</span> <span class='ocrx_word' id='word_1_261' title='bbox 2149 3666 2246 3726; x_wconf 93' lang='lat' dir='ltr'>vel</span> <span class='ocrx_word' id='word_1_262' title='bbox 2278 3685 2378 3727; x_wconf 88' lang='lat' dir='ltr'>ea-</span> 
     </span>
     <span class='ocr_line' id='line_1_41' title="bbox 841 3753 2379 3833; baseline 0.003 -19"><span class='ocrx_word' id='word_1_263' title='bbox 841 3771 982 3814; x_wconf 93' lang='lat' dir='ltr'>rum</span> <span class='ocrx_word' id='word_1_264' title='bbox 1010 3753 1215 3833; x_wconf 81' lang='lat' dir='ltr'>aliqua</span> <span class='ocrx_word' id='word_1_265' title='bbox 1237 3798 1253 3831; x_wconf 92' lang='lat'>,</span> <span class='ocrx_word' id='word_1_266' title='bbox 1288 3772 1424 3814; x_wconf 90' lang='lat' dir='ltr'>esse</span> <span class='ocrx_word' id='word_1_267' title='bbox 1450 3754 1734 3833; x_wconf 58' lang='lat' dir='ltr'>injustos</span> <span class='ocrx_word' id='word_1_268' title='bbox 1796 3757 2000 3828; x_wconf 88' lang='lat' dir='ltr'>Quare</span> <span class='ocrx_word' id='word_1_269' title='bbox 2026 3757 2148 3817; x_wconf 81' lang='lat' dir='ltr'>illae</span> <span class='ocrx_word' id='word_1_270' title='bbox 2178 3759 2379 3819; x_wconf 85' lang='lat' dir='ltr'>solum</span> 
     </span>
     <span class='ocr_line' id='line_1_42' title="bbox 840 3847 2382 3929; baseline 0.004 -21"><span class='ocrx_word' id='word_1_271' title='bbox 840 3847 1231 3909; x_wconf 89' lang='lat' dir='ltr'>conditiones</span> <span class='ocrx_word' id='word_1_272' title='bbox 1262 3847 1659 3908; x_wconf 75' lang='lat' dir='ltr'>declarandae</span> <span class='ocrx_word' id='word_1_273' title='bbox 1687 3851 1866 3923; x_wconf 85' lang='lat' dir='ltr'>sunt,</span> <span class='ocrx_word' id='word_1_274' title='bbox 1902 3868 2060 3929; x_wconf 91' lang='lat' dir='ltr'>quas</span> <span class='ocrx_word' id='word_1_275' title='bbox 2090 3852 2382 3929; x_wconf 90' lang='lat' dir='ltr'>apposuit</span> 
     </span>
     <span class='ocr_line' id='line_1_43' title="bbox 841 3939 2379 4020; baseline 0.002 -19"><span class='ocrx_word' id='word_1_276' title='bbox 841 3939 985 4001; x_wconf 81' lang='lat' dir='ltr'>Pius</span> <span class='ocrx_word' id='word_1_277' title='bbox 1015 3942 1090 4003; x_wconf 97' lang='lat' dir='ltr'>V.</span> <span class='ocrx_word' id='word_1_278' title='bbox 1142 3944 1204 4002; x_wconf 92' lang='lat' dir='ltr'>et</span> <span class='ocrx_word' id='word_1_279' title='bbox 1247 3940 1379 4001; x_wconf 86' lang='lat' dir='ltr'>sine</span> <span class='ocrx_word' id='word_1_280' title='bbox 1436 3940 1664 4020; x_wconf 87' lang='lat' dir='ltr'>quibus</span> <span class='ocrx_word' id='word_1_281' title='bbox 1718 3940 2063 4003; x_wconf 86' lang='lat' dir='ltr'>declaravit</span> <span class='ocrx_word' id='word_1_282' title='bbox 2119 3962 2379 4004; x_wconf 91' lang='lat' dir='ltr'>censum</span> 
     </span>
     <span class='ocr_line' id='line_1_44' title="bbox 838 4031 2375 4112; baseline 0.004 -20"><span class='ocrx_word' id='word_1_283' title='bbox 838 4031 1309 4109; x_wconf 84' lang='lat' dir='ltr'>foeneratitium,</span> <span class='ocrx_word' id='word_1_284' title='bbox 1329 4035 1391 4093; x_wconf 89' lang='lat' dir='ltr'>et</span> <span class='ocrx_word' id='word_1_285' title='bbox 1415 4033 1716 4112; x_wconf 88' lang='lat' dir='ltr'>injustum</span> <span class='ocrx_word' id='word_1_286' title='bbox 1748 4034 2188 4097; x_wconf 84' lang='lat' dir='ltr'>aestimandum</span> <span class='ocrx_word' id='word_1_287' title='bbox 2218 4054 2375 4098; x_wconf 89' lang='lat' dir='ltr'>esse.</span> 
     </span>
    </p>

    <p class='ocr_par' dir='ltr' id='par_1_8' title="bbox 750 4125 2380 4300">
     <span class='ocr_line' id='line_1_45' title="bbox 918 4125 2380 4203; baseline 0.003 -16"><span class='ocrx_word' id='word_1_288' title='bbox 918 4125 1127 4187; x_wconf 90' lang='lat' dir='ltr'>Prima</span> <span class='ocrx_word' id='word_1_289' title='bbox 1155 4144 1304 4203; x_wconf 87' lang='lat' dir='ltr'>ergo</span> <span class='ocrx_word' id='word_1_290' title='bbox 1333 4126 1606 4187; x_wconf 86' lang='lat' dir='ltr'>conditio</span> <span class='ocrx_word' id='word_1_291' title='bbox 1636 4145 1673 4186; x_wconf 87' lang='lat' dir='ltr'>a</span> <span class='ocrx_word' id='word_1_292' title='bbox 1704 4127 1808 4188; x_wconf 93' lang='lat' dir='ltr'>Pio</span> <span class='ocrx_word' id='word_1_293' title='bbox 1833 4129 1908 4190; x_wconf 97' lang='lat' dir='ltr'>V.</span> <span class='ocrx_word' id='word_1_294' title='bbox 1945 4128 2218 4191; x_wconf 89' lang='lat' dir='ltr'>adducta</span> <span class='ocrx_word' id='word_1_295' title='bbox 2245 4129 2380 4191; x_wconf 82' lang='lat' dir='ltr'>haec</span> 
     </span>
     <span class='ocr_line' id='line_1_46' title="bbox 750 4220 2373 4300; baseline 0.004 -23"><span class='ocrx_word' id='word_1_296' title='bbox 750 4266 790 4300; x_wconf 89' lang='lat'>·..</span> <span class='ocrx_word' id='word_1_297' title='bbox 841 4222 935 4280; x_wconf 89' lang='lat' dir='ltr'>est</span> <span class='ocrx_word' id='word_1_298' title='bbox 965 4237 979 4280; x_wconf 74' lang='grc' dir='ltr'><strong>ε</strong></span> <span class='ocrx_word' id='word_1_299' title='bbox 1023 4239 1051 4275; x_wconf 91' lang='lat'>«</span> <span class='ocrx_word' id='word_1_300' title='bbox 1080 4221 1370 4294; x_wconf 89' lang='lat' dir='ltr'>Censum,</span> <span class='ocrx_word' id='word_1_301' title='bbox 1404 4236 1513 4279; x_wconf 91' lang='lat' dir='ltr'>seu</span> <span class='ocrx_word' id='word_1_302' title='bbox 1543 4237 1823 4279; x_wconf 89' lang='lat' dir='ltr'>annuum</span> <span class='ocrx_word' id='word_1_303' title='bbox 1851 4220 2124 4281; x_wconf 88' lang='lat' dir='ltr'>reditum</span> <span class='ocrx_word' id='word_1_304' title='bbox 2152 4223 2373 4300; x_wconf 89' lang='lat' dir='ltr'>creari,</span> 
     </span>
    </p>
   </div>
   <div class='ocr_carea' id='block_1_7' title="bbox 518 4310 2371 4415">
    <p class='ocr_par' dir='ltr' id='par_1_9' title="bbox 518 4310 2371 4415">
     <span class='ocr_line' id='line_1_47' title="bbox 518 4310 2371 4415; baseline 0.004 -47"><span class='ocrx_word' id='word_1_305' title='bbox 518 4377 629 4414; x_wconf 58' lang='lat' dir='ltr'>mn</span> <span class='ocrx_word' id='word_1_306' title='bbox 657 4319 785 4415; x_wconf 42' lang='lat' dir='ltr'>mgni?</span> <span class='ocrx_word' id='word_1_307' title='bbox 840 4310 1214 4373; x_wconf 83' lang='lat' dir='ltr'>constituive</span> <span class='ocrx_word' id='word_1_308' title='bbox 1260 4329 1386 4371; x_wconf 91' lang='lat' dir='ltr'>non</span> <span class='ocrx_word' id='word_1_309' title='bbox 1415 4329 1602 4390; x_wconf 90' lang='lat' dir='ltr'>posse</span> <span class='ocrx_word' id='word_1_310' title='bbox 1630 4356 1646 4387; x_wconf 91' lang='lat'>,</span> <span class='ocrx_word' id='word_1_311' title='bbox 1695 4311 1815 4373; x_wconf 89' lang='lat' dir='ltr'>nisi</span> <span class='ocrx_word' id='word_1_312' title='bbox 1843 4311 1907 4372; x_wconf 90' lang='lat' dir='ltr'>in</span> <span class='ocrx_word' id='word_1_313' title='bbox 1943 4331 2012 4373; x_wconf 93' lang='lat' dir='ltr'>re</span> <span class='ocrx_word' id='word_1_314' title='bbox 2041 4314 2371 4393; x_wconf 88' lang='lat' dir='ltr'>immobili,</span> 
     </span>
    </p>
   </div>
   <div class='ocr_carea' id='block_1_8' title="bbox 490 4403 2375 4578">
    <p class='ocr_par' dir='ltr' id='par_1_10' title="bbox 490 4403 2375 4578">
     <span class='ocr_line' id='line_1_48' title="bbox 490 4403 2375 4532; baseline 0.001 -65"><span class='ocrx_word' id='word_1_315' title='bbox 490 4436 653 4532; x_wconf 54' lang='grc' dir='ltr'>Ἥ</span> <span class='ocrx_word' id='word_1_316' title='bbox 658 4427 789 4522; x_wconf 49' lang='lat' dir='ltr'>¹11³ssst</span> <span class='ocrx_word' id='word_1_317' title='bbox 839 4408 948 4465; x_wconf 89' lang='lat' dir='ltr'>aut</span> <span class='ocrx_word' id='word_1_318' title='bbox 977 4421 1119 4484; x_wconf 77' lang='lat' dir='ltr'>quae</span> <span class='ocrx_word' id='word_1_319' title='bbox 1147 4422 1260 4483; x_wconf 91' lang='lat' dir='ltr'>pro</span> <span class='ocrx_word' id='word_1_320' title='bbox 1288 4403 1595 4465; x_wconf 87' lang='lat' dir='ltr'>immobili</span> <span class='ocrx_word' id='word_1_321' title='bbox 1623 4404 1933 4467; x_wconf 87' lang='lat' dir='ltr'>habeatur</span> <span class='ocrx_word' id='word_1_322' title='bbox 1952 4451 1968 4482; x_wconf 93' lang='lat'>,</span> <span class='ocrx_word' id='word_1_323' title='bbox 2004 4410 2066 4468; x_wconf 88' lang='lat' dir='ltr'>et</span> <span class='ocrx_word' id='word_1_324' title='bbox 2105 4425 2247 4485; x_wconf 82' lang='lat' dir='ltr'>quae</span> <span class='ocrx_word' id='word_1_325' title='bbox 2296 4408 2375 4470; x_wconf 89' lang='lat' dir='ltr'>de</span> 
     </span>
     <span class='ocr_line' id='line_1_49' title="bbox 529 4533 744 4578; baseline 0.019 -3"><span class='ocrx_word' id='word_1_326' title='bbox 529 4533 744 4578; x_wconf 71' lang='lat' dir='ltr'>constitui.</span> 
     </span>
    </p>
   </div>
   <div class='ocr_carea' id='block_1_9' title="bbox 823 4495 2375 5135">
    <p class='ocr_par' dir='ltr' id='par_1_11' title="bbox 823 4495 2375 5135">
     <span class='ocr_line' id='line_1_50' title="bbox 836 4495 2375 4576; baseline 0.004 -19"><span class='ocrx_word' id='word_1_327' title='bbox 836 4501 1063 4559; x_wconf 88' lang='lat' dir='ltr'>natura</span> <span class='ocrx_word' id='word_1_328' title='bbox 1090 4496 1408 4558; x_wconf 87' lang='lat' dir='ltr'>fructifera</span> <span class='ocrx_word' id='word_1_329' title='bbox 1435 4495 1551 4572; x_wconf 88' lang='lat' dir='ltr'>sit,</span> <span class='ocrx_word' id='word_1_330' title='bbox 1586 4500 1650 4558; x_wconf 90' lang='lat' dir='ltr'>et</span> <span class='ocrx_word' id='word_1_331' title='bbox 1675 4515 1816 4576; x_wconf 84' lang='lat' dir='ltr'>quae</span> <span class='ocrx_word' id='word_1_332' title='bbox 1845 4498 2226 4561; x_wconf 88' lang='lat' dir='ltr'>nominatim·</span> <span class='ocrx_word' id='word_1_333' title='bbox 2246 4517 2375 4563; x_wconf 78' lang='lat' dir='ltr'>cer-</span> 
     </span>
     <span class='ocr_line' id='line_1_51' title="bbox 834 4589 2374 4668; baseline 0.004 -17"><span class='ocrx_word' id='word_1_334' title='bbox 834 4590 913 4651; x_wconf 88' lang='lat' dir='ltr'>tis</span> <span class='ocrx_word' id='word_1_335' title='bbox 962 4590 1190 4650; x_wconf 87' lang='lat' dir='ltr'>finibus</span> <span class='ocrx_word' id='word_1_336' title='bbox 1246 4589 1575 4668; x_wconf 81' lang='lat' dir='ltr'>designata</span> <span class='ocrx_word' id='word_1_337' title='bbox 1619 4589 1700 4650; x_wconf 89' lang='lat' dir='ltr'>sit</span> <span class='ocrx_word' id='word_1_338' title='bbox 1726 4611 1753 4648; x_wconf 89' lang='lat'>»</span> <span class='ocrx_word' id='word_1_339' title='bbox 1797 4610 1811 4652; x_wconf 93' lang='lat'><strong>:</strong></span> <span class='ocrx_word' id='word_1_340' title='bbox 1872 4591 2108 4663; x_wconf 87' lang='lat' dir='ltr'>Quibus</span> <span class='ocrx_word' id='word_1_341' title='bbox 2157 4593 2374 4658; x_wconf 83' lang='lat' dir='ltr'>verbis</span> 
     </span>
     <span class='ocr_line' id='line_1_52' title="bbox 831 4681 2371 4765; baseline 0.003 -22"><span class='ocrx_word' id='word_1_342' title='bbox 831 4681 1118 4744; x_wconf 84' lang='lat' dir='ltr'>Pontifex</span> <span class='ocrx_word' id='word_1_343' title='bbox 1144 4681 1342 4744; x_wconf 89' lang='lat' dir='ltr'>voluit</span> <span class='ocrx_word' id='word_1_344' title='bbox 1369 4682 1698 4743; x_wconf 87' lang='lat' dir='ltr'>excludere</span> <span class='ocrx_word' id='word_1_345' title='bbox 1737 4700 1960 4744; x_wconf 87' lang='lat' dir='ltr'>census</span> <span class='ocrx_word' id='word_1_346' title='bbox 1989 4702 2207 4746; x_wconf 89' lang='lat' dir='ltr'>omnes</span> <span class='ocrx_word' id='word_1_347' title='bbox 2233 4704 2371 4765; x_wconf 83' lang='lat' dir='ltr'>per-</span> 
     </span>
     <span class='ocr_line' id='line_1_53' title="bbox 831 4774 2373 4856; baseline 0.003 -21"><span class='ocrx_word' id='word_1_348' title='bbox 831 4775 1078 4837; x_wconf 90' lang='lat' dir='ltr'>sonales</span> <span class='ocrx_word' id='word_1_349' title='bbox 1097 4819 1114 4853; x_wconf 93' lang='lat'>,</span> <span class='ocrx_word' id='word_1_350' title='bbox 1157 4774 1257 4836; x_wconf 92' lang='lat' dir='ltr'>vel</span> <span class='ocrx_word' id='word_1_351' title='bbox 1295 4774 1513 4836; x_wconf 89' lang='lat' dir='ltr'>mistos</span> <span class='ocrx_word' id='word_1_352' title='bbox 1541 4795 1616 4837; x_wconf 85' lang='lat' dir='ltr'>ex</span> <span class='ocrx_word' id='word_1_353' title='bbox 1643 4776 1960 4855; x_wconf 87' lang='lat' dir='ltr'>personali</span> <span class='ocrx_word' id='word_1_354' title='bbox 1986 4779 2052 4839; x_wconf 94' lang='lat' dir='ltr'>et</span> <span class='ocrx_word' id='word_1_355' title='bbox 2076 4777 2230 4839; x_wconf 88' lang='lat' dir='ltr'>reali</span> <span class='ocrx_word' id='word_1_356' title='bbox 2249 4823 2266 4856; x_wconf 88' lang='lat'>,</span> <span class='ocrx_word' id='word_1_357' title='bbox 2308 4783 2373 4846; x_wconf 84' lang='lat' dir='ltr'>et</span> 
     </span>
     <span class='ocr_line' id='line_1_54' title="bbox 826 4867 2369 4949; baseline 0 -19"><span class='ocrx_word' id='word_1_358' title='bbox 826 4868 971 4930; x_wconf 93' lang='lat' dir='ltr'>ideo</span> <span class='ocrx_word' id='word_1_359' title='bbox 1003 4867 1203 4930; x_wconf 90' lang='lat' dir='ltr'>noluit</span> <span class='ocrx_word' id='word_1_360' title='bbox 1229 4868 1523 4930; x_wconf 88' lang='lat' dir='ltr'>constitui</span> <span class='ocrx_word' id='word_1_361' title='bbox 1547 4887 1769 4930; x_wconf 90' lang='lat' dir='ltr'>census</span> <span class='ocrx_word' id='word_1_362' title='bbox 1798 4869 1914 4931; x_wconf 91' lang='lat' dir='ltr'>nisi</span> <span class='ocrx_word' id='word_1_363' title='bbox 1942 4888 2135 4949; x_wconf 90' lang='lat' dir='ltr'>super</span> <span class='ocrx_word' id='word_1_364' title='bbox 2160 4889 2227 4932; x_wconf 89' lang='lat' dir='ltr'>re</span> <span class='ocrx_word' id='word_1_365' title='bbox 2257 4869 2369 4930; x_wconf 89' lang='lat' dir='ltr'>im·</span> 
     </span>
     <span class='ocr_line' id='line_1_55' title="bbox 825 4960 2371 5043; baseline 0.003 -20"><span class='ocrx_word' id='word_1_366' title='bbox 825 4962 1065 5039; x_wconf 92' lang='lat' dir='ltr'>mobili,</span> <span class='ocrx_word' id='word_1_367' title='bbox 1102 4960 1280 5040; x_wconf 87' lang='lat' dir='ltr'>cujus</span> <span class='ocrx_word' id='word_1_368' title='bbox 1313 4962 1701 5024; x_wconf 85' lang='lat' dir='ltr'>ususfructus</span> <span class='ocrx_word' id='word_1_369' title='bbox 1727 4963 2009 5043; x_wconf 87' lang='lat' dir='ltr'>partialis</span> <span class='ocrx_word' id='word_1_370' title='bbox 2034 4963 2276 5027; x_wconf 86' lang='lat' dir='ltr'>directe</span> <span class='ocrx_word' id='word_1_371' title='bbox 2306 4967 2371 5029; x_wconf 84' lang='lat' dir='ltr'>et</span> 
     </span>
     <span class='ocr_line' id='line_1_56' title="bbox 823 5056 2189 5135; baseline 0.002 -20"><span class='ocrx_word' id='word_1_372' title='bbox 823 5056 1123 5134; x_wconf 89' lang='lat' dir='ltr'>primario</span> <span class='ocrx_word' id='word_1_373' title='bbox 1153 5058 1399 5118; x_wconf 87' lang='lat' dir='ltr'>ematur</span> <span class='ocrx_word' id='word_1_374' title='bbox 1423 5056 1616 5128; x_wconf 77' lang='lat' dir='ltr'>modo¹</span> <span class='ocrx_word' id='word_1_375' title='bbox 1643 5074 1832 5135; x_wconf 86' lang='lat' dir='ltr'>supra</span> <span class='ocrx_word' id='word_1_376' title='bbox 1859 5056 2189 5135; x_wconf 86' lang='lat' dir='ltr'>explicato.</span> 
     </span>
    </p>
   </div>
   <div class='ocr_carea' id='block_1_10' title="bbox 2465 681 4136 5135">
    <p class='ocr_par' dir='ltr' id='par_1_12' title="bbox 2465 681 4016 3277">
     <span class='ocr_line' id='line_1_57' title="bbox 2466 681 4008 770; baseline -0.005 -20"><span class='ocrx_word' id='word_1_377' title='bbox 2466 689 2677 770; x_wconf 88' lang='lat' dir='ltr'>quitur</span> <span class='ocrx_word' id='word_1_378' title='bbox 2704 689 2873 750; x_wconf 91' lang='lat' dir='ltr'>idem</span> <span class='ocrx_word' id='word_1_379' title='bbox 2904 690 3080 752; x_wconf 88' lang='lat' dir='ltr'>Salas</span> <span class='ocrx_word' id='word_1_380' title='bbox 3108 707 3215 750; x_wconf 88' lang='lat' dir='ltr'>nu.</span> <span class='ocrx_word' id='word_1_381' title='bbox 3243 691 3300 750; x_wconf 81' lang='lat'>1.</span> <span class='ocrx_word' id='word_1_382' title='bbox 3335 691 3398 749; x_wconf 88' lang='lat' dir='ltr'>et</span> <span class='ocrx_word' id='word_1_383' title='bbox 3432 691 3492 748; x_wconf 76' lang='lat'>2.</span> <span class='ocrx_word' id='word_1_384' title='bbox 3529 690 3592 747; x_wconf 88' lang='lat' dir='ltr'>et</span> <span class='ocrx_word' id='word_1_385' title='bbox 3618 681 3892 763; x_wconf 87' lang='lat' dir='ltr'>probari</span> <span class='ocrx_word' id='word_1_386' title='bbox 3913 699 4008 759; x_wconf 89' lang='lat' dir='ltr'>po-</span> 
     </span>
     <span class='ocr_line' id='line_1_58' title="bbox 2465 780 4010 861; baseline -0.008 -15"><span class='ocrx_word' id='word_1_387' title='bbox 2465 787 2587 846; x_wconf 87' lang='lat' dir='ltr'>test</span> <span class='ocrx_word' id='word_1_388' title='bbox 2605 801 2682 844; x_wconf 85' lang='lat' dir='ltr'>ex</span> <span class='ocrx_word' id='word_1_389' title='bbox 2697 783 2996 846; x_wconf 84' lang='lat' dir='ltr'>Clement.</span> <span class='ocrx_word' id='word_1_390' title='bbox 3017 780 3256 859; x_wconf 73' lang='lat' dir='ltr'>Exivit,</span> <span class='ocrx_word' id='word_1_391' title='bbox 3290 799 3347 848; x_wconf 88' lang='lat' dir='ltr'>c.</span> <span class='ocrx_word' id='word_1_392' title='bbox 3383 780 3639 861; x_wconf 80' lang='lat' dir='ltr'>Cumque</span> <span class='ocrx_word' id='word_1_393' title='bbox 3660 795 3902 839; x_wconf 73' lang='lat' dir='ltr'>annuus</span> <span class='ocrx_word' id='word_1_394' title='bbox 3924 794 4010 835; x_wconf 73' lang='lat' dir='ltr'>re·</span> 
     </span>
     <span class='ocr_line' id='line_1_59' title="bbox 2465 869 4009 956; baseline -0.006 -19"><span class='ocrx_word' id='word_1_395' title='bbox 2465 876 2641 954; x_wconf 82' lang='lat' dir='ltr'>ditus,</span> <span class='ocrx_word' id='word_1_396' title='bbox 2660 876 2730 937; x_wconf 89' lang='lat' dir='ltr'>de</span> <span class='ocrx_word' id='word_1_397' title='bbox 2749 874 3054 937; x_wconf 84' lang='lat' dir='ltr'>verborum</span> <span class='ocrx_word' id='word_1_398' title='bbox 3065 874 3514 956; x_wconf 75' lang='lat' dir='ltr'>siqm&#39;ficatione,</span> <span class='ocrx_word' id='word_1_399' title='bbox 3547 873 3652 935; x_wconf 85' lang='lat' dir='ltr'>ubi</span> <span class='ocrx_word' id='word_1_400' title='bbox 3687 869 3897 931; x_wconf 87' lang='lat' dir='ltr'>annui</span> <span class='ocrx_word' id='word_1_401' title='bbox 3921 886 4009 929; x_wconf 89' lang='lat' dir='ltr'>re-</span> 
     </span>
     <span class='ocr_line' id='line_1_60' title="bbox 2465 965 4002 1042; baseline -0.005 -13"><span class='ocrx_word' id='word_1_402' title='bbox 2465 969 2630 1031; x_wconf 88' lang='lat' dir='ltr'>ditus</span> <span class='ocrx_word' id='word_1_403' title='bbox 2685 969 2847 1030; x_wconf 89' lang='lat' dir='ltr'>inter</span> <span class='ocrx_word' id='word_1_404' title='bbox 2899 969 3067 1029; x_wconf 90' lang='lat' dir='ltr'>bona</span> <span class='ocrx_word' id='word_1_405' title='bbox 3122 967 3472 1029; x_wconf 88' lang='lat' dir='ltr'>immobilia</span> <span class='ocrx_word' id='word_1_406' title='bbox 3523 965 4002 1042; x_wconf 82' lang='lat' dir='ltr'>computantur.</span> 
     </span>
     <span class='ocr_line' id='line_1_61' title="bbox 2468 1054 4011 1141; baseline -0.006 -16"><span class='ocrx_word' id='word_1_407' title='bbox 2468 1064 2747 1141; x_wconf 89' lang='lat' dir='ltr'>Utraque</span> <span class='ocrx_word' id='word_1_408' title='bbox 2763 1079 2912 1122; x_wconf 91' lang='lat' dir='ltr'>vero</span> <span class='ocrx_word' id='word_1_409' title='bbox 2929 1062 3237 1123; x_wconf 86' lang='lat' dir='ltr'>sententia</span> <span class='ocrx_word' id='word_1_410' title='bbox 3256 1059 3568 1122; x_wconf 88' lang='lat' dir='ltr'>conciliari</span> <span class='ocrx_word' id='word_1_411' title='bbox 3598 1060 3824 1137; x_wconf 85' lang='lat' dir='ltr'>potest</span> <span class='ocrx_word' id='word_1_412' title='bbox 3842 1054 4011 1134; x_wconf 70' lang='lat' dir='ltr'>juxta</span> 
     </span>
     <span class='ocr_line' id='line_1_62' title="bbox 2471 1149 4010 1228; baseline -0.006 -12"><span class='ocrx_word' id='word_1_413' title='bbox 2471 1173 2691 1216; x_wconf 89' lang='lat' dir='ltr'>eorum</span> <span class='ocrx_word' id='word_1_414' title='bbox 2733 1155 3062 1217; x_wconf 86' lang='lat' dir='ltr'>doctorum</span> <span class='ocrx_word' id='word_1_415' title='bbox 3107 1156 3421 1228; x_wconf 86' lang='lat' dir='ltr'>mentem,</span> <span class='ocrx_word' id='word_1_416' title='bbox 3467 1149 3785 1224; x_wconf 87' lang='lat' dir='ltr'>dicendo,</span> <span class='ocrx_word' id='word_1_417' title='bbox 3840 1164 4010 1226; x_wconf 79' lang='lat' dir='ltr'>posse</span> 
     </span>
     <span class='ocr_line' id='line_1_63' title="bbox 2471 1240 4011 1326; baseline -0.006 -17"><span class='ocrx_word' id='word_1_418' title='bbox 2471 1247 2779 1326; x_wconf 90' lang='lat' dir='ltr'>imprimis</span> <span class='ocrx_word' id='word_1_419' title='bbox 2826 1247 3117 1310; x_wconf 87' lang='lat' dir='ltr'>constitui</span> <span class='ocrx_word' id='word_1_420' title='bbox 3160 1264 3418 1308; x_wconf 83' lang='lat' dir='ltr'>censum</span> <span class='ocrx_word' id='word_1_421' title='bbox 3461 1244 3522 1305; x_wconf 92' lang='lat' dir='ltr'>in</span> <span class='ocrx_word' id='word_1_422' title='bbox 3552 1244 3676 1306; x_wconf 87' lang='lat' dir='ltr'>alio</span> <span class='ocrx_word' id='word_1_423' title='bbox 3712 1260 3914 1302; x_wconf 85' lang='lat' dir='ltr'>censu</span> <span class='ocrx_word' id='word_1_424' title='bbox 3939 1240 4011 1300; x_wconf 79' lang='lat' dir='ltr'>ir·</span> 
     </span>
     <span class='ocr_line' id='line_1_64' title="bbox 2472 1334 4011 1420; baseline -0.007 -18"><span class='ocrx_word' id='word_1_425' title='bbox 2472 1340 2807 1402; x_wconf 92' lang='lat' dir='ltr'>redimibili</span> <span class='ocrx_word' id='word_1_426' title='bbox 2826 1386 2842 1417; x_wconf 98' lang='lat'>,</span> <span class='ocrx_word' id='word_1_427' title='bbox 2877 1341 2985 1420; x_wconf 90' lang='lat' dir='ltr'>qui</span> <span class='ocrx_word' id='word_1_428' title='bbox 3026 1340 3250 1401; x_wconf 91' lang='lat' dir='ltr'>merito</span> <span class='ocrx_word' id='word_1_429' title='bbox 3280 1338 3444 1401; x_wconf 84' lang='lat' dir='ltr'>iuter</span> <span class='ocrx_word' id='word_1_430' title='bbox 3468 1339 3636 1399; x_wconf 89' lang='lat' dir='ltr'>bona</span> <span class='ocrx_word' id='word_1_431' title='bbox 3660 1334 4011 1396; x_wconf 81' lang='lat' dir='ltr'>immobilia</span> 
     </span>
     <span class='ocr_line' id='line_1_65' title="bbox 2474 1426 4008 1513; baseline -0.005 -19"><span class='ocrx_word' id='word_1_432' title='bbox 2474 1438 2894 1513; x_wconf 87' lang='lat' dir='ltr'>computatur.</span> <span class='ocrx_word' id='word_1_433' title='bbox 2954 1436 3092 1495; x_wconf 89' lang='lat' dir='ltr'>Non</span> <span class='ocrx_word' id='word_1_434' title='bbox 3120 1450 3270 1494; x_wconf 91' lang='lat' dir='ltr'>vero</span> <span class='ocrx_word' id='word_1_435' title='bbox 3318 1432 3382 1492; x_wconf 90' lang='lat' dir='ltr'>in</span> <span class='ocrx_word' id='word_1_436' title='bbox 3421 1449 3612 1493; x_wconf 88' lang='lat' dir='ltr'>censu</span> <span class='ocrx_word' id='word_1_437' title='bbox 3642 1426 4008 1502; x_wconf 87' lang='lat' dir='ltr'>redimibili,</span> 
     </span>
     <span class='ocr_line' id='line_1_66' title="bbox 2474 1519 4012 1604; baseline -0.007 -17"><span class='ocrx_word' id='word_1_438' title='bbox 2474 1526 2592 1587; x_wconf 90' lang='lat' dir='ltr'>nisi</span> <span class='ocrx_word' id='word_1_439' title='bbox 2621 1526 2908 1588; x_wconf 91' lang='lat' dir='ltr'>venditor</span> <span class='ocrx_word' id='word_1_440' title='bbox 2937 1545 3002 1587; x_wconf 89' lang='lat' dir='ltr'>se</span> <span class='ocrx_word' id='word_1_441' title='bbox 3032 1526 3269 1604; x_wconf 83' lang='lat' dir='ltr'>obliget</span> <span class='ocrx_word' id='word_1_442' title='bbox 3294 1542 3442 1585; x_wconf 89' lang='lat' dir='ltr'>casu</span> <span class='ocrx_word' id='word_1_443' title='bbox 3484 1542 3607 1603; x_wconf 92' lang='lat' dir='ltr'>quo</span> <span class='ocrx_word' id='word_1_444' title='bbox 3636 1540 3879 1583; x_wconf 88' lang='lat' dir='ltr'>census</span> <span class='ocrx_word' id='word_1_445' title='bbox 3907 1519 4012 1595; x_wconf 73' lang='lat' dir='ltr'>hy-</span> 
     </span>
     <span class='ocr_line' id='line_1_67' title="bbox 2473 1610 4010 1699; baseline -0.007 -19"><span class='ocrx_word' id='word_1_446' title='bbox 2473 1619 2844 1699; x_wconf 88' lang='lat' dir='ltr'>pothecatus</span> <span class='ocrx_word' id='word_1_447' title='bbox 2873 1619 3218 1680; x_wconf 87' lang='lat' dir='ltr'>redimatur</span> <span class='ocrx_word' id='word_1_448' title='bbox 3239 1664 3255 1694; x_wconf 89' lang='lat'>,</span> <span class='ocrx_word' id='word_1_449' title='bbox 3291 1617 3372 1677; x_wconf 88' lang='lat' dir='ltr'>ad</span> <span class='ocrx_word' id='word_1_450' title='bbox 3403 1616 3749 1677; x_wconf 88' lang='lat' dir='ltr'>emendum</span> <span class='ocrx_word' id='word_1_451' title='bbox 3782 1610 4010 1692; x_wconf 88' lang='lat' dir='ltr'>aliquid</span> 
     </span>
     <span class='ocr_line' id='line_1_68' title="bbox 2476 1705 4010 1789; baseline -0.005 -17"><span class='ocrx_word' id='word_1_452' title='bbox 2476 1712 2645 1772; x_wconf 88' lang='lat' dir='ltr'>aliud</span> <span class='ocrx_word' id='word_1_453' title='bbox 2695 1712 3014 1773; x_wconf 91' lang='lat' dir='ltr'>immobile</span> <span class='ocrx_word' id='word_1_454' title='bbox 3068 1711 3459 1772; x_wconf 86' lang='lat' dir='ltr'>fructiferum</span> <span class='ocrx_word' id='word_1_455' title='bbox 3490 1756 3508 1786; x_wconf 91' lang='lat'><strong><em>‚</em></strong></span> <span class='ocrx_word' id='word_1_456' title='bbox 3559 1708 3735 1789; x_wconf 87' lang='lat' dir='ltr'>quod</span> <span class='ocrx_word' id='word_1_457' title='bbox 3798 1705 4010 1767; x_wconf 84' lang='lat' dir='ltr'>eodem</span> 
     </span>
     <span class='ocr_line' id='line_1_69' title="bbox 2474 1802 4010 1885; baseline -0.005 -19"><span class='ocrx_word' id='word_1_458' title='bbox 2474 1807 2663 1867; x_wconf 91' lang='lat' dir='ltr'>modo</span> <span class='ocrx_word' id='word_1_459' title='bbox 2721 1806 3064 1885; x_wconf 86' lang='lat' dir='ltr'>obligatum</span> <span class='ocrx_word' id='word_1_460' title='bbox 3117 1809 3392 1867; x_wconf 87' lang='lat' dir='ltr'>maneat.</span> <span class='ocrx_word' id='word_1_461' title='bbox 3466 1802 3768 1882; x_wconf 86' lang='lat' dir='ltr'>Alioquin</span> <span class='ocrx_word' id='word_1_462' title='bbox 3805 1846 3824 1877; x_wconf 93' lang='lat'>,</span> <span class='ocrx_word' id='word_1_463' title='bbox 3882 1816 4010 1860; x_wconf 85' lang='lat' dir='ltr'>cum</span> 
     </span>
     <span class='ocr_line' id='line_1_70' title="bbox 2475 1893 4012 1978; baseline -0.006 -18"><span class='ocrx_word' id='word_1_464' title='bbox 2475 1900 2647 1978; x_wconf 91' lang='lat' dir='ltr'>prior</span> <span class='ocrx_word' id='word_1_465' title='bbox 2684 1917 2906 1960; x_wconf 90' lang='lat' dir='ltr'>census</span> <span class='ocrx_word' id='word_1_466' title='bbox 2949 1898 3319 1960; x_wconf 90' lang='lat' dir='ltr'>redimibilis</span> <span class='ocrx_word' id='word_1_467' title='bbox 3365 1895 3641 1975; x_wconf 82' lang='lat' dir='ltr'>extingui</span> <span class='ocrx_word' id='word_1_468' title='bbox 3673 1893 3916 1974; x_wconf 82' lang='lat' dir='ltr'>possit,</span> <span class='ocrx_word' id='word_1_469' title='bbox 3961 1896 4012 1952; x_wconf 75' lang='lat' dir='ltr'>et</span> 
     </span>
     <span class='ocr_line' id='line_1_71' title="bbox 2476 1990 4012 2072; baseline -0.005 -18"><span class='ocrx_word' id='word_1_470' title='bbox 2476 1993 2611 2071; x_wconf 90' lang='lat' dir='ltr'>ipso</span> <span class='ocrx_word' id='word_1_471' title='bbox 2642 1992 2911 2054; x_wconf 86' lang='lat' dir='ltr'>extincto</span> <span class='ocrx_word' id='word_1_472' title='bbox 2931 2038 2948 2068; x_wconf 92' lang='lat'><strong>‚</strong></span> <span class='ocrx_word' id='word_1_473' title='bbox 3006 1992 3211 2072; x_wconf 88' lang='lat' dir='ltr'>perire</span> <span class='ocrx_word' id='word_1_474' title='bbox 3267 1990 3497 2052; x_wconf 88' lang='lat' dir='ltr'>debeat</span> <span class='ocrx_word' id='word_1_475' title='bbox 3548 2006 3787 2050; x_wconf 89' lang='lat' dir='ltr'>census</span> <span class='ocrx_word' id='word_1_476' title='bbox 3840 2002 4012 2065; x_wconf 63' lang='lat' dir='ltr'>supa·</span> 
     </span>
     <span class='ocr_line' id='line_1_72' title="bbox 2475 2078 4013 2165; baseline -0.005 -18"><span class='ocrx_word' id='word_1_477' title='bbox 2475 2086 2613 2165; x_wconf 90' lang='lat' dir='ltr'>ipso</span> <span class='ocrx_word' id='word_1_478' title='bbox 2649 2086 3013 2164; x_wconf 89' lang='lat' dir='ltr'>impositus,</span> <span class='ocrx_word' id='word_1_479' title='bbox 3073 2088 3432 2145; x_wconf 84' lang='lat' dir='ltr'>remaneret</span> <span class='ocrx_word' id='word_1_480' title='bbox 3481 2081 3837 2162; x_wconf 91' lang='lat' dir='ltr'>periculum</span> <span class='ocrx_word' id='word_1_481' title='bbox 3894 2078 4013 2157; x_wconf 83' lang='lat' dir='ltr'>pal-</span> 
     </span>
     <span class='ocr_line' id='line_1_73' title="bbox 2474 2173 4012 2258; baseline -0.006 -18"><span class='ocrx_word' id='word_1_482' title='bbox 2474 2178 2672 2240; x_wconf 90' lang='lat' dir='ltr'>liandi</span> <span class='ocrx_word' id='word_1_483' title='bbox 2704 2196 2946 2255; x_wconf 79' lang='lat' dir='ltr'>usuraS,</span> <span class='ocrx_word' id='word_1_484' title='bbox 2967 2177 3136 2258; x_wconf 89' lang='lat' dir='ltr'>quod</span> <span class='ocrx_word' id='word_1_485' title='bbox 3165 2177 3455 2238; x_wconf 81' lang='lat' dir='ltr'>Pontifex</span> <span class='ocrx_word' id='word_1_486' title='bbox 3482 2176 3683 2236; x_wconf 84' lang='lat' dir='ltr'>vitare</span> <span class='ocrx_word' id='word_1_487' title='bbox 3705 2173 3932 2247; x_wconf 87' lang='lat' dir='ltr'>voluit,</span> <span class='ocrx_word' id='word_1_488' title='bbox 3958 2176 4012 2232; x_wconf 81' lang='lat' dir='ltr'>et</span> 
     </span>
     <span class='ocr_line' id='line_1_74' title="bbox 2477 2263 4013 2350; baseline -0.007 -16"><span class='ocrx_word' id='word_1_489' title='bbox 2477 2270 2681 2334; x_wconf 89' lang='lat' dir='ltr'>timeri</span> <span class='ocrx_word' id='word_1_490' title='bbox 2710 2274 2934 2350; x_wconf 88' lang='lat' dir='ltr'>potest,</span> <span class='ocrx_word' id='word_1_491' title='bbox 2969 2269 3218 2349; x_wconf 90' lang='lat' dir='ltr'>quando</span> <span class='ocrx_word' id='word_1_492' title='bbox 3248 2288 3473 2330; x_wconf 90' lang='lat' dir='ltr'>census</span> <span class='ocrx_word' id='word_1_493' title='bbox 3499 2270 3850 2348; x_wconf 85' lang='lat' dir='ltr'>perpetuus</span> <span class='ocrx_word' id='word_1_494' title='bbox 3879 2263 4013 2324; x_wconf 87' lang='lat' dir='ltr'>emi·</span> 
     </span>
     <span class='ocr_line' id='line_1_75' title="bbox 2477 2357 4012 2441; baseline -0.007 -13"><span class='ocrx_word' id='word_1_495' title='bbox 2477 2369 2581 2428; x_wconf 90' lang='lat' dir='ltr'>tur</span> <span class='ocrx_word' id='word_1_496' title='bbox 2608 2383 2732 2425; x_wconf 92' lang='lat' dir='ltr'>non</span> <span class='ocrx_word' id='word_1_497' title='bbox 2761 2364 3132 2426; x_wconf 89' lang='lat' dir='ltr'>constitutus</span> <span class='ocrx_word' id='word_1_498' title='bbox 3160 2363 3224 2425; x_wconf 90' lang='lat' dir='ltr'>in</span> <span class='ocrx_word' id='word_1_499' title='bbox 3253 2382 3321 2423; x_wconf 90' lang='lat' dir='ltr'>re</span> <span class='ocrx_word' id='word_1_500' title='bbox 3350 2364 3675 2441; x_wconf 87' lang='lat' dir='ltr'>perpetua,</span> <span class='ocrx_word' id='word_1_501' title='bbox 3703 2359 3817 2419; x_wconf 88' lang='lat' dir='ltr'>sed</span> <span class='ocrx_word' id='word_1_502' title='bbox 3850 2357 4012 2419; x_wconf 79' lang='lat' dir='ltr'>brevi</span> 
     </span>
     <span class='ocr_line' id='line_1_76' title="bbox 2478 2450 4016 2539; baseline -0.005 -20"><span class='ocrx_word' id='word_1_503' title='bbox 2478 2458 2777 2539; x_wconf 88' lang='lat' dir='ltr'>peritura.</span> <span class='ocrx_word' id='word_1_504' title='bbox 2840 2457 3018 2519; x_wconf 92' lang='lat' dir='ltr'>Unde</span> <span class='ocrx_word' id='word_1_505' title='bbox 3064 2474 3103 2517; x_wconf 91' lang='lat' dir='ltr'>a</span> <span class='ocrx_word' id='word_1_506' title='bbox 3142 2455 3384 2517; x_wconf 86' lang='lat' dir='ltr'>fortiori</span> <span class='ocrx_word' id='word_1_507' title='bbox 3441 2452 3736 2514; x_wconf 85' lang='lat' dir='ltr'>constitui</span> <span class='ocrx_word' id='word_1_508' title='bbox 3796 2450 4016 2530; x_wconf 73' lang='lat' dir='ltr'>poterit</span> 
     </span>
     <span class='ocr_line' id='line_1_77' title="bbox 2479 2544 4014 2629; baseline -0.007 -16"><span class='ocrx_word' id='word_1_509' title='bbox 2479 2570 2699 2613; x_wconf 89' lang='lat' dir='ltr'>census</span> <span class='ocrx_word' id='word_1_510' title='bbox 2726 2552 2791 2610; x_wconf 92' lang='lat' dir='ltr'>in</span> <span class='ocrx_word' id='word_1_511' title='bbox 2818 2549 3080 2629; x_wconf 86' lang='lat' dir='ltr'>gabellis</span> <span class='ocrx_word' id='word_1_512' title='bbox 3103 2595 3120 2625; x_wconf 91' lang='lat'>,</span> <span class='ocrx_word' id='word_1_513' title='bbox 3160 2550 3258 2609; x_wconf 88' lang='lat' dir='ltr'>vel</span> <span class='ocrx_word' id='word_1_514' title='bbox 3291 2547 3430 2607; x_wconf 88' lang='lat' dir='ltr'>aliis</span> <span class='ocrx_word' id='word_1_515' title='bbox 3457 2546 3769 2608; x_wconf 87' lang='lat' dir='ltr'>reditibus</span> <span class='ocrx_word' id='word_1_516' title='bbox 3798 2544 4014 2604; x_wconf 82' lang='lat' dir='ltr'>annuis</span> 
     </span>
     <span class='ocr_line' id='line_1_78' title="bbox 2478 2636 4015 2724; baseline -0.007 -20"><span class='ocrx_word' id='word_1_517' title='bbox 2478 2641 2794 2724; x_wconf 87' lang='lat' dir='ltr'>perpetuis</span> <span class='ocrx_word' id='word_1_518' title='bbox 2818 2689 2834 2720; x_wconf 97' lang='lat'>,</span> <span class='ocrx_word' id='word_1_519' title='bbox 2886 2660 3042 2721; x_wconf 92' lang='lat' dir='ltr'>quos</span> <span class='ocrx_word' id='word_1_520' title='bbox 3082 2642 3300 2703; x_wconf 86' lang='lat' dir='ltr'>civitas</span> <span class='ocrx_word' id='word_1_521' title='bbox 3329 2640 3427 2701; x_wconf 88' lang='lat' dir='ltr'>vel</span> <span class='ocrx_word' id='word_1_522' title='bbox 3458 2638 3885 2700; x_wconf 85' lang='lat' dir='ltr'>communitas</span> <span class='ocrx_word' id='word_1_523' title='bbox 3915 2636 4015 2695; x_wconf 86' lang='lat' dir='ltr'>ha-</span> 
     </span>
     <span class='ocr_line' id='line_1_79' title="bbox 2478 2730 4008 2814; baseline -0.007 -17"><span class='ocrx_word' id='word_1_524' title='bbox 2478 2737 2605 2814; x_wconf 89' lang='lat' dir='ltr'>bet,</span> <span class='ocrx_word' id='word_1_525' title='bbox 2640 2736 2799 2797; x_wconf 88' lang='lat' dir='ltr'>sicut</span> <span class='ocrx_word' id='word_1_526' title='bbox 2839 2735 3030 2796; x_wconf 89' lang='lat' dir='ltr'>etiam</span> <span class='ocrx_word' id='word_1_527' title='bbox 3057 2734 3120 2794; x_wconf 93' lang='lat' dir='ltr'>in</span> <span class='ocrx_word' id='word_1_528' title='bbox 3142 2734 3285 2814; x_wconf 90' lang='lat' dir='ltr'>jure</span> <span class='ocrx_word' id='word_1_529' title='bbox 3315 2731 3703 2812; x_wconf 86' lang='lat' dir='ltr'>piscationis,</span> <span class='ocrx_word' id='word_1_530' title='bbox 3741 2730 3805 2789; x_wconf 90' lang='lat' dir='ltr'>in</span> <span class='ocrx_word' id='word_1_531' title='bbox 3838 2730 4008 2804; x_wconf 71' lang='lat' dir='ltr'>silva,</span> 
     </span>
     <span class='ocr_line' id='line_1_80' title="bbox 2480 2824 4010 2904; baseline -0.005 -14"><span class='ocrx_word' id='word_1_532' title='bbox 2480 2833 2544 2892; x_wconf 91' lang='lat' dir='ltr'>et</span> <span class='ocrx_word' id='word_1_533' title='bbox 2581 2830 2646 2889; x_wconf 92' lang='lat' dir='ltr'>in</span> <span class='ocrx_word' id='word_1_534' title='bbox 2692 2828 2956 2889; x_wconf 92' lang='lat' dir='ltr'>macello</span> <span class='ocrx_word' id='word_1_535' title='bbox 2980 2873 2995 2904; x_wconf 93' lang='lat'>,</span> <span class='ocrx_word' id='word_1_536' title='bbox 3047 2830 3116 2888; x_wconf 86' lang='lat' dir='ltr'>ut</span> <span class='ocrx_word' id='word_1_537' title='bbox 3162 2827 3403 2888; x_wconf 82' lang='lat' dir='ltr'>notavit</span> <span class='ocrx_word' id='word_1_538' title='bbox 3431 2826 3643 2886; x_wconf 82' lang='lat' dir='ltr'>Molin.</span> <span class='ocrx_word' id='word_1_539' title='bbox 3677 2824 3850 2902; x_wconf 86' lang='lat' dir='ltr'>disp.</span> <span class='ocrx_word' id='word_1_540' title='bbox 3881 2824 4010 2883; x_wconf 79' lang='lat'><strong>389.</strong></span> 
     </span>
     <span class='ocr_line' id='line_1_81' title="bbox 2479 2914 4015 3000; baseline -0.007 -16"><span class='ocrx_word' id='word_1_541' title='bbox 2479 2926 2542 2984; x_wconf 89' lang='lat' dir='ltr'>et</span> <span class='ocrx_word' id='word_1_542' title='bbox 2570 2921 2671 2981; x_wconf 88' lang='lat' dir='ltr'>alii</span> <span class='ocrx_word' id='word_1_543' title='bbox 2701 2940 2846 2981; x_wconf 92' lang='lat' dir='ltr'>cum</span> <span class='ocrx_word' id='word_1_544' title='bbox 2874 2921 3032 3000; x_wconf 80' lang='lat' dir='ltr'>ipso,</span> <span class='ocrx_word' id='word_1_545' title='bbox 3091 2921 3160 2981; x_wconf 89' lang='lat' dir='ltr'>In</span> <span class='ocrx_word' id='word_1_546' title='bbox 3197 2920 3418 2981; x_wconf 83' lang='lat' dir='ltr'>officiis</span> <span class='ocrx_word' id='word_1_547' title='bbox 3463 2919 3651 2982; x_wconf 86' lang='lat' dir='ltr'>etiam</span> <span class='ocrx_word' id='word_1_548' title='bbox 3703 2914 4015 2995; x_wconf 79' lang='lat' dir='ltr'>perpetuis</span> 
     </span>
     <span class='ocr_line' id='line_1_82' title="bbox 2478 3010 4014 3088; baseline -0.007 -13"><span class='ocrx_word' id='word_1_549' title='bbox 2478 3014 2852 3087; x_wconf 74' lang='lat' dir='ltr'>fructiferist,</span> <span class='ocrx_word' id='word_1_550' title='bbox 2888 3030 3171 3074; x_wconf 89' lang='lat' dir='ltr'>nonvero</span> <span class='ocrx_word' id='word_1_551' title='bbox 3202 3012 3265 3072; x_wconf 90' lang='lat' dir='ltr'>in</span> <span class='ocrx_word' id='word_1_552' title='bbox 3297 3010 3523 3073; x_wconf 89' lang='lat' dir='ltr'>debitis</span> <span class='ocrx_word' id='word_1_553' title='bbox 3551 3010 3688 3071; x_wconf 86' lang='lat' dir='ltr'>aliis</span> <span class='ocrx_word' id='word_1_554' title='bbox 3721 3025 4014 3088; x_wconf 80' lang='lat' dir='ltr'>persona·</span> 
     </span>
     <span class='ocr_line' id='line_1_83' title="bbox 2476 3103 4014 3184; baseline -0.006 -17"><span class='ocrx_word' id='word_1_555' title='bbox 2476 3108 2660 3184; x_wconf 85' lang='lat' dir='ltr'>libus,</span> <span class='ocrx_word' id='word_1_556' title='bbox 2691 3107 2792 3167; x_wconf 92' lang='lat' dir='ltr'>vel</span> <span class='ocrx_word' id='word_1_557' title='bbox 2822 3106 3012 3167; x_wconf 84' lang='lat' dir='ltr'>etiam</span> <span class='ocrx_word' id='word_1_558' title='bbox 3039 3105 3338 3180; x_wconf 87' lang='lat' dir='ltr'>realibus,</span> <span class='ocrx_word' id='word_1_559' title='bbox 3374 3104 3524 3183; x_wconf 87' lang='lat' dir='ltr'>quia</span> <span class='ocrx_word' id='word_1_560' title='bbox 3551 3103 3688 3164; x_wconf 81' lang='lat' dir='ltr'>haec</span> <span class='ocrx_word' id='word_1_561' title='bbox 3718 3120 3850 3161; x_wconf 90' lang='lat' dir='ltr'>non</span> <span class='ocrx_word' id='word_1_562' title='bbox 3881 3104 4014 3160; x_wconf 77' lang='lat' dir='ltr'>sunt</span> 
     </span>
     <span class='ocr_line' id='line_1_84' title="bbox 2476 3194 3916 3277; baseline -0.006 -15"><span class='ocrx_word' id='word_1_563' title='bbox 2476 3202 2642 3263; x_wconf 89' lang='lat' dir='ltr'>bona</span> <span class='ocrx_word' id='word_1_564' title='bbox 2669 3200 3014 3260; x_wconf 92' lang='lat' dir='ltr'>immobilia</span> <span class='ocrx_word' id='word_1_565' title='bbox 3043 3201 3105 3259; x_wconf 87' lang='lat' dir='ltr'>et</span> <span class='ocrx_word' id='word_1_566' title='bbox 3133 3203 3459 3277; x_wconf 86' lang='lat' dir='ltr'>perpetua,</span> <span class='ocrx_word' id='word_1_567' title='bbox 3493 3197 3601 3257; x_wconf 90' lang='lat' dir='ltr'>sed</span> <span class='ocrx_word' id='word_1_568' title='bbox 3633 3194 3916 3256; x_wconf 86' lang='lat' dir='ltr'>mobilia.</span> 
     </span>
    </p>

    <p class='ocr_par' dir='ltr' id='par_1_13' title="bbox 2468 3285 4136 4764">
     <span class='ocr_line' id='line_1_85' title="bbox 2556 3285 4136 3368; baseline -0.008 -11"><span class='ocrx_word' id='word_1_569' title='bbox 2556 3293 2889 3357; x_wconf 88' lang='lat' dir='ltr'>Dubitatur</span> <span class='ocrx_word' id='word_1_570' title='bbox 2915 3292 3212 3368; x_wconf 88' lang='lat' dir='ltr'>secundo,</span> <span class='ocrx_word' id='word_1_571' title='bbox 3234 3310 3313 3351; x_wconf 87' lang='lat' dir='ltr'>an</span> <span class='ocrx_word' id='word_1_572' title='bbox 3335 3291 3470 3352; x_wconf 86' lang='lat' dir='ltr'>haec</span> <span class='ocrx_word' id='word_1_573' title='bbox 3500 3288 3778 3350; x_wconf 82' lang='lat' dir='ltr'>conditio</span> <span class='ocrx_word' id='word_1_574' title='bbox 3805 3285 4010 3365; x_wconf 84' lang='lat' dir='ltr'>requi-</span> <span class='ocrx_word' id='word_1_575' title='bbox 4127 3317 4136 3320; x_wconf 95' lang='lat'><em>-</em></span> 
     </span>
     <span class='ocr_line' id='line_1_86' title="bbox 2474 3381 4081 3472; baseline -0.007 -22"><span class='ocrx_word' id='word_1_576' title='bbox 2474 3391 2651 3450; x_wconf 90' lang='lat' dir='ltr'>ratur</span> <span class='ocrx_word' id='word_1_577' title='bbox 2677 3404 2801 3448; x_wconf 90' lang='lat' dir='ltr'>non</span> <span class='ocrx_word' id='word_1_578' title='bbox 2832 3385 3035 3446; x_wconf 89' lang='lat' dir='ltr'>solum</span> <span class='ocrx_word' id='word_1_579' title='bbox 3063 3386 3141 3445; x_wconf 89' lang='lat' dir='ltr'>de</span> <span class='ocrx_word' id='word_1_580' title='bbox 3163 3384 3305 3464; x_wconf 89' lang='lat' dir='ltr'>jure</span> <span class='ocrx_word' id='word_1_581' title='bbox 3334 3384 3633 3463; x_wconf 87' lang='lat' dir='ltr'>positivo,</span> <span class='ocrx_word' id='word_1_582' title='bbox 3683 3382 3798 3442; x_wconf 87' lang='lat' dir='ltr'>sed</span> <span class='ocrx_word' id='word_1_583' title='bbox 3826 3381 4008 3442; x_wconf 80' lang='lat' dir='ltr'>etiam</span> <span class='ocrx_word' id='word_1_584' title='bbox 4043 3430 4081 3472; x_wconf 47' lang='grc' dir='ltr'>Β</span> 
     </span>
     <span class='ocr_line' id='line_1_87' title="bbox 2476 3476 4132 3559; baseline -0.008 -18"><span class='ocrx_word' id='word_1_585' title='bbox 2476 3481 2556 3541; x_wconf 93' lang='lat' dir='ltr'>de</span> <span class='ocrx_word' id='word_1_586' title='bbox 2579 3480 2721 3559; x_wconf 88' lang='lat' dir='ltr'>jure</span> <span class='ocrx_word' id='word_1_587' title='bbox 2750 3483 2992 3540; x_wconf 84' lang='lat' dir='ltr'>naturae</span> <span class='ocrx_word' id='word_1_588' title='bbox 3022 3478 3101 3537; x_wconf 89' lang='lat' dir='ltr'>ad</span> <span class='ocrx_word' id='word_1_589' title='bbox 3123 3477 3434 3556; x_wconf 82' lang='lat' dir='ltr'>justitiam</span> <span class='ocrx_word' id='word_1_590' title='bbox 3463 3494 3710 3536; x_wconf 77' lang='lat' dir='ltr'>census,</span> <span class='ocrx_word' id='word_1_591' title='bbox 3772 3476 4008 3553; x_wconf 81' lang='lat' dir='ltr'>Negant</span> <span class='ocrx_word' id='word_1_592' title='bbox 4043 3498 4080 3527; x_wconf 71' lang='lat' dir='ltr'>a</span> <span class='ocrx_word' id='word_1_593' title='bbox 4127 3513 4132 3520; x_wconf 83' lang='lat'><strong>.</strong></span> 
     </span>
     <span class='ocr_line' id='line_1_88' title="bbox 2476 3569 4007 3652; baseline -0.006 -18"><span class='ocrx_word' id='word_1_594' title='bbox 2476 3573 2520 3634; x_wconf 92' lang='lat' dir='ltr'>ii</span> <span class='ocrx_word' id='word_1_595' title='bbox 2548 3572 2652 3652; x_wconf 90' lang='lat' dir='ltr'>qui</span> <span class='ocrx_word' id='word_1_596' title='bbox 2681 3572 2920 3633; x_wconf 91' lang='lat' dir='ltr'>licitum</span> <span class='ocrx_word' id='word_1_597' title='bbox 2948 3571 3164 3631; x_wconf 91' lang='lat' dir='ltr'>dicunt</span> <span class='ocrx_word' id='word_1_598' title='bbox 3180 3589 3313 3630; x_wconf 86' lang='lat' dir='ltr'>esse</span> <span class='ocrx_word' id='word_1_599' title='bbox 3338 3569 3416 3629; x_wconf 91' lang='lat' dir='ltr'>de</span> <span class='ocrx_word' id='word_1_600' title='bbox 3429 3569 3570 3649; x_wconf 84' lang='lat' dir='ltr'>jure</span> <span class='ocrx_word' id='word_1_601' title='bbox 3600 3571 3841 3628; x_wconf 85' lang='lat' dir='ltr'>naturae</span> <span class='ocrx_word' id='word_1_602' title='bbox 3871 3584 4007 3626; x_wconf 85' lang='lat' dir='ltr'>cen·</span> 
     </span>
     <span class='ocr_line' id='line_1_89' title="bbox 2476 3661 4003 3744; baseline -0.007 -16"><span class='ocrx_word' id='word_1_603' title='bbox 2476 3683 2617 3728; x_wconf 89' lang='lat' dir='ltr'>sum</span> <span class='ocrx_word' id='word_1_604' title='bbox 2643 3665 3058 3744; x_wconf 87' lang='lat' dir='ltr'>personalem,</span> <span class='ocrx_word' id='word_1_605' title='bbox 3092 3681 3248 3742; x_wconf 88' lang='lat' dir='ltr'>quos</span> <span class='ocrx_word' id='word_1_606' title='bbox 3276 3663 3469 3724; x_wconf 89' lang='lat' dir='ltr'>refert</span> <span class='ocrx_word' id='word_1_607' title='bbox 3498 3668 3559 3723; x_wconf 83' lang='lat' dir='ltr'>et</span> <span class='ocrx_word' id='word_1_608' title='bbox 3587 3661 3871 3740; x_wconf 86' lang='lat' dir='ltr'>sequitur</span> <span class='ocrx_word' id='word_1_609' title='bbox 3899 3661 4003 3719; x_wconf 84' lang='lat' dir='ltr'>Sa-</span> 
     </span>
     <span class='ocr_line' id='line_1_90' title="bbox 2475 3751 4007 3835; baseline -0.006 -16"><span class='ocrx_word' id='word_1_610' title='bbox 2475 3759 2570 3820; x_wconf 89' lang='lat' dir='ltr'>las</span> <span class='ocrx_word' id='word_1_611' title='bbox 2597 3758 2763 3818; x_wconf 89' lang='lat' dir='ltr'>dicto</span> <span class='ocrx_word' id='word_1_612' title='bbox 2795 3757 2945 3818; x_wconf 89' lang='lat' dir='ltr'>dub.</span> <span class='ocrx_word' id='word_1_613' title='bbox 2982 3772 3092 3817; x_wconf 93' lang='lat' dir='ltr'>v11.</span> <span class='ocrx_word' id='word_1_614' title='bbox 3128 3775 3190 3818; x_wconf 91' lang='lat' dir='ltr'>n.</span> <span class='ocrx_word' id='word_1_615' title='bbox 3225 3759 3284 3817; x_wconf 78' lang='lat'>4.</span> <span class='ocrx_word' id='word_1_616' title='bbox 3320 3758 3385 3817; x_wconf 87' lang='lat' dir='ltr'>et</span> <span class='ocrx_word' id='word_1_617' title='bbox 3411 3759 3472 3817; x_wconf 89' lang='grc'>6.</span> <span class='ocrx_word' id='word_1_618' title='bbox 3523 3754 3671 3835; x_wconf 89' lang='lat' dir='ltr'>quia</span> <span class='ocrx_word' id='word_1_619' title='bbox 3696 3754 3752 3813; x_wconf 88' lang='lat' dir='ltr'>si</span> <span class='ocrx_word' id='word_1_620' title='bbox 3780 3751 4007 3831; x_wconf 80' lang='lat' dir='ltr'>potuis—</span> 
     </span>
     <span class='ocr_line' id='line_1_91' title="bbox 2477 3845 4004 3927; baseline -0.005 -15"><span class='ocrx_word' id='word_1_621' title='bbox 2477 3855 2574 3913; x_wconf 89' lang='lat' dir='ltr'>set</span> <span class='ocrx_word' id='word_1_622' title='bbox 2601 3849 2895 3913; x_wconf 91' lang='lat' dir='ltr'>collocari</span> <span class='ocrx_word' id='word_1_623' title='bbox 2932 3867 3155 3910; x_wconf 89' lang='lat' dir='ltr'>census</span> <span class='ocrx_word' id='word_1_624' title='bbox 3182 3849 3247 3910; x_wconf 90' lang='lat' dir='ltr'>in</span> <span class='ocrx_word' id='word_1_625' title='bbox 3276 3848 3412 3909; x_wconf 90' lang='lat' dir='ltr'>sola</span> <span class='ocrx_word' id='word_1_626' title='bbox 3438 3866 3710 3927; x_wconf 88' lang='lat' dir='ltr'>persona</span> <span class='ocrx_word' id='word_1_627' title='bbox 3736 3845 4004 3906; x_wconf 81' lang='lat' dir='ltr'>vendito-</span> 
     </span>
     <span class='ocr_line' id='line_1_92' title="bbox 2478 3940 4002 4021; baseline -0.005 -16"><span class='ocrx_word' id='word_1_628' title='bbox 2478 3945 2585 4021; x_wconf 90' lang='lat' dir='ltr'>ris,</span> <span class='ocrx_word' id='word_1_629' title='bbox 2619 3962 2657 4005; x_wconf 89' lang='lat' dir='ltr'>a</span> <span class='ocrx_word' id='word_1_630' title='bbox 2678 3942 2918 4009; x_wconf 85' lang='lat' dir='ltr'>fortiori</span> <span class='ocrx_word' id='word_1_631' title='bbox 2946 3942 3176 4020; x_wconf 90' lang='lat' dir='ltr'>poterit</span> <span class='ocrx_word' id='word_1_632' title='bbox 3201 3942 3497 4003; x_wconf 88' lang='lat' dir='ltr'>collocari</span> <span class='ocrx_word' id='word_1_633' title='bbox 3525 3941 3588 4001; x_wconf 90' lang='lat' dir='ltr'>in</span> <span class='ocrx_word' id='word_1_634' title='bbox 3621 3940 3842 4001; x_wconf 86' lang='lat' dir='ltr'>eadem</span> <span class='ocrx_word' id='word_1_635' title='bbox 3873 3956 4002 4017; x_wconf 85' lang='lat' dir='ltr'>per-</span> 
     </span>
     <span class='ocr_line' id='line_1_93' title="bbox 2478 4031 4002 4114; baseline -0.005 -14"><span class='ocrx_word' id='word_1_636' title='bbox 2478 4055 2633 4100; x_wconf 86' lang='lat' dir='ltr'>sona</span> <span class='ocrx_word' id='word_1_637' title='bbox 2655 4082 2673 4114; x_wconf 92' lang='lat'>,</span> <span class='ocrx_word' id='word_1_638' title='bbox 2722 4041 2784 4098; x_wconf 90' lang='lat' dir='ltr'>et</span> <span class='ocrx_word' id='word_1_639' title='bbox 2811 4035 2876 4096; x_wconf 89' lang='lat' dir='ltr'>in</span> <span class='ocrx_word' id='word_1_640' title='bbox 2903 4053 2972 4096; x_wconf 90' lang='lat' dir='ltr'>re</span> <span class='ocrx_word' id='word_1_641' title='bbox 2998 4035 3211 4114; x_wconf 88' lang='lat' dir='ltr'>aliqua</span> <span class='ocrx_word' id='word_1_642' title='bbox 3238 4035 3488 4111; x_wconf 89' lang='lat' dir='ltr'>mobili,</span> <span class='ocrx_word' id='word_1_643' title='bbox 3517 4034 3613 4094; x_wconf 87' lang='lat' dir='ltr'>vel</span> <span class='ocrx_word' id='word_1_644' title='bbox 3647 4051 3774 4093; x_wconf 89' lang='lat' dir='ltr'>non</span> <span class='ocrx_word' id='word_1_645' title='bbox 3802 4031 4002 4092; x_wconf 77' lang='lat' dir='ltr'>fructi·</span> 
     </span>
     <span class='ocr_line' id='line_1_94' title="bbox 2477 4130 3999 4208; baseline -0.004 -17"><span class='ocrx_word' id='word_1_646' title='bbox 2477 4130 2774 4208; x_wconf 88' lang='lat' dir='ltr'>fera,qua</span> <span class='ocrx_word' id='word_1_647' title='bbox 2798 4133 3010 4191; x_wconf 89' lang='lat' dir='ltr'>tamen</span> <span class='ocrx_word' id='word_1_648' title='bbox 3039 4131 3341 4207; x_wconf 89' lang='lat' dir='ltr'>pereunte</span> <span class='ocrx_word' id='word_1_649' title='bbox 3370 4145 3497 4188; x_wconf 92' lang='lat' dir='ltr'>non</span> <span class='ocrx_word' id='word_1_650' title='bbox 3528 4131 3741 4205; x_wconf 85' lang='lat' dir='ltr'>pereat</span> <span class='ocrx_word' id='word_1_651' title='bbox 3768 4143 3999 4198; x_wconf 81' lang='lat' dir='ltr'>census,</span> 
     </span>
     <span class='ocr_line' id='line_1_95' title="bbox 2476 4217 4001 4299; baseline -0.006 -14"><span class='ocrx_word' id='word_1_652' title='bbox 2476 4223 2589 4285; x_wconf 89' lang='lat' dir='ltr'>sed</span> <span class='ocrx_word' id='word_1_653' title='bbox 2615 4227 2871 4283; x_wconf 88' lang='lat' dir='ltr'>maneat</span> <span class='ocrx_word' id='word_1_654' title='bbox 2905 4221 3113 4282; x_wconf 87' lang='lat' dir='ltr'>adhuc</span> <span class='ocrx_word' id='word_1_655' title='bbox 3140 4238 3410 4299; x_wconf 86' lang='lat' dir='ltr'>persona</span> <span class='ocrx_word' id='word_1_656' title='bbox 3440 4220 3715 4298; x_wconf 84' lang='lat' dir='ltr'>obligata</span> <span class='ocrx_word' id='word_1_657' title='bbox 3745 4218 3825 4278; x_wconf 86' lang='lat' dir='ltr'>ad</span> <span class='ocrx_word' id='word_1_658' title='bbox 3851 4217 4001 4278; x_wconf 87' lang='lat' dir='ltr'>solu-</span> 
     </span>
     <span class='ocr_line' id='line_1_96' title="bbox 2475 4311 4002 4394; baseline -0.005 -16"><span class='ocrx_word' id='word_1_659' title='bbox 2475 4317 2712 4378; x_wconf 88' lang='lat' dir='ltr'>tionem</span> <span class='ocrx_word' id='word_1_660' title='bbox 2755 4314 3148 4394; x_wconf 88' lang='lat' dir='ltr'>pensionum.</span> <span class='ocrx_word' id='word_1_661' title='bbox 3207 4313 3331 4375; x_wconf 88' lang='lat' dir='ltr'>Alli</span> <span class='ocrx_word' id='word_1_662' title='bbox 3376 4331 3412 4373; x_wconf 91' lang='lat' dir='ltr'>e</span> <span class='ocrx_word' id='word_1_663' title='bbox 3455 4316 3678 4374; x_wconf 85' lang='lat' dir='ltr'>contra</span> <span class='ocrx_word' id='word_1_664' title='bbox 3702 4311 4002 4371; x_wconf 80' lang='lat' dir='ltr'>affirmant</span> 
     </span>
     <span class='ocr_line' id='line_1_97' title="bbox 2475 4404 3996 4486; baseline -0.005 -17"><span class='ocrx_word' id='word_1_665' title='bbox 2475 4407 2639 4469; x_wconf 89' lang='lat' dir='ltr'>hanc</span> <span class='ocrx_word' id='word_1_666' title='bbox 2693 4407 3116 4470; x_wconf 87' lang='lat' dir='ltr'>conditionem</span> <span class='ocrx_word' id='word_1_667' title='bbox 3167 4406 3407 4486; x_wconf 86' lang='lat' dir='ltr'>requiri</span> <span class='ocrx_word' id='word_1_668' title='bbox 3447 4405 3528 4466; x_wconf 91' lang='lat' dir='ltr'>de</span> <span class='ocrx_word' id='word_1_669' title='bbox 3566 4404 3708 4484; x_wconf 86' lang='lat' dir='ltr'>jure</span> <span class='ocrx_word' id='word_1_670' title='bbox 3749 4408 3996 4464; x_wconf 67' lang='lat' dir='ltr'>naturae.</span> 
     </span>
     <span class='ocr_line' id='line_1_98' title="bbox 2473 4496 3996 4578; baseline -0.005 -15"><span class='ocrx_word' id='word_1_671' title='bbox 2473 4503 2567 4563; x_wconf 87' lang='lat' dir='ltr'>Ita</span> <span class='ocrx_word' id='word_1_672' title='bbox 2611 4499 2846 4562; x_wconf 89' lang='lat' dir='ltr'>Molina</span> <span class='ocrx_word' id='word_1_673' title='bbox 2894 4500 3054 4578; x_wconf 68' lang='lat' dir='ltr'>disp,</span> <span class='ocrx_word' id='word_1_674' title='bbox 3101 4502 3241 4566; x_wconf 85' lang='lat'><strong>389.</strong></span> <span class='ocrx_word' id='word_1_675' title='bbox 3303 4502 3536 4566; x_wconf 81' lang='lat' dir='ltr'>Navar.</span> <span class='ocrx_word' id='word_1_676' title='bbox 3599 4496 3996 4571; x_wconf 83' lang='lat' dir='ltr'>Philiarchus,</span> 
     </span>
     <span class='ocr_line' id='line_1_99' title="bbox 2473 4589 4000 4673; baseline -0.005 -17"><span class='ocrx_word' id='word_1_677' title='bbox 2473 4596 2667 4673; x_wconf 86' lang='lat' dir='ltr'>Vega,</span> <span class='ocrx_word' id='word_1_678' title='bbox 2700 4593 2943 4654; x_wconf 89' lang='lat' dir='ltr'>Ludov.</span> <span class='ocrx_word' id='word_1_679' title='bbox 2976 4593 3205 4671; x_wconf 83' lang='lat' dir='ltr'>Lopez,</span> <span class='ocrx_word' id='word_1_680' title='bbox 3239 4593 3301 4653; x_wconf 88' lang='lat' dir='ltr'>et</span> <span class='ocrx_word' id='word_1_681' title='bbox 3329 4590 3466 4668; x_wconf 81' lang='lat' dir='ltr'>alii,</span> <span class='ocrx_word' id='word_1_682' title='bbox 3501 4607 3664 4672; x_wconf 89' lang='lat' dir='ltr'>quos</span> <span class='ocrx_word' id='word_1_683' title='bbox 3692 4590 3868 4651; x_wconf 82' lang='lat' dir='ltr'>affert</span> <span class='ocrx_word' id='word_1_684' title='bbox 3895 4589 4000 4650; x_wconf 82' lang='lat' dir='ltr'>Sa-</span> 
     </span>
     <span class='ocr_line' id='line_1_100' title="bbox 2468 4677 3245 4764; baseline -0.003 -17"><span class='ocrx_word' id='word_1_685' title='bbox 2468 4685 2562 4748; x_wconf 85' lang='lat' dir='ltr'>las</span> <span class='ocrx_word' id='word_1_686' title='bbox 2588 4685 2697 4746; x_wconf 90' lang='lat' dir='ltr'>ubi</span> <span class='ocrx_word' id='word_1_687' title='bbox 2724 4704 2863 4764; x_wconf 90' lang='lat' dir='ltr'>sup.</span> <span class='ocrx_word' id='word_1_688' title='bbox 2898 4703 2961 4746; x_wconf 91' lang='lat' dir='ltr'>n.</span> <span class='ocrx_word' id='word_1_689' title='bbox 2988 4677 3057 4745; x_wconf 88' lang='lat'>&#39;3.</span> <span class='ocrx_word' id='word_1_690' title='bbox 3092 4688 3156 4746; x_wconf 89' lang='lat' dir='ltr'>et</span> <span class='ocrx_word' id='word_1_691' title='bbox 3180 4686 3245 4745; x_wconf 88' lang='lat'>5.</span> 
     </span>
    </p>

    <p class='ocr_par' dir='ltr' id='par_1_14' title="bbox 2466 4773 3999 5135">
     <span class='ocr_line' id='line_1_101' title="bbox 2547 4773 3999 4859; baseline -0.004 -18"><span class='ocrx_word' id='word_1_692' title='bbox 2547 4781 2679 4858; x_wconf 82' lang='lat' dir='ltr'>Ego</span> <span class='ocrx_word' id='word_1_693' title='bbox 2720 4778 2902 4859; x_wconf 86' lang='lat' dir='ltr'>juxta</span> <span class='ocrx_word' id='word_1_694' title='bbox 2947 4781 3162 4839; x_wconf 88' lang='lat' dir='ltr'>nostra</span> <span class='ocrx_word' id='word_1_695' title='bbox 3204 4775 3514 4856; x_wconf 88' lang='lat' dir='ltr'>principia</span> <span class='ocrx_word' id='word_1_696' title='bbox 3553 4775 3860 4854; x_wconf 88' lang='lat' dir='ltr'>imprimis</span> <span class='ocrx_word' id='word_1_697' title='bbox 3887 4773 3999 4835; x_wconf 77' lang='lat' dir='ltr'>exi·</span> 
     </span>
     <span class='ocr_line' id='line_1_102' title="bbox 2468 4865 3994 4949; baseline -0.005 -14"><span class='ocrx_word' id='word_1_698' title='bbox 2468 4872 2690 4948; x_wconf 89' lang='lat' dir='ltr'>stimo‚</span> <span class='ocrx_word' id='word_1_699' title='bbox 2741 4871 2931 4933; x_wconf 89' lang='lat' dir='ltr'>etiam</span> <span class='ocrx_word' id='word_1_700' title='bbox 2962 4868 3206 4949; x_wconf 88' lang='lat' dir='ltr'>dejure</span> <span class='ocrx_word' id='word_1_701' title='bbox 3235 4872 3477 4931; x_wconf 78' lang='lat' dir='ltr'>naturoe</span> <span class='ocrx_word' id='word_1_702' title='bbox 3515 4867 3791 4947; x_wconf 84' lang='lat' dir='ltr'>requiri,</span> <span class='ocrx_word' id='word_1_703' title='bbox 3837 4865 3994 4948; x_wconf 83' lang='lat' dir='ltr'>quod</span> 
     </span>
     <span class='ocr_line' id='line_1_103' title="bbox 2468 4960 3992 5040; baseline -0.003 -13"><span class='ocrx_word' id='word_1_704' title='bbox 2468 4983 2692 5027; x_wconf 85' lang='lat' dir='ltr'>census</span> <span class='ocrx_word' id='word_1_705' title='bbox 2721 4963 3142 5026; x_wconf 89' lang='lat' dir='ltr'>constituatur</span> <span class='ocrx_word' id='word_1_706' title='bbox 3184 4979 3376 5040; x_wconf 87' lang='lat' dir='ltr'>super</span> <span class='ocrx_word' id='word_1_707' title='bbox 3413 4980 3484 5022; x_wconf 87' lang='lat' dir='ltr'>re</span> <span class='ocrx_word' id='word_1_708' title='bbox 3533 4961 3747 5040; x_wconf 81' lang='lat' dir='ltr'>aliqua</span> <span class='ocrx_word' id='word_1_709' title='bbox 3789 4960 3992 5022; x_wconf 82' lang='lat' dir='ltr'>fructi·</span> 
     </span>
     <span class='ocr_line' id='line_1_104' title="bbox 2466 5052 3992 5135; baseline -0.003 -17"><span class='ocrx_word' id='word_1_710' title='bbox 2466 5058 2602 5119; x_wconf 87' lang='lat' dir='ltr'>fera</span> <span class='ocrx_word' id='word_1_711' title='bbox 2633 5077 2646 5119; x_wconf 74' lang='grc' dir='ltr'><strong>ε</strong></span> <span class='ocrx_word' id='word_1_712' title='bbox 2681 5057 2831 5135; x_wconf 89' lang='lat' dir='ltr'>quia</span> <span class='ocrx_word' id='word_1_713' title='bbox 2857 5073 3002 5116; x_wconf 92' lang='lat' dir='ltr'>cum</span> <span class='ocrx_word' id='word_1_714' title='bbox 3030 5054 3095 5116; x_wconf 91' lang='lat' dir='ltr'>in</span> <span class='ocrx_word' id='word_1_715' title='bbox 3122 5052 3246 5116; x_wconf 88' lang='lat' dir='ltr'>hoc</span> <span class='ocrx_word' id='word_1_716' title='bbox 3274 5057 3602 5116; x_wconf 85' lang='lat' dir='ltr'>contractu</span> <span class='ocrx_word' id='word_1_717' title='bbox 3624 5072 3846 5116; x_wconf 82' lang='lat' dir='ltr'>census</span> <span class='ocrx_word' id='word_1_718' title='bbox 3869 5070 3992 5113; x_wconf 72' lang='lat' dir='ltr'>rea·</span> 
     </span>
    </p>
   </div>
   <div class='ocr_carea' id='block_1_11' title="bbox 872 5145 3989 5229">
    <p class='ocr_par' dir='ltr' id='par_1_15' title="bbox 872 5145 3989 5229">
     <span class='ocr_line' id='line_1_105' title="bbox 872 5145 3989 5229; baseline -0.002 -18"><span class='ocrx_word' id='word_1_719' title='bbox 872 5145 1076 5212; x_wconf 81' lang='lat' dir='ltr'>&#39;Circa</span> <span class='ocrx_word' id='word_1_720' title='bbox 1106 5149 1268 5210; x_wconf 88' lang='lat' dir='ltr'>hanc</span> <span class='ocrx_word' id='word_1_721' title='bbox 1305 5149 1729 5211; x_wconf 91' lang='lat' dir='ltr'>conditionem</span> <span class='ocrx_word' id='word_1_722' title='bbox 1777 5149 2100 5211; x_wconf 86' lang='lat' dir='ltr'>dubitatur</span> <span class='ocrx_word' id='word_1_723' title='bbox 2136 5150 2362 5229; x_wconf 90' lang='lat' dir='ltr'>primo,</span> <span class='ocrx_word' id='word_1_724' title='bbox 2461 5149 2540 5210; x_wconf 90' lang='lat' dir='ltr'>lis</span> <span class='ocrx_word' id='word_1_725' title='bbox 2585 5152 2833 5211; x_wconf 87' lang='lat' dir='ltr'>ematur</span> <span class='ocrx_word' id='word_1_726' title='bbox 2877 5147 3136 5223; x_wconf 88' lang='lat' dir='ltr'>directe,</span> <span class='ocrx_word' id='word_1_727' title='bbox 3191 5149 3255 5208; x_wconf 90' lang='lat' dir='ltr'>et</span> <span class='ocrx_word' id='word_1_728' title='bbox 3305 5146 3606 5226; x_wconf 87' lang='lat' dir='ltr'>primario</span> <span class='ocrx_word' id='word_1_729' title='bbox 3662 5145 3989 5212; x_wconf 84' lang='lat' dir='ltr'>dominium</span> 
     </span>
    </p>
   </div>
   <div class='ocr_carea' id='block_1_12' title="bbox 822 5241 2365 5414">
    <p class='ocr_par' dir='ltr' id='par_1_16' title="bbox 822 5241 2365 5414">
     <span class='ocr_line' id='line_1_106' title="bbox 822 5241 2365 5321; baseline 0.001 -19"><span class='ocrx_word' id='word_1_730' title='bbox 822 5260 902 5301; x_wconf 89' lang='lat' dir='ltr'>an</span> <span class='ocrx_word' id='word_1_731' title='bbox 932 5262 1094 5303; x_wconf 88' lang='lat' dir='ltr'>unus</span> <span class='ocrx_word' id='word_1_732' title='bbox 1125 5260 1347 5303; x_wconf 89' lang='lat' dir='ltr'>census</span> <span class='ocrx_word' id='word_1_733' title='bbox 1383 5242 1580 5321; x_wconf 90' lang='lat' dir='ltr'>possit</span> <span class='ocrx_word' id='word_1_734' title='bbox 1623 5260 1815 5320; x_wconf 88' lang='lat' dir='ltr'>super</span> <span class='ocrx_word' id='word_1_735' title='bbox 1858 5241 1982 5303; x_wconf 88' lang='lat' dir='ltr'>alio</span> <span class='ocrx_word' id='word_1_736' title='bbox 2009 5286 2024 5317; x_wconf 96' lang='lat'>,</span> <span class='ocrx_word' id='word_1_737' title='bbox 2081 5242 2181 5302; x_wconf 86' lang='lat' dir='ltr'>vel</span> <span class='ocrx_word' id='word_1_738' title='bbox 2229 5241 2365 5304; x_wconf 78' lang='lat' dir='ltr'>aliis</span> 
     </span>
     <span class='ocr_line' id='line_1_107' title="bbox 822 5332 2362 5414; baseline 0 -20"><span class='ocrx_word' id='word_1_739' title='bbox 822 5334 1154 5396; x_wconf 87' lang='lat' dir='ltr'>constitui?</span> <span class='ocrx_word' id='word_1_740' title='bbox 1181 5338 1426 5413; x_wconf 85' lang='lat' dir='ltr'>Negant</span> <span class='ocrx_word' id='word_1_741' title='bbox 1450 5335 1697 5414; x_wconf 88' lang='lat' dir='ltr'>plures,</span> <span class='ocrx_word' id='word_1_742' title='bbox 1730 5333 2075 5409; x_wconf 78' lang='lat' dir='ltr'>MolinaeuS,</span> <span class='ocrx_word' id='word_1_743' title='bbox 2111 5332 2362 5396; x_wconf 78' lang='lat' dir='ltr'>Cifuen-</span> 
     </span>
    </p>
   </div>
   <div class='ocr_carea' id='block_1_13' title="bbox 2463 5236 3988 5412">
    <p class='ocr_par' dir='ltr' id='par_1_17' title="bbox 2463 5236 3988 5412">
     <span class='ocr_line' id='line_1_108' title="bbox 2464 5236 3988 5318; baseline -0.003 -15"><span class='ocrx_word' id='word_1_744' title='bbox 2464 5242 2649 5315; x_wconf 88' lang='lat' dir='ltr'>utile,</span> <span class='ocrx_word' id='word_1_745' title='bbox 2709 5259 2820 5302; x_wconf 86' lang='lat' dir='ltr'>seu</span> <span class='ocrx_word' id='word_1_746' title='bbox 2875 5239 3268 5301; x_wconf 84' lang='lat' dir='ltr'>ususfructus</span> <span class='ocrx_word' id='word_1_747' title='bbox 3321 5239 3548 5301; x_wconf 86' lang='lat' dir='ltr'>saltem</span> <span class='ocrx_word' id='word_1_748' title='bbox 3588 5238 3862 5318; x_wconf 82' lang='lat' dir='ltr'>partialis</span> <span class='ocrx_word' id='word_1_749' title='bbox 3905 5236 3988 5298; x_wconf 81' lang='lat' dir='ltr'>rei</span> 
     </span>
     <span class='ocr_line' id='line_1_109' title="bbox 2463 5330 3985 5412; baseline -0.005 -15"><span class='ocrx_word' id='word_1_750' title='bbox 2463 5333 2754 5407; x_wconf 76' lang='lat' dir='ltr'>censitoe3</span> <span class='ocrx_word' id='word_1_751' title='bbox 2786 5350 3180 5412; x_wconf 81' lang='lat' dir='ltr'>consequens</span> <span class='ocrx_word' id='word_1_752' title='bbox 3207 5336 3303 5396; x_wconf 85' lang='lat' dir='ltr'>est</span> <span class='ocrx_word' id='word_1_753' title='bbox 3329 5335 3399 5394; x_wconf 92' lang='lat' dir='ltr'>ut</span> <span class='ocrx_word' id='word_1_754' title='bbox 3423 5332 3476 5394; x_wconf 86' lang='lat' dir='ltr'>si</span> <span class='ocrx_word' id='word_1_755' title='bbox 3503 5350 3608 5393; x_wconf 89' lang='lat' dir='ltr'>res</span> <span class='ocrx_word' id='word_1_756' title='bbox 3625 5332 3761 5411; x_wconf 82' lang='lat' dir='ltr'>ipsa</span> <span class='ocrx_word' id='word_1_757' title='bbox 3787 5330 3985 5392; x_wconf 62' lang='lat' dir='ltr'>fiucti-</span> 
     </span>
    </p>
   </div>
   <div class='ocr_carea' id='block_1_14' title="bbox 819 5421 3979 5609">
    <p class='ocr_par' dir='ltr' id='par_1_18' title="bbox 819 5421 3979 5609">
     <span class='ocr_line' id='line_1_110' title="bbox 819 5421 3979 5506; baseline -0.001 -21"><span class='ocrx_word' id='word_1_758' title='bbox 819 5429 935 5501; x_wconf 85' lang='lat' dir='ltr'>tes,</span> <span class='ocrx_word' id='word_1_759' title='bbox 968 5427 1233 5488; x_wconf 88' lang='lat' dir='ltr'>Alvarus</span> <span class='ocrx_word' id='word_1_760' title='bbox 1264 5429 1451 5503; x_wconf 88' lang='lat' dir='ltr'>Vaez,</span> <span class='ocrx_word' id='word_1_761' title='bbox 1484 5429 1681 5505; x_wconf 86' lang='lat' dir='ltr'>Vega,</span> <span class='ocrx_word' id='word_1_762' title='bbox 1717 5431 1780 5488; x_wconf 87' lang='lat' dir='ltr'>et</span> <span class='ocrx_word' id='word_1_763' title='bbox 1807 5426 1951 5503; x_wconf 88' lang='lat' dir='ltr'>alii,</span> <span class='ocrx_word' id='word_1_764' title='bbox 1986 5443 2144 5506; x_wconf 90' lang='lat' dir='ltr'>quos</span> <span class='ocrx_word' id='word_1_765' title='bbox 2173 5426 2359 5493; x_wconf 83' lang='lat' dir='ltr'>affert</span> <span class='ocrx_word' id='word_1_766' title='bbox 2455 5427 2590 5489; x_wconf 88' lang='lat' dir='ltr'>fera</span> <span class='ocrx_word' id='word_1_767' title='bbox 2617 5443 2742 5489; x_wconf 89' lang='lat' dir='ltr'>non</span> <span class='ocrx_word' id='word_1_768' title='bbox 2770 5426 2887 5502; x_wconf 88' lang='lat' dir='ltr'>sit,</span> <span class='ocrx_word' id='word_1_769' title='bbox 2938 5423 3094 5486; x_wconf 89' lang='lat' dir='ltr'>nihil</span> <span class='ocrx_word' id='word_1_770' title='bbox 3132 5441 3390 5503; x_wconf 83' lang='lat' dir='ltr'>prorsus</span> <span class='ocrx_word' id='word_1_771' title='bbox 3419 5427 3701 5499; x_wconf 86' lang='lat' dir='ltr'>ematur,</span> <span class='ocrx_word' id='word_1_772' title='bbox 3744 5421 3979 5503; x_wconf 82' lang='lat' dir='ltr'>quando</span> 
     </span>
     <span class='ocr_line' id='line_1_111' title="bbox 819 5513 3971 5609; baseline -0.001 -28"><span class='ocrx_word' id='word_1_773' title='bbox 819 5518 996 5582; x_wconf 83' lang='lat' dir='ltr'>Salas</span> <span class='ocrx_word' id='word_1_774' title='bbox 1025 5518 1175 5581; x_wconf 90' lang='lat' dir='ltr'>dub.</span> <span class='ocrx_word' id='word_1_775' title='bbox 1207 5536 1320 5598; x_wconf 79' lang='lat' dir='ltr'>vn.</span> <span class='ocrx_word' id='word_1_776' title='bbox 1353 5538 1416 5586; x_wconf 86' lang='lat' dir='ltr'>n.</span> <span class='ocrx_word' id='word_1_777' title='bbox 1449 5523 1509 5585; x_wconf 79' lang='lat'>2.</span> <span class='ocrx_word' id='word_1_778' title='bbox 1569 5519 1695 5583; x_wconf 82' lang='lat' dir='ltr'>Alii</span> <span class='ocrx_word' id='word_1_779' title='bbox 1720 5518 1911 5585; x_wconf 86' lang='lat' dir='ltr'>etiam</span> <span class='ocrx_word' id='word_1_780' title='bbox 1939 5518 2152 5609; x_wconf 86' lang='lat' dir='ltr'>plures</span> <span class='ocrx_word' id='word_1_781' title='bbox 2181 5519 2353 5584; x_wconf 84' lang='lat' dir='ltr'>affir-</span> <span class='ocrx_word' id='word_1_782' title='bbox 2452 5519 2588 5609; x_wconf 85' lang='lat' dir='ltr'>ejus</span> <span class='ocrx_word' id='word_1_783' title='bbox 2615 5518 3004 5583; x_wconf 82' lang='lat' dir='ltr'>ususfructus</span> <span class='ocrx_word' id='word_1_784' title='bbox 3033 5516 3281 5595; x_wconf 85' lang='lat' dir='ltr'>emitur,</span> <span class='ocrx_word' id='word_1_785' title='bbox 3313 5516 3428 5580; x_wconf 86' lang='lat' dir='ltr'>sed</span> <span class='ocrx_word' id='word_1_786' title='bbox 3456 5516 3692 5597; x_wconf 74' lang='lat' dir='ltr'>emptio</span> <span class='ocrx_word' id='word_1_787' title='bbox 3715 5517 3852 5579; x_wconf 71' lang='lat' dir='ltr'>fieta</span> <span class='ocrx_word' id='word_1_788' title='bbox 3876 5513 3971 5588; x_wconf 71' lang='lat' dir='ltr'>sit.</span> 
     </span>
    </p>
   </div>
   <div class='ocr_carea' id='block_1_15' title="bbox 4185 5048 4187 5691">
    <p class='ocr_par' dir='ltr' id='par_1_19' title="bbox 4185 5048 4187 5691">
     <span class='ocr_line' id='line_1_112' title="bbox 4185 5048 4187 5691; baseline 0 0"><span class='ocrx_word' id='word_1_789' title='bbox 4185 5048 4187 5691; x_wconf 95' lang='lat' dir='ltr'> </span> 
     </span>
    </p>
   </div>
  </div>
 </body>
</html>
