4263 6376
70 5561 156 5622 117

1290 373 1761 435 DISPUTATIO
1805 372 2019 446 XXIV,
2070 370 2343 432 SECTIO
2388 371 2490 431 ΥΙ.
3380 369 3451 429 91

297 569 430 630 quae
457 549 623 611 ratio
654 567 784 610 non
812 547 1099 627 procedit
1137 547 1200 608 in
1247 546 1524 626 legitimo
1573 553 1825 625 nepote,

295 642 466 721 cujus
515 648 701 720 pater
748 641 903 703 nihil
946 641 1229 721 deliquit.
1272 640 1597 703 Contraria
1621 645 1831 701 tamen

294 736 600 798 sententia
627 736 838 795 verior
868 738 930 795 et
968 734 1315 796 communis
1346 739 1473 808 est,
1526 734 1576 793 si
1622 751 1828 794 sermo

295 829 367 889 sit
385 829 463 888 de
492 833 724 908 nepote
757 835 903 889 nato
933 848 1008 888 ex
1036 829 1185 903 filio,
1214 827 1588 906 quigenitus
1611 826 1725 887 fuit
1754 845 1830 886 ex

293 921 694 983 matrimonio
720 923 1077 983 incestuoso
1113 936 1126 981 :
1166 920 1328 980 hanc
1355 925 1574 981 tenent
1605 921 1830 979 Covar-

290 1015 494 1076 ruvias
525 1021 592 1075 et
614 1014 724 1074 alii
753 1013 1065 1073 innumeri
1095 1032 1249 1092 quos
1278 1013 1463 1073 affert
1484 1058 1499 1088 ‚
1534 1017 1595 1073 et
1621 1011 1832 1090 sequi-

291 1113 388 1168 tur
414 1107 707 1169 Sanchez
735 1107 902 1167 dicto
932 1106 1084 1167 dub.
1115 1123 1278 1167 xlm.
1311 1124 1374 1166 ιι.
1409 1109 1467 1166 2.
1503 1109 1556 1166 A
1587 1122 1712 1184 qua
1739 1103 1830 1164 di-

289 1199 486 1261 scedit
514 1202 829 1279 vasquez,
863 1200 1006 1278 quia
1038 1199 1450 1260 Comrruvias
1479 1198 1714 1259 nullam
1740 1200 1829 1258 at-

289 1293 426 1354 tulit
451 1292 662 1370 legem
692 1291 775 1351 ad
827 1311 968 1352 eam
1017 1292 1441 1370 probandam,
1491 1290 1601 1351 sed
1633 1290 1831 1349 solam

289 1386 732 1446 auctoritatem
753 1385 1120 1464 juristarum
1156 1405 1169 1445 ε
1205 1403 1328 1445 ιιοιι
1356 1389 1568 1445 tamen
1599 1382 1832 1442 disces-

288 1479 488 1554 sisset,
524 1478 576 1538 si
606 1478 869 1538 vidisset
903 1478 1143 1557 legem,
1200 1476 1279 1537 Si
1317 1477 1445 1557 quis
1486 1475 1724 1551 incesti,
1756 1477 1823 1536 G.

288 1571 357 1632 de
381 1571 616 1632 incestis
644 1570 867 1651 nuptiis
890 1616 905 1647 ,
956 1570 1063 1629 ubi
1109 1570 1550 1630 contrahentes
1581 1569 1830 1647 nuptias

288 1664 558 1725 incestas
585 1665 934 1743 puniuntur
961 1662 1150 1723 variis
1165 1663 1388 1742 poeniS,
1421 1681 1687 1741 quarum
1704 1680 1829 1722 una

289 1762 401 1832 est,
451 1763 526 1818 ut
569 1775 699 1817 non
754 1756 993 1835 possint
1032 1755 1354 1817 instituere
1400 1755 1713 1816 haeredem
1765 1756 1829 1816 in

287 1857 489 1912 morte
516 1895 532 1925 ‚
583 1850 704 1910 nisi
746 1867 1044 1928 personas
1091 1850 1153 1908 in
1184 1848 1351 1910 dicta
1380 1849 1518 1926 lege
1547 1848 1829 1909 nomina-

286 1949 402 2019 tas„
434 1961 671 2022 nempe
701 1961 809 2003 eos
831 1988 848 2018 ,
898 1942 1003 2021 qui
1053 1961 1126 2002 ex
1157 1942 1278 2003 alio
1308 1942 1585 2020 legitimo
1617 1942 1829 2003 matri-

286 2037 497 2097 monio
530 2055 568 2095 a
606 2039 907 2098 testatore
955 2035 1339 2114 procedunt,
1390 2035 1585 2095 filium
1633 2053 1829 2113 nepo-

284 2135 407 2191 tem
440 2177 458 2205 ,
510 2133 921 2208 pronepotem
947 2174 964 2205 ,
1014 2129 1455 2190 ascendentem
1497 2129 1687 2189 etiam
1717 2147 1827 2207 pa-

284 2228 467 2300 trem,
495 2227 792 2299 matrem,
823 2241 1037 2298 avum,
1072 2223 1279 2282 aviam
1306 2269 1321 2298 ,
1356 2223 1579 2284 fratres
1601 2268 1616 2299 ,
1650 2240 1828 2283 soro-

283 2336 405 2391 reS,
439 2321 776 2396 patruum,
828 2315 1084 2376 amitam
1113 2361 1128 2390 ,
1176 2319 1238 2375 et
1265 2334 1392 2376 non
1419 2315 1595 2376 alios.
1632 2317 1700 2375 In
1731 2315 1828 2374 his

283 2415 494 2471 autem
525 2426 656 2469 non
686 2405 1238 2485 comprehenditur
1265 2426 1462 2485 nepos
1490 2427 1565 2469 ex
1592 2407 1719 2468 filio
1738 2408 1826 2466 in-

284 2507 615 2572 cestuoso;
651 2520 800 2580 ergo
849 2501 1023 2561 illum
1071 2501 1392 2563 instituere
1430 2519 1554 2561 non
1593 2506 1820 2579 potest,

283 2614 425 2657 cum
481 2595 785 2656 facultate
834 2594 1176 2673 quemlibet
1215 2594 1407 2655 alium
1455 2594 1822 2655 instituendi

280 2689 566 2770 privetur
596 2691 829 2765 praeter
858 2687 943 2747 ibi
973 2692 1392 2748 enumeratos.

359 2783 496 2841 Hoc
524 2785 743 2840 tamen
775 2797 898 2839 non
931 2778 1213 2857 procedit
1239 2779 1300 2840 in
1325 2782 1552 2858 nepote
1576 2799 1652 2840 ex
1672 2799 1824 2860 quo-

282 2873 431 2935 libet
459 2873 594 2933 filio
626 2872 856 2950 copula
884 2871 1236 2932 incestuosa
1267 2872 1501 2950 genitO,
1538 2871 1656 2933 nisi
1686 2873 1821 2933 fue-

281 2969 361 3029 rit
386 2986 464 3027 ex
496 2964 905 3026 matrimonio
963 2965 1340 3040 incestuoso,
1405 2966 1466 3025 id
1525 2971 1639 3041 est,
1677 2984 1821 3027 cum

282 3059 766 3138 consanguinea
794 3058 892 3117 vel
922 3058 1110 3119 affine
1139 3063 1482 3120 contractO.
1517 3059 1579 3121 Si
1611 3064 1822 3121 autem

278 3152 757 3216 matrimonium
789 3150 1041 3213 aliunde
1070 3152 1334 3213 vetitum
1365 3157 1528 3215 esset
1566 3157 1824 3232 propter

281 3248 448 3307 aliud
510 3244 1059 3323 impedimentum,
1109 3263 1235 3305 non
1295 3245 1632 3306 incurritur
1687 3246 1822 3307 haec

282 3359 494 3419 poena,
551 3343 777 3401 contra
837 3339 1203 3415 Gregorium
1261 3341 1486 3416 Lopez,
1549 3344 1610 3400 et
1666 3339 1822 3400 alios

280 3433 447 3513 apud
509 3430 749 3493 Sanch.
785 3449 891 3491 nu.
924 3433 984 3491 Ιι.
1020 3431 1166 3510 quia
1197 3432 1293 3491 lex
1337 3432 1444 3491 illa
1498 3432 1701 3492 solum
1731 3433 1820 3493 lo-

280 3527 493 3605 quitur
522 3525 607 3584 de
636 3523 1040 3584 matrimonio
1071 3524 1447 3584 incestuosO.
1495 3524 1670 3585 Sicut
1716 3543 1820 3585 ne-

281 3638 400 3698 que
428 3617 628 3677 etiam
660 3616 1141 3677 contraheretur
1169 3616 1305 3677 haec
1333 3634 1542 3695 poena,
1565 3618 1818 3697 quando

281 3732 350 3771 ex
406 3709 777 3790 ignorantia
831 3708 1286 3786 impedimenti,
1320 3708 1450 3768 sive
1473 3710 1655 3788 juriS,
1689 3710 1820 3772 sive

279 3805 444 3876 facti,
479 3801 969 3863 matrimonium
1027 3807 1420 3862 contractum
1474 3802 1610 3878 fuit,
1673 3804 1819 3883 quia

279 3901 428 3957 tunc
455 3914 587 3956 non
621 3894 739 3954 fuit
793 3893 977 3971 culpa
1034 3893 1381 3955 formaliter
1436 3895 1816 3955 matrimonii

278 3986 644 4049 incestuosi.
679 3987 862 4049 Unde
895 4004 1095 4066 neque
1141 3987 1193 4046 si
1221 3991 1439 4065 postea
1495 3986 1821 4050 adveniret

276 4083 442 4142 mala
475 4082 658 4156 tides,
693 4084 757 4141 et
775 4084 1246 4158 perseverarent
1274 4081 1573 4159 conjuges
1591 4080 1655 4140 in
1684 4099 1818 4141 ma-

275 4175 597 4248 trimonio,
623 4175 1050 4233 incurreretur
1078 4172 1212 4232 haec
1243 4191 1448 4251 poena3
1471 4172 1618 4252 quia
1649 4172 1820 4233 vide-

277 4272 378 4328 tur
403 4266 619 4328 solum
677 4265 972 4343 imposita
1000 4264 1096 4340 iis,
1132 4264 1236 4344 qui
1269 4266 1537 4326 incestas
1569 4265 1818 4343 nuptias

275 4359 740 4422 contraxerint:
799 4375 1202 4437 perseverare
1259 4362 1469 4419 autem
1526 4377 1649 4418 non
1725 4362 1820 4419 est

273 4452 676 4527 contrahere,
733 4451 842 4511 sed
874 4468 1000 4509 non
1032 4450 1391 4526 dissolvere,
1453 4450 1532 4509 de
1589 4451 1817 4529 quibus

273 4546 419 4606 vide
451 4543 741 4606 Sanchez
770 4542 937 4604 dicto
968 4543 1128 4618 loen,
1169 4542 1275 4621 qui
1304 4544 1459 4604 alios
1490 4545 1691 4605 affert.

352 4641 445 4698 De
470 4638 616 4717 jure
672 4636 950 4715 Hispano
1009 4653 1203 4713 nepos
1250 4636 1500 4716 spurius
1557 4656 1632 4696 ex
1687 4638 1815 4698 filio

273 4731 506 4791 clerico
535 4746 665 4789 non
695 4733 902 4808 potest
931 4728 1165 4806 aliquid
1197 4728 1275 4788 ab
1333 4747 1450 4789 avo
1503 4729 1839 4817 accipere„

274 4824 426 4902 quia
456 4840 575 4883 nec
629 4826 838 4901 potest
893 4821 973 4882 ab
1021 4821 1163 4881 ullis
1218 4821 1424 4882 clerici
1482 4822 1678 4900 patris
1718 4822 1814 4883 sui

272 4914 782 4994 consanguineiS,
817 4914 858 4976 l.
896 4915 1050 4975 Vlll.
1078 4914 1185 4975 lib.
1222 4931 1283 4975 v.
1305 4931 1481 4974 novae
1511 4914 1816 4993 recopila-

270 5009 486 5082 tionis,
521 5025 661 5085 quae
691 5010 952 5067 extensa
979 5012 1073 5067 est
1118 5007 1198 5067 ad
1254 5007 1501 5084 spurios
1558 5026 1633 5066 ex
1675 5006 1813 5068 reli-

268 5102 490 5179 giosis»,
523 5099 602 5160 de
637 5117 905 5179 quarum
928 5099 1138 5177 legum
1170 5100 1582 5178 explicatione
1613 5099 1812 5185 videri

268 5198 539 5272 possunt
569 5195 855 5271 Vasquez
872 5191 1037 5254 dicto
1066 5194 1102 5271 ἓ
1133 5194 1260 5253 Vll.
1297 5191 1446 5252 dub.
1483 5209 1569 5252 vl.
1604 5197 1667 5253 et
1697 5209 1806 5253 vn.

269 5292 332 5346 et
358 5288 419 5365 ἓ.
477 5302 612 5346 vm.
645 5285 797 5345 dub.
835 5301 921 5344 iv.
961 5284 1242 5345 Sanchez
1272 5284 1336 5347 d.
1382 5302 1436 5344 c.
1500 5300 1592 5344 111.
1656 5284 1805 5346 dub.

268 5394 438 5438 xuv.
475 5382 534 5437 et
588 5376 823 5438 Melina
851 5377 1012 5455 disp.
1062 5392 1283 5437 cmvii.
1321 5376 1594 5437 conclus.
1640 5379 1701 5437 5.
1750 5381 1814 5438 et

272 5470 697 5550 sequentibus,
733 5469 842 5548 qui
874 5469 1030 5528 alios
1059 5470 1357 5531 referunt.

350 5564 530 5627 circa
555 5563 859 5643 praedicta
891 5562 1225 5624 advertunt
1253 5562 1467 5646 aliqui,
1519 5566 1810 5644 nepotem

1929 564 2005 607 ex
2032 546 2160 607 filio
2192 545 2403 624 spurio
2462 564 2586 606 nou
2643 562 2824 625 posse
2882 543 2960 603 ab
3016 562 3135 604 avo
3192 542 3453 618 institui,

1931 640 2181 718 quando
2241 657 2433 718 nepos
2463 644 2626 699 esset
2655 637 2718 700 in
2750 640 3057 715 potestate
3111 636 3209 698 sui
3265 637 3458 714 patris

1928 733 2144 811 spurii,
2180 732 2328 812 quia
2349 731 2482 810 jam
2510 737 2661 792 tunc
2677 731 3063 791 ususfructus
3083 730 3303 791 saltem
3333 730 3457 789 hae-

1928 824 2211 885 reditatis
2242 825 2670 903 acquireretur
2697 823 2822 884 filio
2854 823 3087 901 spurio.
3141 823 3264 884 Sed
3298 825 3458 885 San-

1928 918 2079 979 chez
2110 918 2259 978 dub.
2294 935 2431 978 xm.
2467 935 2609 977 cum
2639 916 2776 977 aliis
2804 915 3006 997 rejicit
3033 916 3197 977 hanc
3234 916 3457 977 limita-

1926 1011 2185 1086 tionem,
2243 1011 2391 1090 quia
2447 1011 2835 1072 ususfructus
2915 1028 3039 1070 non
3097 1010 3458 1089 acquiretur

1927 1103 2086 1183 patri
2138 1104 2371 1182 spuri0‚
2408 1122 2550 1164 cum
2581 1121 2703 1163 non
2728 1103 2807 1162 sit
2835 1120 3055 1180 capax,
3090 1103 3202 1162 sed
3250 1120 3456 1162 rema-

1927 1196 2103 1256 nebit
2133 1215 2324 1274 penes
2372 1196 2576 1273 ipsum
2634 1199 2924 1271 nepotem
2980 1195 3353 1269 institutum,
3390 1198 3458 1254 ut

1929 1289 2113 1349 docet
2142 1290 2327 1349 etiam
2358 1288 2587 1349 Molina
2620 1288 2788 1348 dicta
2817 1287 2977 1366 disp.
3025 1303 3248 1348 cmvn.
3305 1306 3457 1349 con-

1928 1381 2080 1442 clus.
2114 1385 2174 1442 9.
2221 1381 2339 1442 Alii
2372 1381 2788 1441 communiter
2832 1381 3187 1455 advertunt,
3222 1380 3271 1439 si
3300 1399 3455 1441 avus

1927 1474 2510 1552 instituatnepotem
2539 1472 3063 1551 contemplatione
3092 1474 3203 1534 filii
3233 1473 3450 1552 spurii,

1927 1567 2379 1628 institutionem
2410 1584 2533 1626 non
2564 1567 2793 1626 valere.
2828 1567 2921 1626 Ita
2940 1565 3171 1626 Moliua
3199 1566 3336 1627 loco
3368 1565 3457 1626 ci-

1925 1665 2076 1732 tato,
2111 1665 2175 1721 et
2194 1660 2297 1719 alii
2327 1659 2743 1720 communiter
2772 1676 2929 1737 quos
2957 1659 3137 1719 affert
3169 1663 3230 1719 et
3251 1657 3456 1738 sequi-

1926 1758 2029 1815 tur
2058 1752 2338 1815 Sanchez
2369 1753 2535 1813 dicto
2568 1752 2715 1812 dub.
2767 1768 2910 1814 XLV.
2943 1770 3004 1811 n.
3041 1754 3136 1813 10.
3172 1752 3233 1810 in
3265 1751 3455 1813 dubio

1925 1851 2138 1908 autem
2168 1865 2289 1906 non
2322 1851 2608 1906 censetur
2627 1844 2891 1923 relinqui
2923 1843 3150 1904 intuitu
3178 1844 3311 1920 filii,
3344 1844 3456 1905 sed

1928 1939 2193 2017 nepotiS,
2229 1944 2297 1999 ut
2332 1956 2475 1999 cum
2504 1937 2642 1999 aliis
2673 1937 2900 1998 docent
2944 1936 3176 1999 Molina
3203 1942 3266 1998 et
3303 1939 3456 2000 San-

1928 2031 2079 2093 chez
2101 2032 2207 2108 ibi,
2254 2034 2317 2092 et
2356 2038 2597 2092 certum
2626 2036 2721 2092 est
2747 2048 2871 2091 non
2898 2030 3034 2090 fieri
3062 2030 3287 2092 intuitu
3319 2031 3450 2107 mii,

1928 2126 2180 2205 quando
2205 2124 2337 2204 jam
2395 2124 2555 2185 filius
2585 2127 2872 2184 mortuus
2927 2127 3041 2199 est,
3073 2122 3185 2183 sed
3236 2141 3351 2185 nec
3404 2123 3455 2184 si

1925 2219 2096 2279 vivat
2152 2223 2330 2296 pater
2369 2218 2637 2295 spurius,
2673 2216 2901 2277 dicitur
2928 2215 3065 2276 fieri
3123 2215 3255 2295 ejus
3311 2235 3455 2279 con-

1923 2311 2352 2389 templatione,
2403 2311 2454 2370 si
2510 2314 2769 2371 testator
2809 2327 2882 2371 ex
2938 2313 3164 2372 affectu
3197 2329 3348 2389 erga
3379 2313 3453 2372 fi·

1923 2404 2076 2465 lium
2133 2404 2436 2482 spurium,
2484 2403 2709 2481 diligat
2749 2404 2940 2465 etiam
2971 2409 3286 2483 nepotem,
3338 2404 3450 2474 sed

1924 2497 2176 2577 quando
2205 2496 2578 2576 relinquitur
2607 2497 2837 2574 nepoti,
2873 2502 2943 2559 ut
2969 2496 3115 2558 inde
3133 2498 3444 2560 redundet

1922 2590 2155 2650 utilitas
2181 2590 2242 2649 in
2272 2589 2491 2664 filium,
2527 2594 2595 2650 ut
2621 2607 2764 2650 cum
2793 2590 2931 2651 aliis
2961 2591 3257 2652 observat
3288 2593 3450 2653 San-

1923 2682 2074 2743 chez
2098 2700 2269 2742 num.
2307 2685 2401 2743 11.

2003 2778 2090 2836 De
2120 2775 2240 2836 hac
2268 2781 2477 2837 tamen
2508 2777 2825 2839 communi
2868 2776 3155 2838 doctrina
3210 2776 3456 2839 dubitat

1922 2871 2207 2948 vasquez
2254 2869 2418 2932 dicto
2449 2870 2597 2931 dub.
2635 2871 2765 2930 Vll.
2801 2888 2974 2931 num.
3011 2873 3146 2930 124.
3185 2870 3291 2949 qui
3324 2888 3451 2931 non

1919 2962 2112 3038 videt,
2149 2981 2260 3023 cur
2285 2981 2407 3023 non
2430 2963 2626 3042 possit
2657 2962 3186 3040 contemplatione
3215 2962 3322 3022 filii
3353 2981 3454 3023 re-

1920 3055 2118 3134 linqui
2150 3055 2385 3135 nepoti,
2429 3059 2500 3116 ut
2528 3055 2673 3116 inde
2705 3055 2939 3116 utilitas
2961 3055 3452 3117 ususfructusre-

1922 3152 2161 3214 dundet
2212 3150 2273 3209 in
2305 3149 2522 3210 filiurn.
2571 3152 2648 3211 Et
2700 3167 2817 3227 ego
2862 3148 3141 3229 quidem,
3209 3149 3453 3213 seclusa

1922 3246 2091 3308 omni
2159 3242 2551 3319 auctoritate,
2612 3242 3092 3319 distinguerem:
3146 3262 3291 3304 nam
3360 3244 3453 3305 lo-

1921 3338 2171 3419 quendo
2202 3337 2280 3396 de
2305 3334 2447 3414 jure
2506 3354 2667 3396 novo
2702 3354 2779 3396 ex
2823 3336 2994 3397 bulla
3024 3335 3112 3397 Pii
3143 3338 3218 3398 V.
3262 3355 3453 3415 supra

1918 3433 2128 3503 citata,
2155 3431 2216 3490 in
2246 3429 2493 3490 casibus
2519 3428 2740 3491 saltem
2788 3429 2871 3490 ibi
2933 3429 3150 3507 positis
3203 3430 3453 3491 videtur

1918 3524 2272 3603 prohibitus
2316 3521 2519 3583 omnis
2546 3521 2770 3583 modus
2798 3521 3194 3601 relinquendi
3223 3522 3341 3582 illis
3368 3521 3454 3582 di-

1917 3625 2091 3683 recte,
2123 3616 2223 3676 vel
2252 3614 2784 3693 indirecte,quibus
2802 3614 3010 3675 verbis
3039 3615 3451 3693 comprehen-

1919 3709 2262 3769 dividetur
2306 3725 2489 3767 casus
2516 3711 2749 3783 noster,
2775 3725 2897 3787 quo
2947 3726 3024 3767 ex
3052 3707 3445 3769 institutione

1918 3801 2163 3880 nepotis
2201 3800 2501 3861 indirecte
2532 3800 2793 3861 resultat
2821 3800 3210 3862 ususfructus
3258 3800 3320 3860 in
3376 3803 3450 3861 fi-

1916 3897 2068 3959 lium
2099 3893 2402 3974 spurium,
2431 3911 2626 3972 quare
2654 3892 2751 3952 vel
2772 3892 3199 3954 institutioilla
3227 3893 3448 3956 eritiu-

1916 3989 2146 4063 valida,
2179 3987 2277 4046 vel
2324 3987 2408 4047 ita
2456 3986 2838 4062 sustinenda,
2873 3989 3095 4047 utnon
3139 3985 3451 4048 redundet

1918 4082 2150 4142 utilitas
2182 4078 2570 4139 ususfructus
2599 4078 2661 4138 in
2691 4078 2916 4142 filium.
2978 4078 3319 4159 Loquendo
3347 4084 3444 4141 ta-

1915 4193 2060 4234 men
2092 4173 2170 4232 de
2216 4172 2354 4232 aliis
2395 4171 2663 4246 casibus,
2696 4175 2758 4232 et
2811 4171 2889 4231 de
2933 4171 3076 4252 jure
3131 4172 3447 4233 communi

1916 4269 2222 4340 Coesareo,
2257 4282 2461 4343 neque
2493 4281 2607 4342 ego
2638 4263 2828 4325 etiam
2881 4265 3068 4325 video
3123 4265 3444 4326 sufficiens

1914 4359 2394 4419 fundamentum
2442 4356 2504 4415 in
2554 4356 2696 4435 jure
2742 4357 2826 4417 ad
2854 4358 3193 4418 dicendum
3223 4358 3447 4418 invali-

1915 4453 2064 4512 dam
2092 4468 2229 4510 esse
2260 4449 2711 4510 institutionem
2766 4450 3010 4527 nepotis
3038 4449 3266 4511 factam
3296 4468 3447 4511 con-

1914 4543 2321 4621 templatione
2375 4540 2508 4617 filii,
2540 4542 2642 4602 vel
2669 4541 2838 4621 quod
2888 4561 3012 4602 non
3043 4542 3239 4622 possit
3265 4561 3445 4603 usus-

1913 4636 2153 4696 fructus
2182 4634 2311 4694 filio
2340 4634 2552 4712 spurio
2608 4634 2910 4695 advenire
2956 4654 3033 4695 ex
3078 4634 3443 4696 haereditate

1913 4729 2013 4790 avi
2043 4727 2257 4806 nepoti
2285 4726 2522 4787 relicta.
2555 4727 2626 4788 Id
2655 4726 2819 4787 enim
2841 4728 3195 4806 probantex
3220 4728 3260 4789 l.
3295 4745 3339 4791 1.
3372 4731 3437 4791 C.

1912 4821 1982 4882 de
2015 4820 2382 4881 naturalibus
2400 4819 2616 4896 liberis,
2650 4838 2728 4880 ex
2755 4839 2879 4899 qua
2908 4821 3237 4900 colligitur,
3273 4823 3443 4902 quod

1914 4916 2019 4995 qui
2062 4933 2174 4994 per
2227 4933 2293 4974 se
2323 4917 2419 4974 est
2470 4912 2757 4991 incapax,
2792 4918 2885 4975 est
2932 4914 3123 4975 etiam
3178 4915 3444 4993 incapax

1911 5007 2227 5068 mediante
2256 5005 2512 5068 alterius
2541 5024 2830 5085 persona.
2874 5009 2961 5068 Ex
2990 5007 3091 5067 illa
3121 5014 3328 5068 autem
3359 5008 3443 5067 le-

1909 5119 2010 5177 ge,
2043 5099 2097 5158 si
2126 5098 2206 5158 ad
2241 5099 2430 5159 verba
2475 5098 2850 5173 attendatur,
2884 5099 2947 5159 id
2979 5118 3100 5159 non
3132 5100 3445 5177 colligitur

1912 5192 1999 5253 ita
2029 5190 2497 5252 universaliter:
2531 5209 2737 5253 sermo
2768 5191 2934 5251 enim
2966 5196 3061 5252 est
3088 5192 3167 5252 de
3197 5191 3272 5253 iis
3301 5210 3441 5271 quae

1908 5285 2006 5346 vir
2033 5284 2143 5344 dat
2168 5283 2370 5359 uxori,
2404 5287 2515 5344 aut
2552 5283 2693 5343 filiis
2723 5283 3150 5361 incapacibus,
3201 5283 3279 5344 de
3310 5286 3441 5365 qui-

1913 5376 2031 5437 bus
2060 5376 2309 5450 dicitur,
2362 5376 2530 5455 quod
2560 5376 2692 5436 sive
2746 5376 2992 5437 dederit
3037 5394 3149 5455 per
3202 5396 3267 5439 se
3311 5378 3441 5439 sive

1912 5487 2024 5548 per
2052 5468 2265 5540 alium,
2319 5467 2662 5529 auferenda
2714 5474 2898 5539 sunt;
2961 5468 3128 5548 quod
3186 5469 3441 5549 quidem

1909 5560 2278 5640 intelligitur
2305 5561 2555 5642 quando
2577 5579 2723 5622 vere
2753 5561 2861 5624 dat
2888 5561 3006 5622 illis
3026 5580 3138 5640 per
3161 5561 3438 5645 interpo-
