4263 6376
1177 336 1649 397 DlSPU'rA'mO
1692 336 1966 410 XXXIII,
2019 337 2295 398 SECTIO
2341 340 2416 398 II.

285 522 422 580 Haec
446 517 604 578 ratio
632 515 879 577 videtur
922 514 1123 594 magis
1166 531 1476 593 apparens
1535 533 1548 573 :
1610 513 1720 574 sed

215 615 269 672 in
296 611 503 691 primis
529 609 718 688 gratis
749 608 998 668 videtur
1041 607 1189 685 poni
1218 607 1448 685 duplex
1476 607 1722 668 animus

216 703 514 784 obligandi
540 701 818 763 diversus
865 701 946 761 ad
993 700 1098 760 illa
1128 700 1251 761 duo
1277 747 1292 776 ,
1345 700 1427 759 ad
1454 699 1720 760 alterum

218 818 282 858 ex
301 794 567 876 justitia,
601 794 675 853 ad
706 794 973 854 alterum
1003 812 1079 853 ex
1115 791 1410 853 fidelitate
1459 791 1521 851 in
1552 809 1722 852 com-

216 890 477 950 mittente
507 886 1139 949 administrationem:
1171 903 1316 947 nam
1348 885 1446 946 vel
1477 903 1600 945 non
1629 884 1725 943 in-

217 981 396 1044 tendit
432 979 707 1057 obligare
752 980 833 1038 ad
877 984 1213 1057 utrumque
1239 1025 1254 1054 ,
1317 977 1412 1038 vel
1457 977 1726 1038 intendit

217 1074 470 1151 Obligare
500 1071 720 1132 eodem
748 1071 959 1148 modo,
993 1090 1136 1132 cum
1163 1070 1622 1131 distinctionem
1654 1069 1727 1129 il-

218 1169 327 1228 lam
366 1183 485 1226 non
533 1164 830 1243 explicet,
909 1182 1023 1224 nec
1069 1164 1333 1224 interius
1388 1162 1720 1241 concipiat.

220 1259 434 1321 Deinde
477 1257 609 1319 sine
649 1257 1058 1318 fundamento
1107 1256 1441 1318 sufficienti
1477 1256 1727 1317 videtur

220 1353 349 1431 poni
375 1350 667 1428 obligatio
697 1350 803 1410 illa
830 1349 1041 1427 gravis
1089 1349 1278 1411 etiam
1322 1369 1397 1408 ex
1426 1349 1724 1410 fidelitate

219 1444 287 1504 ad
312 1442 802 1523 promovendum
832 1443 1067 1503 bonum
1097 1441 1332 1502 domini
1358 1489 1373 1518 ,
1422 1447 1727 1521 quantum

217 1536 522 1598 commodo
543 1534 756 1613 possit.
789 1534 1020 1610 Primo,
1055 1534 1197 1614 quia
1227 1534 1293 1594 in
1322 1534 1458 1594 aliis
1485 1538 1728 1596 contra·

218 1631 397 1691 ctibus
418 1675 434 1705 ,
478 1629 578 1689 vel
605 1627 783 1707 quasi
830 1628 1252 1689 contractibus
1282 1646 1606 1707 nunquam
1634 1645 1727 1686 re-

218 1721 492 1802 gulariter
520 1740 585 1782 se
615 1721 872 1800 obligat,
906 1721 1095 1782 etiam
1115 1721 1324 1798 tacite,
1353 1721 1728 1782 contrahens

220 1819 289 1876 ad
330 1815 781 1877 exactissimam
834 1814 1223 1893 diligentiam
1279 1813 1724 1890 adhibendam,

218 1909 540 1988 praesertim
588 1907 841 1987 quando
890 1911 1246 1969 contractus
1284 1908 1349 1967 in
1404 1907 1727 1985 utriusque

221 2001 622 2063 contrahentis
650 1999 1054 2061 commodum
1082 2000 1182 2076 fit,
1216 2000 1323 2061 sed
1355 2000 1435 2060 ad
1464 2000 1729 2077 diligen-

221 2096 352 2156 tiam
378 2094 717 2154 humanam
747 2097 811 2153 et
834 2092 1154 2153 moraliter
1172 2093 1604 2168 sufficientem,
1621 2110 1731 2151 ne-

222 2205 327 2265 que
353 2186 514 2246 enim
542 2186 814 2247 famulus
860 2185 958 2245 vel
1007 2186 1331 2265 operarius
1377 2205 1442 2246 se
1492 2185 1732 2264 obligat

222 2278 759 2351 adlaborandum,
795 2281 1099 2357 quantum
1129 2279 1402 2356 potuerit
1445 2278 1505 2337 in
1553 2278 1730 2339 obse-

222 2372 415 2451 quium
441 2377 504 2433 et
528 2370 931 2432 commodum
961 2370 1196 2430 domini
1242 2390 1255 2429 :
1308 2390 1512 2450 neque
1542 2372 1729 2432 advo-

222 2469 396 2541 catuS,
443 2468 553 2526 aut
578 2464 863 2524 medicus
893 2462 974 2523 ad
1001 2482 1312 2524 summam
1343 2463 1730 2542 diligentiam

222 2557 624 2618 adhibendam
644 2602 659 2632 ,
693 2556 808 2615 nisi
839 2556 974 2616 haec
1007 2555 1189 2617 tacite
1220 2576 1294 2616 ex
1323 2557 1733 2618 circumstan-

222 2651 307 2710 tiis
332 2651 408 2711 ab
437 2669 510 2711 eo
542 2650 862 2728 exigatur,
896 2654 965 2710 ut
990 2650 1239 2729 quando
1271 2651 1642 2712 conducitur
1670 2655 1732 2711 et

222 2748 664 2819 remuneratur,
700 2761 771 2803 eo
803 2742 968 2821 quod
1001 2742 1413 2820 peritissimus
1442 2748 1503 2804 et
1531 2744 1734 2804 excel-

222 2837 338 2896 lens
364 2838 476 2913 sit,
520 2841 640 2897 ete.
676 2854 826 2913 ergo
858 2854 974 2896 nec
1016 2836 1122 2914 qui
1169 2836 1429 2915 suscipit
1472 2836 1732 2896 admini-

223 2930 563 2990 strationem
592 2928 951 3008 reipuhlicae
977 2975 992 3004 ,
1054 2946 1119 2988 se
1170 2929 1405 3006 obligat
1431 2929 1619 2989 tacite
1651 2929 1731 2988 ad

223 3021 371 3081 illam
423 3022 796 3102 exquisitam
843 3021 1233 3100 diligentiam
1281 3021 1727 3098 adhibendam,

222 3114 316 3174 sed
342 3115 419 3175 ad
446 3114 788 3175 humanam
819 3119 884 3174 et
909 3132 1326 3175 communem.

291 3210 569 3269 Secundo
594 3255 610 3283 ,
663 3208 810 3286 quia
858 3225 1220 3267 oeconomus
1246 3254 1261 3281 ,
1321 3226 1431 3267 seu
1463 3209 1727 3285 villicuS,

223 3319 347 3360 cum
373 3305 726 3362 assumatur
753 3301 834 3359 ad
866 3299 983 3360 hoc
1023 3304 1093 3360 ut
1119 3300 1307 3360 faciat
1334 3301 1397 3359 itl
1429 3301 1594 3379 quod
1626 3302 1732 3362 do-

222 3395 406 3453 minus
431 3413 544 3473 per
570 3412 637 3454 se
667 3393 870 3472 ipsum
900 3394 1154 3469 laceret,
1196 3392 1245 3453 si
1277 3399 1504 3472 posset,
1540 3393 1600 3453 in
1630 3394 1732 3454 illo

222 3505 480 3563 munere,
513 3505 640 3546 non
671 3486 919 3546 videtur
947 3485 1245 3563 obligari,
1293 3486 1409 3545 nisi
1451 3491 1520 3546 ut
1548 3486 1737 3548 faciat

225 3579 277 3636 id
300 3580 455 3658 quod
477 3579 768 3640 dominus
789 3578 920 3656 ipse
943 3578 1283 3656 prudenter
1297 3578 1735 3639 administran-

225 3671 294 3730 do
320 3672 544 3733 faceret
600 3690 614 3730 :
666 3671 798 3749 ipse
827 3675 1040 3730 autem
1071 3669 1361 3730 dominus
1386 3718 1400 3746 ,
1451 3671 1502 3730 si
1532 3690 1642 3750 per
1670 3690 1735 3731 sc

225 3763 407 3841 ipsum
435 3764 757 3843 operarios
803 3763 901 3822 vel
941 3762 1205 3822 famulos
1253 3762 1550 3840 eligeret,
1612 3781 1735 3823 non

224 3874 448 3936 semper
502 3860 815 3936 quaereret
866 3855 1134 3934 optimos
1157 3901 1172 3931 ,
1235 3860 1302 3916 ut
1356 3856 1738 3933 experientia

222 3954 442 4010 constat
464 3998 478 4026 ,
539 3949 652 4009 sed
703 3947 1041 4027 aliquando
1069 3947 1411 4026 prudenter
1440 3948 1614 4027 eligit
1642 3949 1738 4008 di-

224 4059 363 4118 gnos
390 4047 452 4105 et
475 4042 699 4117 bonoS‚
734 4041 833 4100 vel
865 4040 1011 4120 quia
1041 4040 1103 4099 id
1135 4040 1215 4100 ab
1246 4041 1448 4102 amico
1479 4042 1732 4119 petitur,

225 4134 307 4193 vel
353 4134 495 4214 quia
532 4134 615 4195 ob
659 4134 781 4193 alia
827 4133 1072 4211 privata
1113 4133 1337 4193 merita
1365 4121 1537 4212 digni
1567 4138 1732 4210 sunt,

225 4227 373 4304 quod
403 4228 629 4288 omisso
659 4225 950 4305 digniori,
977 4225 1112 4286 haec
1130 4226 1333 4303 gratia
1363 4227 1452 4286 eis
1480 4231 1737 4304 praeste-

225 4322 314 4379 tur
355 4339 368 4381 :
421 4339 568 4398 ergo
620 4319 906 4380 similiter
954 4318 1241 4397 princeps
1290 4323 1494 4397 potest
1521 4320 1582 4379 in
1613 4320 1739 4379 ele-

226 4412 412 4474 ctione
440 4414 871 4475 ministrorum
919 4411 1262 4489 prudenter
1290 4412 1628 4491 aliquando
1657 4411 1739 4473 acl

228 4503 347 4565 haec
381 4507 617 4569 motiva
658 4504 980 4566 attendere
1010 4551 1024 4580 ‚
1083 4504 1425 4565 dummodo
1481 4504 1548 4564 id
1603 4505 1734 4565 sine

223 4599 380 4673 gravi
411 4597 875 4660 communitatis
905 4596 1283 4657 detrimento
1312 4597 1445 4673 fiat,
1478 4616 1620 4658 cum
1650 4598 1737 4657 fa-

224 4690 334 4752 eiat
370 4691 429 4751 id
476 4692 645 4772 quod
693 4689 1045 4769 respublica
1089 4690 1220 4767 ipsa
1277 4690 1620 4767 prudenter
1645 4693 1739 4750 fa-

221 4800 347 4844 cere
374 4790 603 4864 posset,
642 4784 696 4844 si
725 4802 838 4863 per
868 4801 934 4843 se
964 4784 1164 4861 ipsam
1195 4783 1516 4845 ministros
1548 4784 1738 4863 elige-

224 4881 328 4939 ret.

291 4970 420 5031 Dixi
445 4977 656 5034 tamen
683 4990 893 5050 supra,
928 4970 1136 5049 quoad
1167 4970 1409 5049 praxim
1438 4988 1564 5030 non
1585 4969 1739 5030 mul·

223 5063 343 5122 tum
370 5063 735 5144 plerumque
766 5063 886 5125 hoc
914 5063 1172 5128 referre.

293 5156 507 5233 Prima,
542 5157 689 5236 quia
710 5174 853 5217 cum
884 5157 1117 5218 elector
1145 5156 1333 5217 debet
1362 5156 1426 5217 in
1456 5156 1739 5217 omnium

222 5250 510 5310 sententia
536 5250 881 5325 attendere,
908 5267 985 5308 ne
1008 5267 1080 5309 ex
1102 5249 1403 5311 electione
1424 5249 1741 5309 ministro-

221 5355 344 5400 rum
355 5360 542 5420 grave
566 5342 922 5420 reipublicae
945 5341 1392 5403 detrimentum
1414 5345 1731 5421 sequatur,

222 5449 454 5496 necesse
485 5436 604 5497 erit
628 5434 711 5496 ad
738 5435 802 5495 id
850 5435 1335 5514 praecavendum
1364 5435 1737 5513 regulariter

222 5523 517 5603 digniores
542 5546 822 5607 quaerere
852 5531 915 5588 et
943 5526 1194 5605 eligere.
1256 5526 1323 5589 Si
1367 5526 1534 5588 enim
1561 5545 1735 5589 com-

3239 348 3356 405 557

1823 512 2096 574 muniter
2123 514 2190 573 id
2219 533 2342 575 non
2373 517 2520 592 siat,
2571 519 2955 597 experientia
2996 520 3132 598 ipsa
3176 521 3361 583 docet

1821 607 2192 686 plerumque
2252 608 2542 686 indiguos
2599 611 2779 690 eligi,
2831 612 2939 690 qui
2968 613 3141 690 digni
3169 631 3358 692 appa-

1821 699 2076 771 rebant;
2109 701 2237 760 imo
2268 704 2331 761 et
2358 702 2464 779 qui
2494 702 2808 781 digniores
2838 709 3154 782 quaerunt,
3192 706 3360 766 frau-

1824 791 2054 854 dantur
2077 793 2417 873 aliquando
2448 841 2463 870 ,
2526 799 2587 856 et
2633 796 2959 859 inveniunt
2990 803 3207 877 postea
3238 800 3359 858 ele-

1824 889 1993 946 ctum
2023 886 2307 964 ineptum
2341 907 2353 946 ε
2406 893 2638 965 quanto
2668 890 2870 969 magis
2901 891 3003 969 qui
3038 891 3360 970 digniores

1826 996 1948 1038 non
1982 978 2242 1056 quaerit,
2295 979 2686 1042 fraudabitur
2713 982 2940 1060 saepius
2968 986 3031 1044 et
3059 983 3246 1061 eliget
3271 984 3361 1043 in-

1826 1069 2092 1148 dignos?
2140 1071 2319 1132 Unde
2361 1072 2535 1132 brevi
2583 1074 2935 1152 respublica
2980 1075 3163 1154 plena
3193 1076 3360 1135 inve-

1826 1163 2033 1224 nietur
2060 1163 2309 1242 ineptiS,
2345 1168 2407 1226 et
2431 1165 2703 1243 indignis
2732 1166 3029 1227 ministris
3054 1186 3196 1228 cum
3227 1186 3358 1228 ma-

1824 1255 1991 1315 ximo
2023 1256 2423 1331 detrimento,
2458 1257 2625 1337 quod
2657 1259 2897 1319 utinam
2923 1278 3048 1320 non
3078 1261 3164 1321 ita
3191 1262 3359 1322 clare

1826 1348 2210 1427 experientia
2239 1349 2514 1411 doceret.
2561 1353 2643 1412 Ut
2672 1369 2821 1430 ergo
2852 1371 2964 1412 suo
2993 1354 3235 1414 muneri
3267 1373 3360 1415 sa-

1826 1442 2094 1502 tisfaciat
2121 1443 2353 1503 elector
2377 1488 2392 1518 ‚
2439 1444 2629 1504 debet
2671 1446 3089 1507 communiter
3115 1447 3362 1525 dignio-

1823 1553 1925 1595 res
1954 1553 2234 1613 quaerere
2260 1582 2275 1611 ,
2330 1539 2401 1596 ut
2440 1535 2685 1614 indigni
2715 1536 3120 1615 repellantur.
3183 1540 3362 1613 Quod

1825 1631 2036 1688 tamen
2065 1628 2260 1687 semel
2288 1628 2385 1687 vel
2417 1630 2641 1688 iterum
2674 1630 2900 1708 dignus
2929 1631 3216 1710 eligatur,
3240 1651 3364 1693 non

1824 1720 2072 1781 videtur
2102 1721 2324 1779 afferre
2365 1721 2482 1781 hoc
2512 1723 2748 1782 morale
2791 1723 3159 1802 periculum,
3195 1725 3361 1804 quod

1825 1813 2046 1873 saltem
2100 1812 2216 1872 sub
2271 1817 2527 1891 peccato
2586 1815 2835 1875 mortali
2889 1816 3120 1878 debeat
3166 1818 3364 1896 impe-

1827 1906 1968 1966 diri.

1908 1998 2222 2074 Secundo,
2256 1999 2404 2078 quia
2433 2000 2580 2061 licet
2607 2000 2649 2059 ii
2680 2000 2787 2078 qui
2821 2002 3156 2080 eliguntur,
3193 2003 3363 2064 debi—

1826 2094 1889 2152 to
1927 2091 2114 2151 modo
2167 2097 2228 2152 et
2274 2091 2461 2169 digne
2507 2110 2619 2152 sua
2663 2112 2929 2154 munera
2976 2100 3366 2173 exequantur

1831 2184 2021 2264 (quod
2053 2187 2263 2245 tamen
2292 2185 2573 2264 plerique
2604 2204 2729 2246 non
2749 2187 2841 2264 fit)
2872 2187 3124 2248 aliunde
3155 2194 3362 2250 tamen

1826 2277 2181 2355 respublica
2230 2294 2423 2356 grave
2486 2279 2722 2356 patitur
2776 2280 3220 2342 detrimentum
3246 2329 3261 2358 ,
3314 2283 3366 2342 si

1827 2369 2245 2431 communiter
2273 2371 2642 2431 omittantur
2667 2371 3017 2449 digniores;
3066 2374 3368 2453 languent

1828 2462 1992 2522 enim
2036 2461 2244 2523 studia
2293 2481 2432 2541 quoe
2486 2464 2888 2540 praemiorum
2935 2466 3366 2544 expectatione

1825 2555 2080 2617 aluntur
2101 2602 2115 2631 ,
2166 2554 2317 2615 dum
2347 2555 2580 2616 subditi
2619 2556 2833 2618 vident
2862 2576 2987 2617 non
3019 2559 3256 2619 attendi
3286 2561 3366 2620 ad

1828 2647 2071 2725 majora
2099 2647 2321 2708 merita
2346 2694 2362 2722 ‚
2424 2647 2533 2707 sed
2563 2648 2640 2707 ad
2673 2649 2943 2726 gratiam
2973 2654 3034 2710 et
3064 2651 3219 2710 alios
3248 2651 3365 2730 pri-

1827 2743 2005 2800 vatos
2058 2742 2318 2801 affectus
2373 2739 2436 2799 in
2482 2740 2918 2806 distributione
2976 2761 3309 2803 munerum
3349 2764 3362 2804 :

1825 2837 2078 2911 torpent
2107 2832 2381 2910 ingenia,
2434 2832 2682 2894 fovetur
2710 2834 2966 2896 ambitio
2992 2882 3007 2911 ,
3060 2854 3177 2896 nec
3208 2836 3370 2897 ullus

1829 2930 2006 2986 curat
2034 2925 2393 3002 promereri'
2410 2925 2526 2985 sibi
2549 2927 3005 3004 rempublicam
3023 2928 3365 3008 obsequiiS,

1830 3022 1893 3079 et
1919 3016 2300 3077 facinoribus
2329 3017 2618 3095 egregiis,
2672 3022 2734 3079 et
2763 3018 2887 3078 alia
2917 3020 3249 3081 innumera
3276 3021 3370 3092 vif

1830 3111 1917 3172 tia
1945 3111 2176 3169 sensim
2204 3115 2643 3187 succrescunt,
2695 3112 2861 3191 quod
2891 3131 3011 3172 non
3045 3118 3252 3191 potest
3280 3132 3370 3173 es-

1830 3225 1895 3265 se
1926 3204 2057 3264 sine
2086 3204 2459 3282 gravissimo
2481 3205 2948 3267 communitatis
2969 3206 3365 3269 detrimento,

1830 3301 1986 3359 Cum
2017 3315 2166 3375 ergo
2200 3296 2301 3375 qui
2336 3296 2790 3375 rempublicam
2822 3298 3250 3374 administrat,
3287 3300 3372 3361 ita

1832 3391 2020 3451 debet
2068 3389 2205 3468 ejus
2231 3390 2463 3449 bonum
2509 3389 2570 3449 in
2610 3391 2738 3450 suis
2765 3391 3121 3452 actionibus
3150 3411 3372 3470 procu-

1832 3502 1994 3557 rare,
2031 3482 2518 3543 utimininentia
2563 3483 2730 3542 mala
2778 3489 3058 3556 avertat;
3124 3503 3246 3545 non
3274 3503 3375 3545 sa-

1831 3575 2100 3637 tisfaciet
2129 3575 2372 3634 muneri
2403 3593 2515 3634 suo
2541 3620 2556 3650 ,
2590 3575 2642 3634 si
2672 3575 2990 3653 digniores
3019 3578 3371 3638 communi-

1832 3673 1929 3730 ter
1959 3668 2233 3743 omittat,
2278 3686 2421 3726 cum
2452 3685 2702 3728 necesse
2735 3661 2987 3729 omnino
3021 3670 3103 3730 sit
3132 3675 3374 3731 terrore

1834 3760 2141 3839 supplicii,
2177 3764 2240 3821 et
2267 3760 2696 3839 expectatione
2727 3762 2968 3839 praemii
2998 3762 3151 3823 vitia
3181 3762 3374 3842 impe·

1833 3853 1990 3927 dire,
2026 3856 2088 3913 et
2116 3854 2329 3912 fovere
2361 3852 2643 3928 virtutes,
2697 3855 2831 3913 sine
2881 3854 2976 3913 his
3031 3855 3199 3914 enim
3240 3860 3375 3917 tota

1833 3945 2194 4023 reipublicae
2224 3944 2414 4005 facies
2443 3945 2617 4005 brevi
2652 3946 2715 4006 in
2746 3947 3147 4024 deteriorem,
3168 3966 3242 4009 ac
3261 3949 3375 4008 mi-

1834 4056 2042 4099 serum
2071 4041 2302 4098 statum
2331 4037 2621 4098 facillime
2651 4042 2950 4101 mutatur.

1914 4132 2191 4192 Adverto
2219 4136 2427 4191 tamen
2455 4177 2470 4207 ,
2518 4150 2699 4210 posse
2733 4132 3074 4212 aliquando
3106 4154 3182 4195 ex
3204 4136 3376 4213 justa

1834 4242 2026 4285 causa
2053 4223 2372 4301 digniores
2399 4223 2623 4300 omitti,
2660 4225 2912 4304 quando
2945 4226 3245 4287 nimirum
3274 4229 3375 4288 vel

1837 4428 1907 4469 ra
1937 4413 2257 4485 vacatura,
2293 4426 2432 4487 quae
2462 4409 2614 4487 ipsis
2641 4411 2849 4489 magis
2877 4418 3257 4490 congruunt,
3278 4413 3375 4474 vel
3426 4404 3455 4447 ¹³

1838 4504 2025 4563 etiam
2057 4500 2309 4581 quando
2341 4501 2417 4577 ii,
2476 4502 2623 4563 licet
2667 4503 2891 4564 melius
2938 4504 3074 4565 haec
3114 4522 3378 4566 munera

1836 4599 2131 4673 gererent
2160 4612 2348 4673 quam
2379 4595 2420 4654 ii
2450 4595 2557 4673 qui
2586 4596 2903 4675 eliguntur
2926 4643 2942 4673 ,
2992 4602 3380 4677 occupantur

1835 4692 2048 4749 tamen
2079 4706 2225 4748 eum
2253 4687 2473 4764 majori
2504 4689 2972 4749 communitatis
2999 4689 3167 4752 bono
3194 4737 3210 4767 ,
3273 4692 3374 4751 vel

1839 4782 1901 4841 in
1932 4781 2191 4860 privatis
2219 4780 2441 4841 studiis
2464 4825 2480 4855 ,
2532 4781 2760 4859 quibus
2797 4781 3001 4841 lucem
3031 4783 3378 4843 communi-

1836 4875 1953 4936 tati
1980 4873 2300 4947 exhibent,
2359 4873 2456 4931 vel
2487 4872 2547 4932 in
2580 4873 2844 4952 alicujus
2872 4874 3025 4935 artis
3055 4874 3376 4949 exercitiO,

1840 4968 2007 5047 quod
2038 4965 2399 5043 reipublicae
2419 4965 2609 5025 etiam
2631 4967 2779 5027 utile
2801 4971 2916 5042 est,
2947 4986 3008 5026 v.
3042 4984 3104 5044 g.
3140 4966 3381 5027 contin-

1838 5059 1931 5138 git
1984 5059 2361 5120 advocatum
2407 5057 2682 5137 aliquem
2723 5058 2820 5119 vel
2873 5058 3217 5119 academiae
3266 5060 3376 5121 do·

1840 5156 2078 5213 ctorem
2125 5150 2421 5212 eximium
2474 5169 2596 5211 non
2627 5151 2767 5230 eligi
2801 5152 2864 5210 in
2894 5150 3207 5229 judicem,
3267 5153 3380 5214 sed

1842 5245 2033 5305 alium
2061 5244 2324 5323 dignum
2350 5243 2660 5304 inferioris
2689 5243 3010 5320 doctrinae,
3029 5244 3177 5322 quia
3200 5245 3384 5306 nimi-

1839 5357 1979 5399 rum
2007 5339 2088 5399 ad
2136 5337 2242 5397 illa
2269 5354 2534 5396 munera
2572 5336 2924 5397 advocandi
2953 5336 3052 5395 vel
3083 5337 3378 5416 docendi,

1837 5450 1977 5511 quae
2005 5429 2365 5509 reipublicae
2394 5429 2585 5489 etiam
2619 5428 2805 5491 valde
2822 5429 3178 5491 necessaria
3207 5437 3375 5509 sunt,

1837 5544 1961 5586 non
1990 5523 2172 5585 facile
2200 5521 2588 5584 inveniretur
2616 5522 2776 5583 alius
2799 5567 2816 5598 ,
2876 5521 2982 5601 qui
3027 5539 3172 5583 cum
3204 5528 3381 5587 tanto

3523 4171 3600 4229 22

1836 4317 2155 4396 digniores
2185 4320 2586 4377 reservantur
2624 4318 2701 4377 ad
2733 4318 2855 4379 alia
2882 4317 3127 4398 majora
3155 4339 3378 4381 mune-
3427 4297 3725 4405 ωξζςῗρῖιῖΣ-ῑ.

3457 4404 3538 4447 cite
3552 4404 3724 4458 relinqui

3489 4458 3668 4512 dignior.
