4263 6376
872 347 989 406 314
2025 343 2128 406 DE
2169 341 2525 407 JUSTITIA
2568 342 2668 405 m·
2708 341 2909 405 JURE.

873 522 1027 584 tiam
1053 521 1310 583 sartoris
1338 520 1623 600 accipere
1652 520 1783 583 sola
1797 521 2210 602 undeviginti,
2244 539 2323 582 an
2351 521 2401 583 si
2505 521 2829 582 evincatur
2857 524 2919 583 et
2945 522 3023 583 ab
3053 537 3127 582 eo
3151 519 3495 597 auferatur,
3526 520 3775 581 tenetur
3801 517 3881 578 de
3907 519 4012 579 evi·

876 617 1032 678 alios
1062 620 1443 678 mercatores
1459 615 1783 694 adiissent,
1826 617 2212 679 invenissent
2227 634 2405 699 aeque
2505 614 2709 675 ctione
2740 615 2849 695 qui
2875 614 3047 676 illam
3077 613 3133 674 ei
3163 612 3357 690 dedit,
3409 613 3559 694 quia
3605 631 3681 673 ex
3709 616 4013 673 contractu

874 710 1070 772 bonas
1096 727 1337 770 merces
1364 727 1477 789 pro
1506 710 1895 790 undeviginti
1942 714 2049 772 aut
2076 711 2310 772 instent
2345 713 2407 771 et
2506 727 2767 770 oneroso
2797 708 2989 787 dedit,
3041 711 3111 771 ut
3138 711 3383 770 constat
3426 727 3503 768 ex
3529 707 3571 769 1.
3606 706 3686 769 Si
3710 704 4012 790 profundo,

872 805 1140 882 urgeant
1165 801 1547 864 sufficienter
1563 802 1960 865 venditorem
1980 823 2092 883 pro
2121 806 2406 865 minuen·
2504 803 2572 867 C.
2604 800 2673 862 de
2698 802 2867 864 evict.

874 896 954 956 do
981 896 1204 974 pretio,
1237 913 1319 955 an
1337 912 1488 955 vero
1511 895 1924 974 dissimulent,
1959 901 2022 959 et
2048 898 2229 959 facile
2259 916 2407 959 con·
2609 897 2810 975 Major
2863 899 2956 957 est
3009 895 3344 957 difficultas
3402 894 3482 954 de
3545 893 3620 954 iis
3690 911 3832 973 quas
3890 909 4016 972 gra·
4108 896 4124 952 l

873 988 1131 1050 veniant
1156 988 1220 1047 in
1265 989 1466 1066 pretio
1495 1006 1607 1067 spe
1658 989 1821 1051 illius
1863 990 2019 1051 lucri
2065 994 2128 1053 et
2155 992 2406 1070 proemii
2504 989 2661 1051 tuito
2691 989 3139 1069 promittuntur
3165 989 3268 1049 vel
3296 989 3648 1064 donantur,
3683 1005 3763 1049 an
3792 987 3843 1046 si
3871 985 4022 1047 evin·
4054 1021 4125 1061 ,Μ

874 1081 1098 1141 sartori
1126 1080 1454 1158 reddendi,
1488 1100 1564 1142 ex
1592 1082 1819 1161 quibus
1849 1084 2140 1146 omnibus
2162 1084 2406 1166 justitia
2504 1087 2727 1145 cantur
2752 1087 2993 1162 postea,
3025 1085 3335 1159 teneatur,
3360 1082 3633 1143 donator
3649 1081 3750 1141 vel
3777 1079 4022 1160 promis·
4085 1086 4125 1180 (ἑ

872 1174 972 1235 vel
1001 1173 1302 1253 injustitia
1326 1174 1694 1237 retentionis
1720 1175 2053 1255 dependet.
2506 1194 2611 1236 sor
2638 1176 2715 1236 de
2746 1175 3076 1241 evictione.
3122 1179 3373 1240 Certum
3402 1181 3615 1237 autem
3641 1177 3754 1250 est,
3789 1172 4022 1255 quando

2506 1269 2760 1330 donatio
2790 1288 2915 1331 non
2944 1269 3161 1348 incipit
3187 1289 3227 1330 a
3253 1269 3690 1349 promissione,
3715 1268 3826 1328 sed
3855 1286 3891 1326 a
3916 1272 4021 1327 tra·

2507 1362 2762 1439 ditione,
2796 1363 3169 1424 donatorem
3197 1381 3324 1423 non
3348 1363 3552 1423 teneri
3599 1362 3679 1421 de
3709 1361 4016 1435 evictione,

2507 1458 2577 1517 ut
2605 1459 2848 1516 constat
2875 1473 2950 1516 ex
2979 1456 3102 1534 leg.
3134 1456 3377 1533 Aristo,
3408 1456 3464 1534 §.
3499 1456 3612 1517 ult.
3649 1456 3713 1516 ff.
3745 1452 3815 1514 de
3841 1452 4015 1514 donat.

2509 1548 2633 1611 Sed
2660 1549 2861 1610 solum
2889 1552 3139 1610 tenetur
3167 1550 3248 1609 ad
3278 1548 3713 1610 resarciendas
3739 1565 4017 1626 expensas

1362 1614 1407 1696 S
1433 1614 1483 1697 E
1512 1612 1555 1698 G
1581 1615 1632 1697 Τ
1661 1611 1688 1697 ¹
1716 1613 1771 1697 0
1846 1613 1924 1698 Χ
2508 1659 2662 1721 quas
2689 1642 3053 1704 donatarius
3080 1642 3228 1704 fecit
3252 1643 3316 1702 in
3347 1660 3412 1706 re
3443 1642 3703 1717 donata,
3734 1644 3797 1702 et
3828 1640 3907 1700 ad
3933 1640 4017 1699 da·

2506 1752 2657 1796 mna
2681 1735 3016 1797 subsecuta
3040 1782 3056 1814 ,
3112 1736 3166 1796 si
3212 1736 3480 1797 donator
3522 1735 3762 1796 sciebat
3801 1752 3926 1793 rem
3949 1732 4014 1792 ad

2508 1827 2699 1888 alium
2729 1828 3062 1906 pertinere,
3088 1847 3204 1889 nec
3224 1827 3626 1889 donatarium
3644 1826 4008 1906 praemonuit.

874 1920 997 1998 An,
1056 1930 1113 1983 et
1138 1939 1431 2009 quousque
1454 1918 1719 1982 venditor
1763 1928 2027 1983 teneatur
2054 1921 2307 2005 emptori
2340 1920 2410 1987 de
2509 1920 2768 1993 Quando
2797 1939 2948 1983 vero
2976 1922 3233 1983 donatio
3281 1920 3501 2002 incipit
3541 1938 3579 1980 a
3606 1919 4007 1999 promissione,

1465 2026 1762 2092 evictione,
2507 2013 2707 2089 multi,
2742 2032 2900 2093 quos
2928 2016 3109 2075 affert
3136 2014 3368 2076 Molina
3395 2013 3559 2092 disp.
3586 2017 3724 2074 252.
3747 2014 3803 2092 §.
3828 2012 4011 2073 Secum·

2508 2106 2580 2168 do
2605 2107 2894 2180 sumitur„
2951 2107 3168 2169 dicunt
3206 2107 3677 2213 promittentem
3721 2106 3908 2167 teneri
3948 2105 4011 2165 de

2509 2200 2837 2263 evictione.
2870 2201 3089 2263 Melius
3116 2205 3327 2264 tamen
3355 2201 3490 2280 ipse
3518 2200 3750 2261 Molina
3777 2199 3934 2274 dicit,
3960 2198 4012 2258 id

618 2311 734 2371 154
962 2293 1222 2366 Quando
1252 2292 1510 2354 domum
1540 2296 1795 2373 accepto
1841 2293 2040 2373 pretio
2069 2293 2411 2356 vendidisti
2509 2294 2712 2355 solum
2741 2294 2996 2371 habere,
3027 2294 3235 2355 locum
3257 2292 3511 2373 quando
3537 2311 3671 2354 rem
3691 2292 4012 2353 indetermi-

655 2435 695 2478 ,ἃ
725 2436 780 2480 n
880 2389 1088 2465 Petro,
1122 2390 1184 2448 et
1210 2391 1429 2465 postea
1457 2386 1617 2447 alius
1646 2387 1916 2448 extrahit
1942 2388 2201 2449 domum
2231 2407 2266 2448 a
2294 2391 2412 2450 Pe-
2510 2392 2721 2449 natam
2751 2387 3056 2467 promisit,
3081 2392 3151 2449 ut
3169 2392 3422 2448 centum
3448 2386 3697 2447 modios
3722 2386 3918 2460 tritici,
3931 2384 4011 2444 vel

565 2503 592 2532 ο
621 2490 804 2554 ϋππίἀο
878 2481 960 2542 tri
988 2483 1316 2559 potestate,
1368 2479 1643 2560 probans
1670 2483 1732 2541 te
1762 2499 1886 2541 non
1934 2481 2210 2559 potuisse
2238 2481 2410 2542 illam
2509 2486 2762 2543 centum
2791 2499 3016 2542 aureos
3038 2527 3054 2557 ,
3090 2499 3213 2560 quo
3243 2498 3394 2541 casu
3422 2479 3755 2560 promissio
3776 2527 3792 2555 ,
3840 2478 4012 2538 evicta

576 2556 666 2588 Μ
643 2544 726 2587 ⁰¹⁸⁰
726 2555 793 2589 ⁰⁸⁰
878 2574 1173 2650 vendere,
1225 2574 1371 2654 quia
1401 2592 1525 2634 non
1557 2572 1637 2633 ad
1664 2576 1725 2634 te
1766 2573 1878 2635 sed
1908 2574 1988 2634 ad
2032 2574 2239 2654 ipsum
2268 2593 2412 2654 per-
2507 2591 2598 2652 re,
2630 2574 2839 2635 adhuc
2864 2578 3077 2636 manet
3104 2575 3165 2634 in
3196 2592 3308 2635 suo
3325 2575 3566 2653 vigore.
3603 2572 3858 2647 Quando
3883 2589 4010 2632 vero

875 2667 1139 2744 tinebat,
1199 2666 1430 2730 teneris
1459 2668 1641 2729 Petro
1690 2666 1768 2727 de
1794 2667 2123 2744 evictione,
2185 2686 2410 2746 nempe
2507 2667 2796 2747 promisit
2829 2686 2964 2728 rem
3011 2671 3247 2729 certam
3293 2668 3357 2728 in
3387 2666 3746 2743 individuo,
3779 2683 4010 2745 eamque

877 2779 1003 2823 non
1031 2761 1234 2822 solum
1286 2761 1370 2822 ad
1398 2761 1668 2839 pretium
1715 2760 1770 2821 ei
1813 2760 2230 2840 reddendum,
2290 2762 2411 2824 hoc
2508 2760 2791 2838 tradidit,
2827 2779 2950 2822 non
2979 2760 3230 2822 videtur
3254 2761 3499 2821 donans
3515 2761 3755 2821 vellese
3775 2759 4009 2837 amplius

877 2858 991 2931 est,
1025 2854 1240 2933 quanti
1268 2872 1368 2915 res
1395 2861 1679 2932 tempore
1708 2853 2032 2915 evictionis
2072 2855 2413 2917 aestimabi-
2509 2855 2789 2933 obligare
2811 2901 2827 2931 ,
2880 2854 3028 2933 quia
3067 2872 3213 2914 cum
3262 2873 3337 2914 ex
3377 2854 3754 2916 liberalitate
3783 2854 4006 2926 oriatur,

874 2950 999 3024 tur,
1032 2947 1143 3008 sed
1166 2947 1355 3008 etiam
1385 2947 1464 3006 ad
1489 2946 1812 3024 interesse,
1847 2964 2074 3026 nempe
2103 2953 2409 3027 quantum
2509 2965 2633 3008 non
2662 2947 2910 3007 videtur
2937 2946 3205 3024 amplius
3233 2947 3392 3007 velle
3423 2964 3616 3027 quam
3640 2946 3791 3007 dare
3809 2945 3903 3025 jus
3927 2950 4008 3005 to-

877 3058 992 3101 sua
1021 3042 1322 3102 intererat
1347 3058 1488 3100 eam
1515 3056 1651 3101 rem
1680 3058 1805 3100 non
1836 3059 1972 3100 esse
2002 3041 2294 3119 evictam,
2340 3045 2411 3103 ut
2506 3044 2663 3117 tum,
2697 3039 2909 3119 quod
2894 3059 2954 3099 1n
2982 3058 3051 3099 re
3082 3040 3188 3099 illa
3224 3039 3451 3116 habet,
3506 3040 3928 3119 quodcumque
3951 3037 4011 3097 il-

879 3136 1123 3196 constat
1150 3152 1227 3195 ex
1251 3133 1293 3196 l.
1326 3132 1562 3211 Libera,
1612 3135 1679 3199 G.
1709 3132 1779 3194 de
1804 3142 1948 3196 sent.
1981 3141 2035 3195 et
2064 3133 2328 3199 interloc.
2359 3136 2401 3197 1.
2506 3134 2615 3195 lud
2645 3133 2755 3207 sit3
2799 3133 2940 3195 ideo
2991 3133 3160 3194 enim
3202 3132 3453 3213 quando
3483 3132 3704 3212 incipit
3728 3131 3958 3192 donatio
3979 3148 4010 3191 a

879 3227 957 3290 Si
982 3248 1110 3289 cum
1137 3227 1398 3310 quaestae'O,
1449 3229 1516 3290 C.
1550 3227 1620 3288 de
1643 3228 1811 3290 coice.
1858 3228 1900 3289 l.
1935 3228 2154 3289 Evicta
2197 3249 2283 3307 re,
2337 3232 2402 3292 ff.
2506 3227 2878 3304 traditione,
2927 3246 3054 3288 non
3105 3231 3355 3288 tenetur
3392 3226 3470 3287 de
3502 3226 3836 3302 evictione,
3886 3224 4010 3304 quia

879 3322 1002 3385 eod.
1052 3331 1143 3383 Μ.
1203 3325 1416 3384 Potest
1461 3324 1674 3383 autem
1723 3324 1969 3400 emptor
2011 3323 2112 3383 vel
2159 3323 2408 3402 exigere
2508 3340 2631 3382 non
2662 3321 2832 3382 aliud
2861 3321 3012 3381 dare
3039 3319 3330 3396 intendit,
3366 3320 3486 3380 nisi
3516 3319 3582 3380 id
3612 3320 3778 3399 quod
3807 3318 4004 3380 tradit.

880 3416 1357 3478 {estimationem
1402 3415 1495 3475 rei
1523 3432 1636 3496 pro
1687 3433 1759 3475 eo
1789 3419 2093 3493 tempore,
2155 3419 2218 3478 et
2257 3416 2412 3477 inte·
2510 3434 2659 3494 ergo
2691 3433 2805 3476 nec
2836 3413 3086 3494 quando
3116 3413 3460 3474 liberaliter
3486 3414 3822 3492 promittit,
3865 3409 4006 3472 aliud

880 3528 1049 3571 resse
1076 3508 1175 3570 vel
1205 3509 1495 3588 pretium,
1560 3507 1729 3590 quod
1776 3525 1888 3587 pro
1934 3507 2041 3567 illa
2085 3508 2281 3587 dedit,
2341 3511 2410 3571 ut
2510 3507 2779 3568 intendit
2804 3508 3168 3586 promittere
3199 3506 3336 3567 loco
3367 3506 3533 3566 illius
3558 3553 3574 3583 ,
3622 3505 3671 3566 si
3702 3504 4004 3576 evincatur,

882 3602 1195 3682 colligitur
1223 3620 1297 3664 ex
1337 3601 1460 3682 leg.
1492 3617 1535 3663 1.
1568 3600 1624 3684 ς.
1660 3600 1772 3665 ult.
1806 3601 1872 3663 C.
1926 3598 1995 3662 de
2038 3619 2237 3664 rerum
2276 3620 2411 3686 per·
2511 3603 2572 3662 et
2601 3600 2663 3661 in
2694 3600 2756 3663 d.
2789 3600 2912 3679 leg.
2947 3599 3155 3661 Aristo
3179 3646 3195 3678 ,
3245 3600 3300 3678 ἓ.
3335 3600 3448 3661 ult.
3485 3600 3619 3659 sine
3650 3597 4006 3659 distinctione

880 3703 1025 3758 mut.
2510 3694 2716 3774 agitur
2744 3694 2822 3755 de
2851 3693 3187 3755 donatione
3215 3692 3280 3752 in
3308 3692 3692 3769 universum,
3726 3690 3876 3771 quod
3903 3706 4007 3748 non

637 3804 752 3866 155
960 3787 1300 3850 Evictionis
1346 3787 1642 3867 obligatio
1685 3787 1894 3848 locum
1936 3787 2129 3850 habet
2165 3807 2289 3850 non
2318 3807 2413 3850 so·
2512 3788 2747 3866 obliget
2787 3787 2850 3848 in
2898 3805 3045 3848 casu
3090 3785 3450 3860 evictionis,
3514 3803 3720 3865 neque
3746 3784 4008 3845 limitatur

581 3928 628 3974 ,n
646 3930 793 3984 quum.
879 3883 1011 3946 lum
1053 3881 1115 3943 in
1166 3882 1548 3959 venditione,
1606 3882 1717 3942 sed
1748 3882 1937 3943 etiam
1983 3882 2046 3943 in
2091 3887 2412 3965 permuta·
2511 3880 2796 3942 doctrina
2841 3880 2920 3941 ad
2969 3879 3373 3941 donationem
3425 3897 3552 3940 non
3580 3878 4005 3960 incipient-ema

536 3984 835 4084 fss’c'ffiffisst
879 3976 1070 4052 tione,
1102 3975 1202 4036 vel
1229 3974 1293 4035 in
1316 3974 1595 4057 quolibet
1621 3975 1741 4036 alio
1764 3978 2089 4038 contractu
2120 3993 2406 4057 onerOSO‚
2508 3973 2944 4056 promissione.

879 4087 940 4129 v.
975 4087 1037 4148 g.
1074 4068 1324 4149 quando
1354 4086 1453 4128 res
1483 4068 1693 4148 aliqua
1722 4068 1870 4130 data
1899 4073 1993 4130 est
2021 4069 2315 4132 creditori
2347 4069 2408 4130 in
2591 4068 2898 4147 Obligatio
2947 4067 3025 4127 de
3069 4066 3372 4128 evictione
3399 4066 3610 4127 locum
3639 4067 3816 4129 etiam
3841 4061 4002 4124 habet

879 4162 1151 4223 solutum
1179 4180 1292 4240 pro
1320 4161 1529 4222 debito
1559 4160 1769 4241 aliquo
1823 4181 1836 4222 :
1888 4165 1997 4224 aut
2038 4162 2290 4242 quando
2323 4163 2413 4223 di-
2511 4163 2572 4222 in
2601 4162 2925 4222 usufructu
2954 4160 3154 4221 evicto
3177 4207 3192 4237 ,
3244 4160 3391 4239 quia
3438 4163 3532 4221 est
3579 4160 3749 4240 quasi
3776 4176 3902 4239 pars
3926 4153 4001 4215 rei

880 4254 1112 4315 viditur
1140 4253 1473 4315 haereditas
1517 4253 1681 4315 inter
1725 4254 2108 4332 cohaeredeS,
2165 4256 2264 4318 vel
2311 4273 2411 4316 res
2511 4255 2804 4319 venditae.
2835 4256 2924 4315 De
2956 4254 3257 4315 servitute
3295 4257 3505 4313 autem
3536 4250 4001 4332 distinguendum

881 4348 1229 4410 communis
1256 4347 1421 4408 inter
1448 4347 1650 4409 socios
1684 4367 1697 4409 :
1730 4347 1879 4410 item
1902 4349 2156 4430 quando
2177 4368 2410 4430 genero
2513 4352 2639 4421 est;
2672 4347 2722 4408 si
2755 4346 2920 4408 enim
2950 4346 3185 4409 vendas
3207 4346 3512 4428 praedium
3541 4351 3714 4409 tuum
3746 4362 3868 4406 cum
3894 4360 4005 4403 ser·
4065 4373 4125 4402 ‚12-

878 4441 1263 4523 promittitur
1302 4441 1402 4502 vel
1448 4441 1636 4503 datur
1665 4442 1902 4524 aliquid
1944 4443 2008 4504 in
2041 4441 2275 4505 dotem.
2343 4444 2413 4504 ln
2511 4442 2732 4518 vitute,
2768 4459 2908 4521 quae
2937 4440 3024 4501 illi
3054 4440 3117 4500 in
3150 4441 3346 4501 altero
3378 4441 3617 4519 praedio
3646 4439 3922 4512 debetur,
3953 4439 4005 4494 et

878 4536 1300 4600 transactione
1330 4538 1564 4613 autem,
1617 4554 1757 4617 quae
1785 4534 1856 4598 fit
1883 4536 2044 4597 inter
2069 4536 2408 4618 litigantes„
2512 4535 2648 4598 haec
2684 4539 2904 4614 postea
2933 4534 3256 4595 evincatur
3276 4553 3315 4595 a
3334 4533 3590 4594 domino
3612 4534 3766 4594 illius
3786 4529 4008 4592 alterius

881 4629 1392 4709 distinguendum
1423 4632 1534 4691 est.
1572 4631 1731 4691 Nam
1759 4628 1813 4690 si
1839 4648 1942 4690 res
1970 4630 2108 4709 ipsa
2135 4630 2412 4710 litigiosa
2512 4628 2755 4709 praedii,
2787 4627 3020 4690 teneris
3049 4627 3127 4687 de
3159 4627 3468 4688 evictione
3498 4627 3780 4706 emptori,
3808 4625 3844 4686 l.
3871 4640 4004 4703 pen.

878 4743 993 4805 per
1045 4724 1530 4787 transactionem
1587 4723 1937 4803 applicetur
1993 4724 2098 4785 uni
2148 4743 2223 4786 ex
2266 4724 2407 4803 illis,
2514 4726 2576 4783 et
2604 4721 2673 4782 de
2700 4721 2868 4783 evict.
2902 4719 3033 4782 etl.
3074 4720 3342 4797 Tenetur,
3375 4721 3431 4801 §-
3469 4718 3547 4782 Si
3569 4719 3694 4798 tibi,
3725 4721 3783 4781 fl'.
3813 4716 3872 4777 de
3897 4723 4005 4776 act.

880 4819 1028 4879 data
1063 4816 1272 4896 aliqua
1310 4816 1432 4877 alia
1477 4835 1544 4877 re
1585 4815 1650 4876 in
1707 4817 2285 4896 compensationem
2325 4817 2415 4878 al-
2513 4824 2688 4897 empt.
2714 4814 2938 4877 Sivero
2955 4812 3263 4894 praedium
3279 4813 3667 4892 tuum,quod
3686 4807 4012 4880 vendidisti,

879 4912 1018 4987 teri,
1063 4911 1112 4971 si
1143 4929 1242 4972 res
1270 4910 1405 4990 ipsa
1432 4909 1704 4989 litigiosa
1733 4914 1949 4989 postea
1980 4911 2060 4971 ab
2092 4911 2212 4972 alio
2245 4911 2414 4972 evin·
2514 4909 2784 4971 debebat
2812 4907 3236 4983 servitionem,
3269 4910 3332 4968 et
3359 4910 3425 4967 tu
3455 4907 3656 4966 sciens
3685 4909 3744 4967 et
3767 4901 4018 4985 prudens

881 5009 1079 5082 catur,
1111 5003 1213 5065 ille
1245 5004 1402 5065 alius
1424 5022 1549 5064 non
1564 5006 1815 5065 tenetur
1843 5003 1920 5064 de
1936 5004 2265 5083 evictione,
2299 5023 2415 5066 nec
2513 5003 2613 5063 vel
2640 5003 2706 5062 id
2735 5001 2975 5079 negasti
3003 5000 3101 5061 vel
3128 4998 3396 5074 tacuisti,
3430 4999 3661 5060 teneris
3689 4998 3762 5060 de
3787 4993 4020 5058 evictio·

879 5102 1129 5161 tenetur
1158 5097 1423 5158 reddere
1456 5096 1623 5176 quod
1670 5097 1945 5176 accepit,
1998 5098 2145 5178 quia
2191 5099 2258 5159 id
2289 5117 2413 5159 non
2515 5116 2615 5173 ne,
2649 5114 2720 5155 ex
2754 5094 2816 5158 d.
2849 5095 2890 5154 1.
2924 5093 3158 5173 penult.
3226 5097 3288 5154 et
3331 5092 3469 5153 aliis
3489 5092 3753 5174 juribus,
3796 5090 3853 5152 Si
3873 5103 4019 5147 vero

883 5190 1123 5271 accepit
1168 5210 1281 5272 pro
1312 5210 1379 5254 re
1408 5191 1702 5270 litigiosa,
1757 5191 1866 5251 sed
1898 5194 2032 5252 uta
2078 5192 2185 5253 lite
2216 5192 2414 5254 disce·
2514 5189 2578 5250 id
2607 5186 2985 5270 ignorabaS,
3041 5186 3293 5248 videtur
3332 5186 3501 5266 quod
3549 5186 3615 5246 in
3661 5185 3862 5246 eadem
3886 5181 4020 5258 lege

884 5286 1081 5360 deret,
1132 5303 1336 5364 neque
1382 5285 1515 5365 ipse
1547 5283 1698 5346 dare
1739 5285 1937 5346 voluit
1977 5285 2095 5346 nisi
2127 5284 2232 5364 jus
2263 5285 2414 5347 illud
2513 5285 2780 5362 negetur
2807 5280 3106 5360 obligatio
3154 5279 3232 5339 de
3281 5278 3624 5354 evictione3
3674 5278 3778 5339 sed
3828 5281 4018 5336 tamen

884 5379 1219 5439 obscurum
1249 5382 1311 5440 et
1356 5379 1663 5441 incertum
1694 5380 1862 5459 quod
1908 5378 2204 5456 habebat,
2260 5398 2416 5460 qua·
2515 5379 2862 5456 emptorem
2891 5392 3080 5453 agere
3121 5391 3303 5453 posse
3342 5373 3587 5433 actione
3626 5380 3830 5456 quanto
3849 5367 4020 5428 mino-

882 5472 1212 5553 lecumque
1243 5476 1426 5535 esset.
1462 5472 1527 5535 Si
1555 5491 1705 5534 vero
1737 5492 1836 5534 res
1866 5472 1969 5533 illa
1998 5491 2123 5533 non
2142 5472 2416 5553 litigiosa
2514 5469 2620 5549 ris,
2654 5473 2724 5532 ut
2748 5467 3014 5548 recipiat
3039 5467 3118 5528 de
3149 5465 3348 5549 pretio
3378 5465 3465 5542 id,
3500 5465 3564 5526 in
3595 5485 3718 5547 quo
3747 5459 4020 5526 decrescit

886 5583 1025 5645 quse
1056 5564 1114 5626 ei
1142 5564 1289 5628 data
1316 5566 1453 5647 fuit,
1485 5569 1556 5631 ut
1583 5584 1619 5628 a
1638 5566 1744 5631 lite
1773 5565 2145 5644 discederet,
2200 5570 2419 5650 postea
2516 5561 2694 5627 valor
2752 5560 2971 5647 praedii
3037 5560 3117 5625 ob
3172 5559 3536 5623 servitutem
3591 5577 3779 5643 quam
3828 5555 4016 5628 habet,

4069 4200 4124 4346 nffl'?
