4263 6376
1178 381 1648 445 DISPUTATIO
1692 379 2021 458 XXXVIII,
2069 381 2344 444 SECTIO
2387 382 2434 444 1.
3286 387 3403 448 7⁴5

317 560 631 641 Imprimis
684 579 832 640 ergo
889 561 1056 622 circa
1095 560 1377 623 debitum
1433 558 1769 621 accusandi

113 691 180 733 ὴ,
230 655 335 715 vel
366 653 799 731 denuntiandi,
833 653 1170 717 dicendum
1202 657 1315 731 est,
1343 672 1508 715 nunc
1537 653 1613 714 de
1643 653 1770 714 fac-

113 811 163 842 no
232 753 298 810 to
329 748 702 829 regulariter
757 768 1078 829 nunquam
1134 768 1267 810 esse
1325 748 1769 827 obligationem

113 865 151 897 n·
231 843 576 905 accusandi
630 844 1025 906 accusatione
1053 843 1302 924 proprie
1358 842 1563 904 dicta:
1622 842 1769 921 quia

228 937 308 998 iis
340 936 651 1013 omuibuS,
684 955 826 1017 quae
872 955 948 998 ex
987 936 1322 998 omissione
1352 936 1768 997 accusationis

230 1031 445 1094 timeri
481 1034 761 1110 possunt,
797 1031 945 1093 satis
1001 1036 1349 1112 opportune
1404 1029 1769 1109 providetur

228 1123 660 1186 denuntiando
694 1123 1075 1203 judicialiter
1136 1124 1604 1204 delinquentem
1629 1143 1644 1197 ;
1671 1141 1770 1184 er-

228 1235 315 1297 go
347 1236 472 1279 non
520 1224 614 1280 est
648 1236 762 1279 cur
791 1217 1015 1297 aliquis
1074 1223 1353 1280 assumat
1407 1217 1526 1278 sibi
1572 1235 1771 1279 onera

229 1312 636 1389 accusatoriS,
672 1330 813 1392 quae
842 1315 988 1374 sunt
1013 1312 1211 1374 multa
1239 1315 1303 1373 et
1323 1311 1768 1391 gravia,prop-

227 1410 332 1467 ter
361 1405 706 1484 periculum
762 1404 1092 1467 deficiendi
1149 1405 1211 1466 in
1266 1405 1636 1485 probatione
1691 1423 1767 1466 ex

228 1498 483 1560 defectu
511 1499 608 1559 vel
636 1499 875 1561 malitia
889 1499 1233 1575 testium,et
1247 1502 1506 1580 propter
1525 1498 1762 1576 odium,

229 1591 612 1669 inimicitiaS,
650 1610 953 1672 expensas
974 1597 1037 1654 et
1064 1592 1312 1670 similia,
1348 1611 1486 1671 quae
1516 1610 1768 1653 accusa-

229 1689 404 1748 tores
434 1690 924 1766 consequuutur.
961 1685 1364 1765 Sufficitergo
1396 1686 1766 1748 denuntiare

227 1778 334 1838 vel
364 1779 532 1857 apud
554 1778 860 1859 judicem,
890 1777 992 1840 vel
1020 1779 1189 1857 apud
1218 1779 1495 1840 fiscalem
1527 1780 1635 1859 qui
1694 1799 1769 1840 ex

229 1870 441 1933 officio
471 1875 740 1934 tenetur.

313 1967 447 2025 Hoc
475 1966 820 2044 suppositO,
855 1965 1169 2046 loquendo
1201 1967 1264 2026 in
1308 1985 1564 2045 genere,
1600 1971 1663 2028 et
1692 1985 1770 2027 ex

226 2061 457 2118 natura
479 2058 588 2131 rei,
623 2059 839 2137 regula
867 2059 1180 2137 generalis
1209 2063 1323 2136 est,
1359 2078 1494 2121 esse
1528 2059 1766 2138 obliga-

226 2150 473 2212 tionem
513 2152 850 2214 accusandi
906 2152 1007 2213 vel
1064 2152 1473 2214 denuntiandi
1531 2153 1768 2214 crimen

227 2243 598 2322 reipublicae
658 2245 1103 2324 perniciosum,
1155 2246 1323 2326 quod
1353 2245 1629 2325 legitime
1660 2264 1772 2325 po-

227 2337 382 2398 terit
434 2338 686 2417 probari
711 2385 728 2416 ,
783 2340 834 2400 si
881 2340 1002 2400 alia
1057 2341 1159 2401 via
1210 2340 1509 2401 damnum
1566 2338 1772 2419 publi-

226 2448 378 2492 cum
407 2430 696 2510 impediri
731 2451 857 2493 uon
886 2437 1111 2513 potest,
1169 2433 1258 2494 ita
1304 2434 1367 2495 S.
1401 2433 1622 2495 Thom.
1661 2432 1768 2494 ubi

225 2543 445 2601 supra,
480 2524 756 2603 Cajetan.
792 2525 901 2602 ibi,
932 2527 1080 2588 Soto
1111 2525 1215 2587 ubi
1243 2545 1434 2605 supra
1460 2530 1578 2588 art.
1616 2531 1668 2588 ¹.
1705 2531 1768 2588 et

225 2615 302 2677 de
337 2617 526 2696 siqillo
554 2636 616 2679 ιι.
649 2621 710 2679 2.
742 2622 874 2698 (1.5.
919 2619 1167 2680 Silvest.
1216 2619 1389 2680 verb.
1451 2620 1760 2698 accusatiO,

227 2729 293 2788 q.
333 2726 400 2770 n.
433 2710 695 2772 Armilla
736 2710 823 2772 ibi
842 2712 899 2791 ς.
935 2729 1020 2774 VI.
1055 2713 1266 2774 Alens.
1300 2729 1395 2774 111.
1425 2732 1486 2792 p.
1523 2733 1584 2794 q.
1614 2730 1759 2775 xm.

223 2803 501 2863 membr.
538 2807 594 2865 1.
629 2806 890 2866 Navarr.
924 2824 977 2867 c.
1014 2806 1177 2867 Inter
1205 2806 1402 2880 verba,
1436 2807 1635 2868 concl.
1672 2825 1759 2869 VI.

226 2917 293 2958 u.
333 2899 469 2958 168.
507 2897 700 2957 etalii
728 2898 1166 2960 communiter.
1203 2900 1384 2960 Ratio
1430 2903 1642 2960 autem
1674 2904 1768 2962 est

226 2991 384 3071 quia
427 3009 574 3070 pars
616 2994 862 3053 tenetur
916 3010 1058 3053 cum
1100 2992 1354 3071 proprio
1392 2992 1765 3056 detrimento

218 3084 587 3164 prospicere
612 3083 1025 3148 incolumitati
1052 3087 1265 3148 totiuS.

315 3179 517 3254 Petes,
552 3196 690 3257 quae
721 3176 1150 3258 intelligantur
1178 3180 1442 3243 crimina
1464 3182 1766 3261 reipubli-

223 3290 323 3333 cae
353 3271 744 3350 perniciosa?
763 3273 1218 3352 Respondetur,
1255 3279 1516 3353 peccata
1536 3295 1671 3337 esse
1701 3276 1766 3336 in

225 3364 462 3444 triplici
490 3364 842 3427 differentia
865 3386 880 3439 ;
929 3367 1220 3446 quaedam
1246 3368 1412 3429 euim
1441 3373 1586 3430 sunt
1613 3386 1763 3430 con-

229 3464 337 3521 tra
356 3459 595 3520 bonum
625 3476 955 3520 commune
991 3461 1231 3522 ratione
1262 3464 1535 3541 quadam
1580 3480 1767 3540 gene-

225 3552 371 3628 rali,
408 3551 558 3631 quia
585 3552 819 3614 scilicet
848 3571 924 3612 ex
950 3552 1068 3615 illis
1097 3554 1202 3615 alii
1230 3559 1493 3634 possunt
1518 3574 1766 3617 sumere

221 3645 619 3722 scandalum,
653 3646 733 3707 ad
763 3645 986 3706 eadem
1019 3648 1117 3708 vel
1145 3648 1372 3710 similia
1399 3654 1767 3729 perpetran-

224 3738 333 3815 da,
366 3738 417 3799 si
438 3742 737 3800 maneant
753 3737 1083 3817 impunita,
1117 3744 1185 3801 ut
1198 3742 1601 3820 adulterium,
1635 3743 1765 3805 for-

225 3831 486 3907 nicatio,
520 3834 638 3892 etc.
671 3830 811 3892 Alia
839 3837 984 3894 sunt
1013 3851 1153 3913 quae
1182 3835 1424 3895 ratione
1462 3837 1764 3915 frequen-

222 3926 333 3987 tiae
363 3924 639 3985 inferunt
665 3941 997 3986 commune
1041 3926 1343 3987 damnum
1378 3927 1760 4007 reipublicae,

225 4022 302 4079 ut
328 4016 438 4097 qui
469 4034 634 4095 saepe
663 4016 926 4094 furatur,
958 4018 1106 4079 licet
1134 4036 1259 4080 non
1289 4037 1365 4079 ex
1407 4020 1612 4082 officio
1657 4022 1767 4101 qui

223 4128 401 4191 saepe
428 4109 669 4170 rixatur
697 4114 761 4170 et
799 4110 1104 4186 vulnerat,
1167 4111 1264 4173 vel
1321 4113 1570 4175 occidit.
1624 4116 1767 4177 Alia

224 4204 508 4283 denique
536 4207 682 4263 suut
713 4221 853 4282 quae
881 4203 1116 4267 directe
1146 4210 1208 4267 et
1236 4205 1593 4269 immediate
1622 4212 1768 4270 sunt

223 4302 452 4360 contra
480 4297 715 4359 bonum
745 4316 1097 4375 commune,
1132 4302 1201 4361 ut
1229 4300 1521 4378 schisma,
1553 4303 1767 4381 prodi-

221 4391 314 4452 tio
344 4390 636 4466 civitatiS,
670 4391 906 4452 crimen
935 4391 1100 4452 laesae
1125 4391 1489 4471 majestatis,
1523 4396 1761 4475 compi-

217 4484 378 4544 latio
418 4483 653 4562 publici
707 4484 933 4561 aerarii,
994 4484 1287 4561 boereseS,
1348 4491 1411 4548 et
1466 4487 1766 4566 dogmata

221 4580 454 4638 contra
480 4575 670 4636 fidem
699 4595 1031 4655 spargere;
1067 4578 1128 4637 in
1161 4579 1388 4658 quibus
1418 4580 1607 4641 etiam
1652 4599 1762 4641 nu-

220 4687 545 4730 merarem
574 4675 902 4748 peccatum
930 4670 1183 4750 aliquod
1213 4676 1393 4751 turpe
1421 4672 1484 4733 in
1514 4673 1766 4752 religio-

219 4782 322 4841 so,
383 4763 551 4843 quod
582 4763 989 4842 probabiliter
1015 4764 1439 4843 publicabitur
1481 4769 1543 4827 et
1584 4768 1766 4829 cedet

219 4857 290 4917 iu
317 4874 625 4935 magnum
654 4856 927 4918 dedecus
956 4856 1296 4936 religionis.
1359 4861 1491 4922 Hoc
1546 4864 1761 4922 autem

219 4949 488 5012 tertium
516 4968 717 5027 genus
744 4954 1147 5029 peccatorum
1203 4949 1441 5030 obligat
1468 4954 1544 5012 ad
1577 4971 1764 5015 accu-

219 5043 540 5103 sationem
568 5042 668 5102 vel
697 5041 1262 5105 denuntiationem.
1300 5046 1376 5105 Et
1406 5046 1662 5124 quidem
1688 5048 1765 5107 li-

218 5139 325 5197 cet
352 5134 725 5213 regulariter
751 5136 1019 5198 sufficiat
1068 5137 1462 5216 denuntiare,
1497 5145 1566 5201 ut
1609 5140 1763 5200 dixi-

219 5247 405 5289 mus:
437 5228 775 5308 aliquando
804 5233 1017 5291 tamen
1046 5234 1255 5309 potest
1280 5250 1415 5293 esse
1464 5233 1761 5311 obligatio

216 5322 593 5399 accusandi,
632 5327 702 5383 ut
727 5323 816 5384 ait
845 5325 1034 5385 Sotus
1064 5323 1126 5386 d.
1162 5344 1225 5405 q.
1260 5326 1334 5387 V.
1369 5328 1492 5388 art.
1527 5343 1571 5388 1.
1604 5325 1755 5389 dub.

214 5420 282 5479 2.
314 5415 428 5477 ubi
455 5415 691 5477 scilicet
733 5415 797 5475 id
852 5435 1010 5495 opus
1063 5422 1228 5479 esset
1273 5418 1352 5479 ad
1399 5419 1761 5481 evitandum

213 5508 551 5591 publicum
583 5508 906 5586 damnum,
941 5509 1111 5590 quod
1157 5512 1422 5573 fortasse
1453 5529 1575 5573 uon
1607 5511 1761 5590 pati-

214 5608 329 5665 tur
357 5619 602 5664 moram
647 5602 1028 5682 inquirendi,
1086 5608 1276 5684 atque
1329 5604 1473 5667 ideo
1517 5610 1762 5684 oportet

1867 559 2138 620 liberare
2157 559 2437 639 judicem
2467 560 2572 622 illo
2603 578 2793 622 onere
2825 565 2887 623 et
2939 561 3233 623 exhibere
3264 579 3403 642 pro·

1867 652 2188 714 batiouem
2215 654 2278 714 in
2306 657 2618 734 promptu.
2672 654 2787 729 Qui
2814 658 3028 717 autem
3057 674 3135 716 ex
3192 656 3401 717 officio

1869 766 1996 809 non
2040 751 2291 810 tenetur
2315 765 2634 825 accusare,
2670 765 2796 809 non
2842 748 3129 828 peccabit
3184 753 3402 811 contra

1861 840 2193 922 justitiam,
2219 841 2330 902 sed
2361 845 2579 903 contra
2633 841 3028 920 charitatem,
3099 843 3199 903 vel
3247 842 3402 904 alias

1868 936 2150 1012 virtutes,
2185 936 2237 997 si
2265 953 2390 998 uon
2409 940 2664 999 accuset
2692 936 2944 1016 quando
2975 954 3272 998 accusare
3300 939 3400 998 te-

1868 1028 2155 1091 uebatur.

1948 1123 2240 1185 Secundo
2283 1122 2623 1186 dicendum
2652 1127 2767 1200 est,
2827 1124 3070 1205 aliquos
3127 1143 3262 1185 esse
3292 1122 3397 1205 qui

1868 1232 1941 1277 ex
1972 1217 2177 1280 officio
2233 1221 2526 1280 tenentur
2571 1222 2743 1280 certa
2797 1217 3025 1279 delicta
3078 1236 3394 1295 accusare,
3448 1238 3525 1294 Qui
3554 1251 3576 1281 a

3587 1112 3624 1173 3

3579 1252 3746 1285 cm

1866 1311 1965 1371 vel
1987 1310 2370 1390 judicialiter
2396 1311 2788 1387 denuntiare,
2820 1310 2920 1372 vel
2950 1328 3026 1371 ex
3054 1317 3264 1391 pactu,
3298 1309 3399 1371 vel
3494 1298 3699 1338 ‘mum'-

1867 1422 1942 1465 ex
1969 1404 2404 1483 promissione,
2437 1407 2510 1466 ut
2551 1404 2819 1481 fiscales,
2881 1405 3194 1483 custodes,
3245 1406 3400 1484 vigi-

1866 1498 1978 1575 leS,
2011 1502 2074 1560 et
2100 1498 2208 1560 alii
2235 1498 2503 1572 similes;
2564 1498 2616 1559 si
2669 1500 2883 1559 tamen
2910 1502 3174 1579 possunt
3221 1499 3403 1561 aliter

1866 1592 2171 1672 impedire
2202 1592 2503 1654 damnum
2541 1609 2899 1669 commune,
2949 1597 3060 1653 aut
3098 1593 3262 1653 illius
3300 1593 3402 1654 cui

1868 1705 1933 1747 se
1963 1686 2340 1765 obligarunt,
2376 1704 2502 1746 nou
2529 1686 2910 1748 tenebuntur
2955 1702 3273 1763 accusare,
3299 1685 3397 1747 vel

1868 1779 2240 1841 denuntiare
2271 1778 2616 1840 secundum
2634 1778 3052 1858 aliquos,quia
3077 1778 3401 1851 intantum

1865 1875 2159 1935 tenentur
2189 1890 2507 1949 accusare,
2555 1871 2655 1933 vel
2711 1872 3083 1934 denuntiare
3113 1872 3175 1932 iu
3207 1891 3402 1952 quan-

1862 1969 1999 2028 tum
2052 1965 2472 2027 necessarium
2514 1965 2702 2028 fuerit
2754 1965 2835 2027 ad
2882 1983 3254 2043 commune,
3301 1967 3402 2029 vel

1867 2060 2180 2138 privatum
2211 2059 2448 2119 bonum
2477 2058 2965 2137 procurandum.
3001 2061 3098 2120 An
3130 2077 3279 2122 vero
3308 2063 3403 2122 te-

1869 2156 2137 2215 neantur
2165 2152 2535 2213 denuntiare
2576 2154 2836 2230 propter
2870 2152 3244 2230 exigendam
3272 2172 3402 2234 poe-

1869 2264 2016 2306 nam
2044 2244 2495 2325 pecuniariam,
2528 2244 2701 2305 itaut
2726 2244 2775 2304 si
2809 2262 2935 2304 non
2951 2249 3273 2323 accusent,
3305 2250 3400 2309 te-

1870 2344 2139 2403 neantur
2154 2338 2503 2416 restituere,
2540 2337 2812 2399 diximus
2840 2356 3030 2418 supra
3058 2339 3216 2418 disp.
3242 2357 3404 2418 pree-

1869 2433 2005 2495 ced.
2039 2437 2190 2495 sect.
2224 2449 2309 2495 rx.

1946 2527 2206 2589 Addunt
2221 2525 2435 2606 aliqui,
2468 2525 2668 2587 teneri
2702 2525 2893 2587 etiam
2924 2524 3210 2586 haeredes
3238 2526 3405 2588 occi-

1867 2621 1921 2681 si
1960 2638 2257 2682 accusare
2287 2617 2667 2680 homicidam
2714 2618 2831 2679 sub
2861 2636 3051 2697 poena
3109 2619 3405 2682 amitten-

1868 2714 1965 2775 doe
1993 2712 2400 2786 haereditatis,
2432 2711 2521 2773 ita
2548 2713 2718 2774 Bart.
2754 2710 2819 2771 iu
2848 2710 2889 2771 l.
2926 2711 2998 2771 In
3026 2731 3176 2789 eum,
3210 2713 3273 2774 ff.
3334 2712 3406 2775 de

1866 2815 2118 2869 accusat.
2153 2826 2230 2868 ex
2255 2806 2298 2868 l.
2335 2805 2484 2867 Cum
2524 2805 2742 2884 furem,
2779 2806 2845 2866 C.
2877 2802 2968 2865 De
2994 2804 3083 2864 his
3110 2805 3318 2886 quibus
3340 2814 3407 2866 ut

1867 2900 2141 2981 indiqvaa,
2179 2902 2241 2961 et
2268 2902 2590 2960 Navarrus
2618 2916 2673 2959 c.
2710 2897 2874 2958 Inter
2928 2897 3126 2975 verba,
3161 2915 3203 2960 1.
3266 2903 3395 2979 q.3.

1866 3012 1927 3055 n.
1950 2997 2086 3056 168.
2120 2994 2229 3054 ubi
2258 2997 2467 3055 tamen
2496 2992 2825 3071 impugnat
2852 2992 3146 3052 eumdem
3185 2993 3401 3054 Barto-

1863 3090 2019 3165 lum,
2052 3087 2161 3167 qui
2188 3086 2251 3147 in
2281 3104 2430 3147 casu
2459 3084 2781 3145 homicidii
2810 3084 2996 3162 dixit,
3030 3102 3213 3164 posse
3234 3085 3399 3164 judi-

1865 3201 2003 3245 cem
2072 3179 2448 3260 compellere
2516 3182 2761 3259 partem
2809 3178 2893 3240 ad
2941 3176 3395 3241 accusandum.

1867 3279 2175 3339 Caeterum
2203 3279 2274 3336 ut
2299 3274 2458 3335 bene
2483 3277 2659 3335 uotat
2685 3273 3000 3334 Malderus
3028 3273 3399 3352 inpraesenti

1864 3378 1943 3433 tr.
1976 3370 2079 3432 Vl.
2113 3387 2170 3430 c.
2205 3384 2275 3429 11.
2312 3366 2460 3428 dub.
2519 3369 2578 3427 2.
2638 3366 2738 3426 lex
2793 3365 3020 3427 Christi
3066 3365 3222 3426 nihil
3277 3366 3401 3427 tale

1865 3463 2172 3543 praecipit,
2227 3479 2343 3522 nec
2372 3457 2694 3521 christiani
2725 3459 3038 3538 principes
3093 3457 3402 3538 ejusmodi

1867 3555 2335 3617 accusationem
2363 3551 2748 3632 praecipient.

1945 3649 2156 3710 Tertio
2185 3646 2521 3709 dicendum
2568 3648 2681 3722 est,
2707 3662 2851 3706 eum
2907 3645 3013 3724 qui
3057 3646 3238 3706 novit
3291 3646 3400 3708 ali-

1867 3742 2036 3822 quod
2079 3743 2409 3819 peccatum
2452 3757 2588 3799 esse
2635 3737 2700 3797 in
2731 3737 3076 3798 maximum
3134 3738 3402 3816 proximi

1866 3838 2337 3909 nocumentum,
2370 3832 2539 3912 quod
2583 3849 2710 3892 nou
2762 3829 2945 3892 aliter
2990 3849 3179 3911 quam
3217 3849 3401 3893 accu-

1865 3928 2062 3991 sando
2116 3926 2216 3988 vel
2261 3924 2640 4005 judicialiter
2687 3922 3116 3986 denuntiando
3172 3924 3402 4004 poterit

1863 4020 2179 4102 impediri,
2209 4018 2405 4081 teneri
2434 4017 2514 4078 ad
2548 4016 2972 4078 accusandum
3019 4019 3121 4079 vel
3152 4018 3399 4078 denun-

1863 4115 2172 4191 tiandum,
2203 4117 2273 4174 ut
2297 4112 2348 4173 si
2378 4110 2537 4173 scias
2583 4112 2837 4172 Petrum
2881 4109 3140 4173 iusidias
3175 4130 3398 4191 parare

1865 4209 1946 4270 ad
1976 4226 2194 4269 necem
2221 4205 2436 4277 Pauli;
2478 4204 2528 4264 si
2557 4208 2770 4265 tamen
2799 4203 2920 4264 hoc
2977 4204 3111 4265 sine
3166 4223 3397 4285 magno
3480 4254 3487 4261 .

1863 4307 1971 4366 tuo
2001 4303 2232 4362 damno
2262 4298 2495 4379 poteris
2532 4301 2854 4377 praestare.
2889 4298 3067 4359 Ratio
3089 4303 3204 4375 est,
3252 4299 3400 4379 quia

1862 4397 1962 4457 lex
1993 4393 2316 4457 charitatis
2344 4393 2583 4471 obligat
2609 4391 2690 4452 ad
2719 4391 3192 4471 impediendum
3253 4410 3402 4470 gra-

1863 4509 1939 4551 ve
1969 4489 2271 4549 damnum
2291 4485 2580 4565 proximi,
2610 4484 2663 4545 si
2691 4485 3020 4546 commode
3039 4503 3392 4564 possumus3

1863 4601 2012 4661 ergo
2035 4582 2114 4642 ad
2146 4579 2580 4659 accipiendum
2608 4578 2761 4638 illud
2790 4577 3069 4639 medium
3096 4578 3263 4656 quod
3294 4596 3399 4638 ne-

1862 4673 2204 4737 cessarium
2232 4677 2328 4733 est
2354 4672 2434 4732 ad
2463 4689 2609 4733 eum
2636 4672 2846 4746 finem,
2883 4670 3065 4750 quale
3112 4669 3177 4729 iu
3232 4687 3393 4748 prae-

1862 4767 2020 4829 senti
2063 4769 2156 4827 est
2175 4765 2458 4826 medium
2486 4762 2903 4825 accusationis
2930 4761 3031 4822 vel
3062 4762 3393 4825 denuntia·

1860 4860 2067 4924 tioniS.
2100 4861 2234 4920 Hoc
2261 4862 2469 4918 tamen
2498 4855 2979 4934 intelligendum
3006 4858 3107 4916 est
3133 4860 3197 4917 et
3234 4856 3400 4916 limi-

1859 4953 2122 5015 tandum
2153 4949 2327 5031 juxta
2363 4950 2426 5011 id
2458 4948 2628 5030 quod
2658 4948 2787 5009 dixi
2807 4947 2968 5026 disp.
3003 4963 3064 5008 x.
3102 4947 3178 5007 de
3232 4948 3399 5029 iuju-

1862 5046 1969 5106 riis
2000 5045 2062 5104 in
2111 5043 2295 5105 bonis
2329 5041 2630 5121 corporiS,
2666 5040 2943 5102 sectione
2972 5056 3059 5101 XI.
3093 5058 3289 5118 agens
3319 5041 3396 5103 de

1862 5137 2224 5199 defensione
2246 5137 2436 5213 licita,
2471 5136 2571 5197 vel
2609 5132 2961 5195 necessaria
3014 5132 3392 5197 innocentis:

1861 5232 2003 5293 vide
2021 5250 2163 5311 quae
2193 5230 2276 5291 ibi
2303 5230 2487 5293 latius
2516 5228 2684 5291 dicta
2702 5231 2867 5290 sunt.

1939 5327 2174 5398 Quarto
2203 5323 2540 5385 dicendum
2587 5325 2700 5399 est,
2737 5320 3054 5382 neminem
3082 5321 3397 5401 regulari-

1859 5424 1956 5481 ter
1998 5417 2199 5479 teneri
2229 5416 2309 5477 ad
2339 5415 2765 5477 accusandum
2821 5414 3120 5476 delictum
3177 5418 3399 5477 contra

1862 5530 1927 5573 se
1956 5510 2384 5586 commissum,
2416 5509 2505 5570 ita
2534 5508 2721 5570 Sotus
2749 5505 2821 5570 de
2850 5506 3042 5588 siqillo
3071 5507 3134 5569 d.
3197 5525 3398 5568 mem-

1859 5605 1956 5667 br.
1991 5606 2064 5667 11.
2099 5622 2162 5684 q.
2199 5620 2259 5667 v.
2303 5602 2578 5665 conclus
2613 5604 2672 5664 2.
2706 5599 2902 5664 etalii
2950 5600 3390 5678 communiter,

3584 5332 3623 5388 ⁴
