4263 6376
1239 347 1710 414 DISPU'PATIO
1754 346 1970 422 XXIV,
2019 346 2293 410 SECTIO
2338 346 2496 408 vlu.

247 521 615 601 consumpta
660 538 700 582 6
742 519 869 584 filio
917 538 992 584 ex
1038 519 1218 584 bonis
1263 521 1479 603 patrie,
1530 521 1781 601 quando

248 614 403 678 bona
428 612 556 674 fide
586 611 755 676 filius
783 612 1169 691 consumpsit
1211 613 1450 693 absque
1498 617 1778 692 peccato,

246 725 364 768 non
394 724 532 766 esse
584 710 809 784 postea
851 705 1231 768 conferenda
1275 710 1384 768 aut
1422 710 1785 784 computan-

246 799 359 871 da;
394 816 545 876 ergo
577 816 698 858 666
730 803 987 879 accepta
1013 818 1052 862 a
1080 803 1280 878 putre,
1314 799 1365 860 si
1394 799 1562 860 bona
1592 799 1783 860 etiam

246 891 363 953 fide
393 894 855 953 consumantur
884 909 921 951 a
948 891 1097 968 filio,
1134 909 1336 971 neque
1366 910 1441 954 ex
1470 909 1543 953 eo
1573 891 1783 952 flatlo·

246 983 546 1063 cupietior
569 1030 586 1061 ,
641 1003 789 1046 cum
832 984 1056 1048 eadem
1086 984 1380 1046 videatur
1415 1003 1553 1045 esse
1596 983 1776 1049 ratio.

247 1077 553 1153 Secundo,
575 1077 731 1158 quia
748 1078 800 1138 si
822 1082 999 1156 pater
1028 1077 1212 1147 alicui
1242 1081 1536 1142 extraneo
1565 1095 1783 1139 exces-

250 1171 372 1232 sive
402 1170 670 1235 donavit
697 1175 760 1232 et
789 1171 892 1233 hic
920 1171 1090 1232 bona
1118 1171 1242 1232 fide
1270 1171 1513 1251 accepit
1542 1174 1605 1233 et
1632 1188 1784 1232 con-

256 1264 536 1344 sumpsit,
574 1283 698 1325 nec
727 1265 929 1326 factus
959 1268 1053 1325 est
1081 1264 1477 1343 locupletior,
1514 1283 1638 1325 non
1669 1263 1783 1324 ha-

246 1357 347 1419 bet
373 1355 829 1436 obligationem
855 1358 1208 1437 petentibus
1225 1362 1443 1439 postea
1461 1357 1623 1434 filiis,
1650 1357 1782 1437 qui-

246 1449 355 1510 bus
366 1448 624 1511 donatio
641 1451 749 1511 illa
768 1449 1220 1531 praejudicavit,
1246 1451 1481 1531 aliquid
1492 1450 1780 1527 reddere,

247 1560 381 1604 eum
411 1561 527 1604 nec
555 1547 853 1606 teneatur
880 1563 955 1605 ex
982 1563 1050 1605 re
1081 1549 1340 1626 accepta
1368 1562 1507 1628 quae
1537 1563 1662 1607 non
1679 1562 1785 1605 ex-

247 1639 350 1712 tat,
385 1655 495 1697 nec
541 1655 620 1698 ex
669 1637 901 1716 injusta
949 1638 1200 1700 laesione
1242 1642 1500 1718 propter
1554 1638 1784 1700 bonam

246 1729 425 1791 {idem
459 1749 474 1791 ε
508 1748 666 1808 ergo
700 1749 816 1792 nec
847 1749 941 1807 cu,
977 1749 1115 1812 quae
1144 1732 1307 1793 iilius
1328 1751 1365 1792 a
1395 1736 1574 1812 patre
1604 1750 1785 1793 acce-

248 1823 332 1903 pit
358 1826 419 1884 et
461 1823 635 1884 hona
677 1823 802 1884 lide
853 1825 1240 1903 consumpsit
1286 1844 1400 1887 neo
1446 1827 1647 1888 factus
1689 1829 1785 1888 cst

248 1913 610 1993 locupletior
634 1964 650 1992 ,
687 1921 948 1996 possunt
993 1936 1031 1978 a
1072 1917 1371 1980 fratribus
1401 1937 1475 1979 ex
1518 1919 1652 1997 ipso
1684 1938 1783 1981 re·-

249 2008 387 2089 peti,
421 2013 485 2072 et
510 2027 631 2089 per
660 2028 1055 2090 consequens
1102 2029 1227 2074 non
1257 2011 1493 2075 debent
1520 2031 1783 2091 compu-

248 2101 391 2178 tari,
442 2106 510 2163 ut
544 2102 694 2164 ideo
741 2104 948 2170 minus
1004 2105 1081 2170 de
1121 2123 1236 2174 sua
1270 2105 1553 2188 legitima
1611 2105 1781 2168 6661-

320 2290 635 2350 Coeterum
665 2290 1006 2358 dicendum
1033 2296 1184 2371 puto
1206 2338 1224 2371 ,
1269 2293 1498 2358 debere
1529 2309 1604 2358 ea
1632 2312 1782 2360 con-

250 2381 383 2444 ferri
412 2386 475 2444 et
501 2384 860 2462 computari
896 2405 909 2446 :
944 2385 1116 2464 leges
1145 2387 1311 2446 enim
1328 2391 1390 2450 et
1410 2387 1695 2452 doctores
1716 2387 1779 2456 in

251 2474 527 2535 omnibus
557 2476 936 2556 supradictis
966 2480 1198 2557 regulis
1223 2480 1456 2541 nullam
1475 2481 1665 2543 talem
1682 2500 1782 2541 ex-

251 2568 592 2645 ceptionem
620 2569 863 2636 faciunt
893 2586 906 2641 :
942 2576 1006 2633 et
1032 2572 1191 2634 ratio
1222 2573 1411 2638 etium
1440 2573 1503 2636 id
1532 2573 1781 2636 videtur

249 2660 500 2722 suadere
526 2707 544 2737 ,
598 2681 677 2722 ex
712 2681 838 2744 qua
876 2670 1247 2742 argumenta
1296 2666 1614 2747 proposita
1657 2668 1780 2733 sol-

250 2760 485 2822 vuntur,
521 2754 716 2818 Aliud
745 2755 910 2817 enim
944 2761 1056 2834 est,
1079 2759 1245 2836 quod
1275 2758 1497 2838 aliquis
1525 2764 1780 2838 propter

250 2847 467 2909 bonam
503 2849 703 2910 fidem
751 2849 1032 2912 debitum
1081 2869 1204 2912 non
1255 2854 1633 2917 contraxerit
1671 2853 1779 2916 ali-

251 2940 390 3021 quid
442 2941 735 3003 solvendi
780 2962 793 3005 :
846 2943 1014 3006 aliud
1068 2963 1217 3006 vero
1272 2945 1441 3024 quod
1496 2946 1777 3010 debitum

248 3051 417 3094 suum
446 3052 572 3100 non
603 3036 952 3115 receperit,
1004 3037 1185 3117 eique
1217 3039 1603 3106 satisfactum
1649 3039 1775 3118 jam

249 3125 356 3205 sit,
403 3132 463 3190 et
500 3146 620 3207 per
676 3146 1068 3210 consequens
1125 3132 1293 3214 quod
1343 3131 1447 3212 jus
1502 3132 1781 3197 amiserit

250 3222 403 3300 quod
434 3222 718 3286 habebat
746 3224 826 3284 ad
855 3223 1006 3285 illud
1037 3225 1262 3289 iterum
1291 3227 1689 3306 exigendum.
1712 3225 1774 3288 Si

249 3314 404 3377 enim
431 3334 549 3395 ego
582 3316 698 3383 tibi
728 3316 874 3379 dedi
904 3323 1153 3381 centum
1185 3338 1325 3399 quae
1356 3319 1688 3397 debebam,
1715 3325 1777 3382 et

250 3412 309 3469 tu
336 3409 669 3473 immemor
697 3409 860 3475 illius
907 3411 1127 3473 crediti
1169 3413 1497 3491 accepisti,
1550 3418 1775 3492 putans

252 3520 340 3562 me
369 3502 470 3565 illa
499 3503 742 3565 donare
772 3506 835 3566 et
863 3505 1321 3584 consumpsisti,
1347 3525 1462 3568 nec
1492 3506 1693 3569 factus
1710 3526 1775 3569 es

251 3594 636 3674 locupletior,
674 3614 798 3659 non
828 3597 1061 3675 poteris
1090 3602 1306 3678 postea
1332 3644 1347 3674 ,
1382 3601 1635 3679 quando
1668 3601 1775 3661 de·-

252 3688 351 3749 biti
383 3690 737 3751 recordaris
763 3736 779 3766 ,
812 3689 965 3750 illud
993 3710 1033 3751 a
1060 3710 1163 3755 me
1193 3692 1464 3770 exigere,
1500 3711 1574 3754 eo
1605 3694 1774 3773 quod

251 3781 403 3843 bona
430 3784 554 3844 fide
590 3783 766 3844 illam
795 3784 1126 3862 pecuniam
1141 3786 1625 3865 consumpseris,
1660 3805 1775 3865 pu-

251 3878 377 3935 tans
403 3894 537 3937 esse
566 3879 807 3941 donum
836 3880 900 3938 et
928 3894 1051 3942 non
1080 3877 1352 3943 solutum
1373 3925 1388 3956 ,
1425 3879 1572 3959 quia
1598 3898 1773 3943 reve-

251 3985 313 4029 ra
339 3987 451 4047 ego
491 3967 627 4048 jam
667 3968 949 4033 debitum
997 3970 1270 4050 extinxi,
1316 3991 1440 4034 non
1488 3973 1772 4039 obstante

251 4059 589 4136 ignorantia
618 4062 720 4127 vel
748 4062 915 4125 bona
942 4063 1065 4124 tide
1094 4068 1225 4127 tua.
1264 4067 1564 4127 Fatemur
1594 4086 1767 4147 ergo,

253 4155 430 4215 fitium
459 4160 936 4219 consumentem
965 4156 1133 4220 bona
1161 4158 1286 4220 fide
1317 4159 1526 4240 aliqua
1555 4179 1630 4221 ex
1659 4160 1773 4222 bo-

253 4247 337 4307 nis
364 4250 552 4327 patris
576 4296 592 4325 ,
649 4267 773 4309 non
802 4250 1174 4313 contrahere
1204 4252 1486 4315 debitum
1516 4254 1620 4315 illa
1649 4254 1773 4317 sol-

253 4342 441 4417 vendi,
474 4342 635 4405 sicut
665 4361 867 4422 neque
899 4344 1088 4406 etiam
1104 4345 1417 4407 contrahit
1440 4350 1771 4409 extraneus

252 4435 617 4499 excessivam
647 4435 1049 4499 donationem
1081 4457 1118 4499 6
1147 4442 1325 4517 patre
1350 4439 1684 4519 accipisne,
1710 4444 1773 4504 et

249 4542 373 4585 eam
402 4528 563 4589 bona
590 4528 716 4593 fide
746 4546 1142 4607 consumens,
1179 4531 1327 4611 quia
1357 4531 1441 4591 ibi
1466 4532 1673 4611 agitur
1692 4533 1770 4594 de

251 4620 661 4683 eontrahendo
720 4620 966 4699 debito,
1010 4623 1178 4703 quod
1240 4642 1277 4685 6
1322 4624 1490 4686 bona
1517 4626 1641 4687 fide
1671 4627 1769 4689 vel

251 4709 584 4787 ignorantia
614 4714 904 4792 impediri
934 4720 1158 4794 potest.
1187 4717 1448 4792 Quando
1465 4737 1614 4780 vero
1637 4720 1770 4798 ugi-

251 4807 339 4864 tur
365 4804 438 4865 de
467 4808 889 4886 extinguendo
910 4808 1142 4885 debito,
1170 4828 1295 4871 non
1324 4810 1587 4890 impedit
1603 4812 1769 4875 bona

252 4895 393 4956 fides
418 4901 516 4961 vel
543 4900 897 4977 ignorantia
926 4902 1287 4981 accipientis
1308 4908 1370 4965 et
1398 4923 1769 4967 consumen-

252 4988 321 5051 tis
350 5010 364 5052 :
396 4992 624 5055 sufficit
652 4992 819 5055 enim
849 5038 865 5070 ,
920 4994 1086 5074 quod
1135 4995 1380 5058 debitor
1421 4997 1667 5061 dederit
1693 5017 1767 5061 eo

251 5083 461 5148 animo.
494 5087 650 5148 Cum
679 5104 830 5164 ergo
863 5090 1043 5166 pater
1070 5087 1330 5151 donavit
1369 5090 1496 5152 silio
1529 5108 1601 5152 eo
1631 5092 1767 5152 ani-

252 5192 342 5237 mo
371 5182 436 5239 ut
459 5180 859 5241 conferantur
905 5183 969 5243 et
998 5185 1443 5260 computentur
1470 5182 1532 5243 in
1562 5184 1767 5263 legiti-

253 5286 403 5331 mam
432 5271 515 5333 illi
545 5272 821 5335 debitam
846 5319 862 5348 ,
915 5272 1084 5352 quod
1114 5274 1395 5337 debitum
1424 5275 1765 5355 anticipata

252 5362 539 5425 solutione
571 5365 703 5427 vult
731 5365 1094 5445 extinguere
1114 5413 1129 5444 ‚
1165 5385 1237 5429 eo
1268 5367 1401 5446 ipso
1432 5369 1758 5447 extinguit,

256 5458 311 5517 et
333 5456 441 5519 sibi
471 5458 736 5537 imputet
763 5459 1055 5538 creditor,
1079 5460 1199 5522 hoc
1229 5465 1342 5538 est,
1375 5462 1561 5539 filine,
1595 5463 1763 5542 quod

257 5546 615 5625 ignoraverit
640 5551 702 5615 id
732 5551 848 5615 sibi
878 5554 981 5617 tali
1015 5553 1225 5617 animo
1256 5555 1391 5617 dari
1414 5576 1428 5618 ε
1450 5556 1585 5619 haec
1598 5556 1762 5618 enim

3303 342 3420 406 123

1884 520 2238 599 ignorantia
2266 518 2570 598 deblt01·i,
2605 518 2725 584 hoc
2756 521 2849 583 est
2871 565 2887 597 ,
2939 519 3101 597 patri
3128 563 3146 596 ,
3195 536 3420 582 nocere

1884 631 2007 680 non
2065 614 2273 689 debet,
2337 630 2529 691 quaro
2582 630 2657 673 eo
2703 614 2837 693 ipso
2885 612 3047 675 filius
3075 612 3286 673 amisit
3317 613 3422 692 jus

1884 706 2051 786 quod
2081 706 2357 767 habebat
2385 706 2465 769 ad
2518 706 2861 785 legitimam
2908 706 3217 783 integram
3242 752 3258 781 ,
3308 724 3422 768 nec

1883 804 2087 877 potest
2142 800 2204 859 in
2271 799 2651 862 conscientia
2717 818 2857 862 eum
2927 818 3003 862 ex
3072 799 3254 860 bonis
3309 818 3422 877 pa-

1882 893 2077 956 ternis
2121 893 2414 971 exigere3
2460 892 2606 971 quia
2651 893 2772 956 hoc
2828 897 2993 954 esset
3039 896 3253 971 petere
3311 892 3421 953 ite-

1880 1004 2022 1048 rum
2052 985 2366 1062 debitum,
2401 984 2571 1068 quod
2601 985 2735 1065 jam
2766 985 2883 1049 sibi
2911 983 3189 1064 legitime
3217 984 3423 1050 fuerat

1883 1079 2176 1142 solutum.

1965 1172 2170 1249 Dices,
2203 1190 2351 1252 ergo
2384 1171 2609 1236 eodem
2636 1171 2824 1236 modo
2848 1171 3099 1252 quando
3127 1171 3292 1235 filius
3321 1190 3420 1234 ac·

1881 1266 2033 1345 cipit
2060 1266 2223 1332 elam
2254 1284 2328 1325 ex
2358 1264 2540 1327 bonis
2568 1266 2763 1345 patris
2803 1270 2867 1328 et
2894 1266 3311 1344 consumpsit,
3345 1284 3419 1327 eo

1882 1358 2016 1441 ipso
2049 1358 2307 1422 extinxit
2336 1358 2616 1420 debitum
2641 1405 2656 1435 ,
2700 1377 2823 1442 quo
2854 1362 3034 1439 pater
3060 1359 3415 1437 tenebatur,

1884 1452 2130 1516 etiamsi
2157 1452 2323 1514 bona
2365 1452 2489 1512 fide
2540 1451 2602 1512 id
2653 1452 2872 1516 feccrit
2904 1471 2918 1514 ε
2954 1469 3081 1513 666
3118 1453 3213 1513 est
3252 1452 3419 1515 enim

1883 1546 1944 1607 in
1974 1548 2280 1625 potestate
2311 1544 2637 1608 creditoris
2667 1564 2792 1608 non
2823 1544 3186 1623 extinguere
3214 1545 3418 1608 credi-2

1884 1642 2038 1713 tum,
2072 1638 2325 1718 quando
2357 1656 2432 1698 ex
2461 1637 2646 1701 bonis
2676 1637 2974 1702 debitoris
3003 1638 3121 1703 sibi
3163 1643 3422 1720 usurpat

1883 1732 2146 1796 totidem
2178 1731 2346 1810 quod
2379 1731 2772 1794 debebantur
2806 1750 2820 1794 ε
2855 1749 3001 1794 66ι6
3043 1749 3117 1791 eo
3145 1731 3280 1812 ipso
3312 1731 3422 1791 de-

1884 1825 2050 1885 bitor
2077 1824 2233 1888 nihil
2265 1824 2531 1903 amplius
2547 1823 2796 1886 videtur
2811 1824 3076 1897 debere;
3110 1842 3257 1902 ergo
3274 1828 3420 1887 tunc

1884 1920 2073 1980 etiam
2100 1918 2417 1980 tenebitur
2443 1917 2606 1978 iilius
2633 1935 2709 1979 ea
2737 1917 2949 1982 omnia
2968 1918 3272 1996 conferre,
3295 1935 3417 1980 non

1883 2013 2168 2074 obstante
2221 2011 2388 2074 bona
2441 2010 2566 2074 fide
2622 2029 2746 2091 qua
2789 2029 2863 2076 66
2903 2010 3145 2090 accepit
3181 2015 3244 2073 et
3271 2029 3420 2073 con-

1882 2104 2167 2184 sumpsit.
2204 2103 2570 2184 Respondeo
2601 2104 2890 2184 negando
2909 2103 3232 2184 sequelam
3268 2123 3281 2166 ε
3316 2105 3422 2167 do-

1881 2196 2079 2264 bitum
2109 2196 2299 2274 enim,
2332 2196 2510 2277 cujus
2539 2196 2823 2258 solvendi
2853 2199 3102 2278 tempus
3135 2197 3417 2260 nondum

1882 2290 2157 2367 advenit,
2210 2291 2394 2370 quale
2438 2295 2532 2355 cst
2578 2290 2860 2353 debitum
2903 2290 3234 2369 legitimae,
3278 2307 3417 2370 qum

1880 2387 2025 2446 unte.
2069 2388 2338 2452 mortem
2385 2384 2581 2463 patris
2630 2403 2754 2446 non
2802 2384 2990 2446 debet
3040 2383 3227 2460 solvi,
3275 2384 3421 2447 licet

1880 2478 2077 2558 possit
2104 2496 2181 2544 ex
2209 2477 2530 2540 voluntate
2578 2477 2903 2540 creditoris
2948 2476 3290 2555 anticipata
3317 2495 3420 2537 so-

1878 2571 2111 2636 lutione
2153 2569 2464 2648 extingui,
2499 2588 2623 2634 non
2664 2574 2872 2632 tamen
2930 2573 3136 2649 potest
3171 2569 3414 2649 absque

1880 2663 2164 2743 ejusdem
2219 2662 2517 2730 debitoris
2572 2663 2889 2726 voluntate
2944 2663 3010 2723 id
3065 2663 3221 2739 fieri,
3274 2680 3416 2723 cum

1878 2758 2150 2824 creditor
2175 2757 2413 2820 nullum
2434 2756 2539 2838 jus
2567 2756 2800 2820 habeat
2829 2756 3036 2819 adhuc
3072 2755 3153 2817 ad
3202 2755 3412 2838 acqui-

1879 2852 2148 2913 rendum
2177 2869 2342 2912 nunc
2372 2849 2721 2913 dominium
2748 2849 2865 2912 sibi
2912 2849 3078 2912 circa
3108 2867 3208 2912 res
3238 2848 3416 2912 debi-

1878 2945 2029 3006 toris
2058 2962 2173 3024 pro
2203 2943 2415 3005 debito
2445 2943 2656 3007 futuro
2689 2963 2703 3011 ε
2736 2941 2902 3008 filius
2949 2942 3117 3004 enim
3154 2961 3280 3007 non
3309 2960 3417 3005 ac·-

1878 3038 2134 3121 quisivit
2160 3036 2506 3100 dominium
2536 3053 2776 3113 eorum,
2809 3053 2949 3116 quae
2977 3055 3015 3098 a
3043 3038 3220 3115 patre
3249 3036 3413 3098 male

1879 3131 2121 3213 accepit
2148 3132 2210 3192 et
2240 3128 2645 3212 consumpsit,
2681 3147 2754 3193 ac
2782 3129 3044 3211 proinde
3074 3147 3199 3190 non
3222 3129 3413 3192 extin-

1876 3226 1966 3287 xit
1992 3225 2270 3287 debilum
2297 3224 2617 3303 legitimae,
2650 3242 2766 3287 666
2795 3223 3159 3303 extinguere
3187 3224 3410 3303 potuit,

1878 3320 1993 3382 nisi
2024 3318 2088 3379 in
2118 3322 2424 3399 quantum
2472 3317 2844 3381 contrahere
2889 3319 3140 3395 poterat
3180 3335 3414 3380 novum

1877 3412 2161 3475 debitum
2187 3411 2581 3475 tantumdem
2617 3410 2939 3487 solvendi,
2990 3409 3160 3489 quod
3202 3413 3414 3472 tamen

1877 3506 2158 3567 debitum
2185 3509 2444 3583 propter
2469 3504 2702 3567 bonam
2730 3504 2920 3567 fidem
2942 3521 3065 3565 non
3080 3503 3409 3581 contraxit,

1876 3605 1939 3663 et
1967 3599 2107 3660 ideo
2140 3602 2422 3661 remanet
2448 3597 2657 3661 adhuc
2687 3598 3010 3676 integrum
3044 3597 3172 3658 filio
3196 3596 3302 3677 jus
3329 3597 3411 3659 ad

1873 3692 2219 3770 legitimam
2262 3691 2455 3769 patris
2486 3709 2597 3753 suo
2646 3696 2930 3772 tempore
2977 3689 3410 3771 accipiendam

1874 3785 2036 3847 sicut
2062 3785 2257 3864 prius.

1952 3878 2285 3942 Dubitatur
2312 3876 2494 3941 tertio
2542 3876 2621 3939 de
2668 3876 3005 3939 donatione
3044 3893 3409 3939 remunera-

1874 3972 2035 4037 toria
2064 3971 2229 4035 facta
2257 3969 2383 4032 filio
2407 4016 2422 4046 ,
2455 3987 2536 4030 an
2585 3969 2814 4031 debeat
2841 3969 3047 4031 afferri
3076 3972 3297 4049 postea
3328 3967 3406 4029 ab

1871 4066 2006 4144 ipso
2054 4064 2118 4127 in
2165 4062 2604 4125 collationem?
2649 4064 2947 4135 Doctores
2992 4060 3409 4123 communiter

1872 4158 2088 4225 dicunt
2113 4174 2240 4219 non
2270 4174 2403 4217 esse
2434 4155 2878 4221 conferendam
2909 4174 3025 4216 666
3044 4159 3408 4235 computan-

1872 4253 2017 4315 dam
2066 4272 2079 4313 ε
2128 4249 2381 4331 quando
2423 4254 2636 4312 tamen
2677 4249 2902 4331 merita
2952 4254 3098 4312 sunt
3141 4248 3409 4328 aequnlia

1872 4344 2194 4409 donationi
2224 4348 2287 4406 et
2332 4361 2458 4406 non
2504 4347 2682 4404 erant
2726 4342 2963 4421 patri‘a
3000 4343 3126 4403 filio
3171 4342 3403 4405 debita.

1870 4442 1961 4504 lta
1990 4457 2133 4501 cum
2164 4438 2299 4500 aliis
2327 4439 2518 4516 Vasq.
2568 4436 2718 4499 dub.
2753 4453 2813 4499 x.
2851 4438 2962 4498 nu.'
2997 4439 3131 4497 163.
3167 4440 3229 4497 61
3255 4436 3402 4499 Mol.

1871 4533 2031 4612 disp.
2069 4549 2306 4594 ccxmv.
2342 4529 2490 4610 quia
2520 4530 2831 4608 ejusmodi
2873 4528 3128 4603 donatio
3161 4546 3285 4590 non
3315 4534 3411 4592 est

1870 4624 2238 4705 simpliciter
2266 4622 2520 4686 donatio
2546 4669 2562 4699 ‚
2597 4622 2709 4684 sed
2741 4625 2836 4684 est
2862 4621 3152 4701 quoedam
3181 4622 3406 4684 solutio

1870 4718 2062 4781 debiti
2103 4715 2396 4791 moraliS,
2443 4718 2505 4778 et
2550 4714 2689 4775 ideo
2737 4732 2940 4793 neque
2982 4714 3406 4799 insinuatione

1869 4811 2140 4889 indiget,
2173 4827 2289 4872 666
2318 4808 2632 4886 prohibita
2661 4809 2755 4869 est
2792 4826 2868 4867 ex
2909 4809 3225 4869 communi
3255 4826 3401 4888 pro·

1869 4904 2170 4968 bibitione
2199 4900 2595 4978 donationiS,
2631 4903 2700 4963 ut
2725 4899 3002 4963 vidimus
3048 4901 3209 4981 disp.
3244 4920 3403 4981 prae·

1868 4997 2003 5060 ced.
2038 5001 2191 5059 sect.
2227 5013 2311 5059 rx.
2343 4994 2667 5076 Ejusmodi
2715 4998 2925 5055 autem
2965 4994 3192 5055 merita
3234 5011 3398 5073 proe-

1867 5090 2155 5156 cedentiu
2185 5089 2417 5151 debent
2444 5087 2717 5167 probari,
2753 5105 2870 5149 nec
2898 5086 3285 5148 credendum
3310 5090 3405 5149 est

1867 5185 2029 5264 patri
2058 5183 2248 5244 etiam
2267 5181 2534 5262 juranti,
2568 5199 2713 5244 cum
2744 5184 2970 5259 agatur
2999 5178 3076 5239 de
3105 5177 3404 5259 praejudi·

1867 5279 1961 5339 oio
2009 5276 2276 5339 aliorum
2318 5274 2593 5337 filiorum
2640 5272 2740 5336 :si
2786 5290 2933 5334 vero
2976 5272 3203 5334 merita
3252 5290 3403 5333 con-

1865 5374 2051 5447 stant,
2086 5371 2376 5431 censetur
2421 5366 2680 5430 donatio
2726 5364 3254 5443 remuneratoria,
3289 5384 3399 5429 seu

1867 5463 1985 5525 hoo
2014 5463 2236 5525 intuitu
2269 5463 2453 5525 sacta.
2490 5460 2666 5533 Quod
2696 5459 2745 5521 si
2792 5458 3018 5521 merita
3051 5458 3170 5537 ipsi
3199 5459 3398 5520 donu-

1866 5557 2022 5621 tario
2053 5560 2342 5619 constant
2363 5601 2379 5634 ‚
2427 5555 2576 5617 licet
2601 5553 2856 5633 probari
2886 5571 3022 5619 non
3044 5553 3301 5632 possint,
3337 5552 3396 5612 id

3556 3888 3674 3949 220

3510 4012 3613 4064 Quid
3648 4015 3701 4057 de

3497 4067 3716 4111 donatione

3457 4126 3714 4185 remunerato
3726 4145 3752 4156 -

3564 4186 3644 4217 ἱῚΙ.
