4263 6376
576 803 686 862 221

822 331 936 389 124

823 505 1051 569 sufficit
1077 510 1146 568 ιιι
1172 507 1232 566 in
1265 508 1644 569 conscientia
1670 509 1866 587 possit
1893 509 2056 570 filius
2073 510 2356 571 donatio-

822 617 965 659 nem
996 618 1120 661 non
1151 601 1467 678 conferre,
1500 620 1616 662 nec
1645 603 2028 684 computare]
2057 604 2121 662 in
2151 603 2359 681 legiti-

824 710 995 753 mam
1024 712 1223 754 suam.

905 787 1061 847 Huic
1088 806 1254 847 verae
1287 790 1348 848 et
1377 788 1694 849 communi
1736 789 2038 851 doctrinae
2068 810 2143 852 ex
2181 795 2357 870 parte

824 899 890 940 se
921 881 1185 960 opponit
1216 881 1487 941 Pinellus
1517 882 1687 961 apud
1714 884 1860 944 Mol.
1894 884 2003 945 ubi
2031 904 2241 964 supra,
2268 885 2357 944 di-

823 993 990 1050 66115,
1012 975 1248 1054 requiri
1275 975 1527 1054 quodid
1557 975 1837 1037 debitum
1869 982 2032 1039 essct
2059 979 2210 1055 filio,
2233 997 2357 1039 non

822 1067 1025 1128 solum
1053 1086 1129 1127 ex
1159 1068 1487 1130 honestate
1518 1070 1741 1129 morali
1785 1071 1897 1131 sed
1946 1091 2018 1131 ex
2058 1073 2305 1151 justitia
2338 1091 2351 1131 :

822 1161 942 1222 hoc
1001 1165 1212 1223 tamen
1277 1162 1783 1241 impugnavimus
1837 1165 2136 1243 praedicto
2192 1165 2352 1241 loce,

823 1258 1080 1333 agentes
1109 1256 1187 1315 de
1216 1255 1553 1318 donatione
1575 1258 2071 1319 remuneratoria
2099 1259 2164 1319 in
2186 1277 2354 1319 com·

820 1347 1033 1424 muni,
1090 1352 1152 1409 et
1198 1348 1586 1410 ostendimus
1632 1352 1946 1429 quomodo
1993 1351 2183 1413 etiam
2225 1352 2356 1412 sine

823 1441 1205 1519 obligatione
1236 1461 1307 1501 ex
1351 1441 1630 1520 justitia,
1684 1444 1880 1521 possit
1907 1464 2042 1505 esse
2073 1445 2356 1507 debitum

821 1533 1136 1594 sufficiens
1166 1534 1244 1594 ad
1276 1534 1727 1595 excludendam
1758 1537 2229 1600 donationem'a
2255 1559 2358 1599 ra-

821 1626 993 1687 tione
1023 1626 1375 1688 donationis
1404 1628 1767 1706 simpliciter
1806 1636 1866 1692 ct
1893 1632 2199 1694 absolute.
2234 1632 2359 1693 Ob-

817 1718 927 1798 jici
957 1721 1160 1797 petest
1188 1738 1263 1779 ex
1294 1720 1525 1782 Pinello
1547 1767 1562 1798 ,
1606 1721 1753 1800 quia
1780 1724 1943 1784 filius
1984 1744 2108 1786 non
2155 1729 2360 1805 potest

822 1811 1087 1872 reddere
1143 1812 1442 1893 obsequia
1496 1819 1559 1875 et
1604 1815 1911 1877 beneficia
1967 1819 2236 1898 {equalia
2282 1818 2357 1880 iis

824 1924 964 1984 quoe
994 1905 1355 1984 parentibus
1384 1907 1610 1980 debet;
1664 1927 1812 1988 ergo
1844 1911 2095 1972 donatio
2144 1913 2360 1972 subse-

825 2013 1024 2078 quens
1070 2017 1193 2059 non
1240 2000 1355 2061 erit
1394 2001 1645 2080 proprie
1696 2005 2232 2080 remuneratoria,
2281 2004 2358 2063 de

828 2112 953 2172 qua
979 2092 1334 2172 loquimur;
1371 2094 1547 2172 quia,
1595 2099 1663 2157 ut
1691 2095 1959 2157 diximus
1988 2097 2049 2158 d.
2086 2103 2235 2160 sect.
2271 2115 2353 2159 lx.

829 2185 910 2245 ad
940 2185 1060 2245 hoc
1088 2188 1158 2246 ut
1185 2204 1309 2247 non
1340 2187 1421 2248 sit
1466 2188 1719 2250 donatio
1763 2191 2038 2268 gratuita
2064 2192 2362 2271 simplici-

828 2282 945 2354 ter,
980 2279 1316 2358 requiritur
1344 2280 1513 2359 quod
1559 2283 1784 2344 merita
1813 2284 1891 2344 ob
1922 2303 2059 2363 quae
2098 2285 2201 2362 fit,
2236 2304 2359 2345 non

828 2371 1093 2432 fuissent
1119 2371 1327 2433 debita
1358 2392 1433 2433 ex
1453 2373 1728 2453 justitia,
1770 2376 1868 2435 vel
1900 2396 1974 2436 ex
2017 2377 2138 2438 alia
2167 2379 2364 2440 virtu-

827 2467 889 2526 te
925 2484 938 2525 ε
973 2464 1024 2525 si
1053 2484 1202 2544 ergo
1231 2467 1454 2528 merita
1482 2467 1591 2527 filii
1624 2473 1802 2530 erant
1831 2470 2072 2547 debita,
2108 2471 2361 2533 donatio

832 2558 1219 2637 subsequens
1264 2561 1541 2639 parentis
1570 2562 1688 2623 erit
1723 2581 1869 2622 vere
1915 2564 2209 2642 gratuita.
2246 2568 2365 2625 Re-

829 2652 1109 2730 spondeo
1133 2699 1148 2729 ,
1209 2653 1327 2714 hoc
1381 2661 1821 2733 argumentum
1879 2657 2186 2736 imprimis
2241 2677 2364 2719 non

830 2747 1170 2825 procedere
1202 2747 1279 2807 de
1310 2748 1462 2824 aviS,
1501 2754 1563 2810 et
1590 2751 1841 2828 proavis
1866 2797 1880 2825 ,
1931 2770 1965 2810 e
2006 2751 2234 2830 quibus
2288 2752 2363 2811 fi-

828 2840 947 2900 lius
976 2840 1128 2899 nihil
1169 2841 1408 2918 accepit
1453 2842 1573 2902 nisi
1616 2842 1885 2904 mediate
1935 2849 1996 2904 et
2043 2863 2157 2924 per
2204 2846 2368 2905 acci-

832 2933 1024 3005 dens;
1059 2933 1228 3011 quod
1258 2952 1381 2993 non
1411 2934 1633 2996 fundat
1653 2935 1934 2996 debitum
1970 2957 1982 2997 :
2027 2938 2366 2998 nihilenim

834 3025 1025 3084 debes
1061 3028 1273 3102 Petra,
1335 3026 1439 3105 qui
1485 3027 1658 3088 dedit
1701 3029 1896 3088 Paulo
1946 3033 2196 3090 centum
2227 3050 2366 3110 qua}

834 3120 1064 3178 Paulus
1102 3123 1319 3197 postea
1365 3119 1477 3179 tibi
1511 3119 1788 3182 donavit.
1839 3122 2075 3181 Deinde
2117 3122 2262 3185 licet
2305 3123 2369 3183 id

838 3211 1006 3291 quod
1034 3216 1325 3290 parentes
1355 3213 1664 3275 dederunt
1691 3214 1840 3291 filio,
1874 3216 2078 3295 majus
2109 3217 2189 3279 sit
2217 3219 2367 3279 inse

839 3323 1026 3384 quam
1057 3306 1351 3384 quoelibet
1375 3307 1677 3386 obsequia
1711 3308 1821 3369 filii
1864 3328 2014 3387 erga
2055 3310 2222 3388 ipsos
2257 3331 2269 3371 :
2305 3311 2368 3371 in

837 3398 1076 3459 ratione
1105 3401 1315 3459 tamen
1350 3400 1637 3460 beneficii
1665 3419 1788 3461 non
1819 3419 2067 3481 semper
2092 3402 2370 3481 aequiva-

838 3490 924 3551 let
953 3491 1024 3550 iis
1054 3510 1192 3569 quae
1223 3492 1385 3551 filius
1412 3492 1701 3572 rependIt
1730 3514 1744 3566 ;
1780 3494 1898 3555 hoc
1928 3495 2093 3554 enlm
2123 3515 2373 3556 mensu·

838 3587 1015 3644 ratur
1041 3584 1229 3644 etiam
1258 3603 1333 3645 ex
1373 3588 1599 3647 affectu
1647 3587 2083 3650 benefactoris.
2129 3591 2207 3650 Et
2235 3590 2373 3669 qui-

841 3677 984 3737 dem
1014 3681 1306 3756 parentes
1334 3679 1696 3758 frequenter
1725 3698 1848 3741 non
1880 3686 2187 3759 generant
2212 3682 2372 3743 filios

842 3788 965 3831 tam
997 3789 1072 3830 ex
1097 3771 1535 3832 benevolentia
1581 3791 1731 3850 erga
1759 3772 1925 3851 ipsos
1945 3819 1960 3849 ,
2016 3778 2077 3835 et
2107 3793 2182 3833 ex
2213 3775 2369 3834 affe-

841 3869 942 3924 ctu
974 3882 1123 3941 erga
1150 3865 1319 3943 ipsos
1348 3864 1506 3924 filios
1527 3911 1542 3941 ,
1586 3884 1774 3943 quam
1806 3865 1885 3925 ob
1912 3866 2237 3944 proprium
2265 3867 2374 3927 bo-

842 3975 1012 4033 num,
1046 3975 1272 4036 nempe
1285 3957 1384 4017 vel
1412 3962 1666 4036 propter
1682 3958 2163 4020 delectationem
2184 3978 2374 4039 quam

842 4050 1178 4128 aliquando
1209 4050 1407 4110 solam
1446 4051 1816 4125 intendunt;
1870 4057 1931 4113 et
1976 4053 2210 4113 vellent
2249 4071 2374 4114 non

843 4142 1017 4221 sequi
1047 4142 1516 4221 generationem
1546 4144 1760 4221 proliS,
1792 4145 1891 4204 vel
1922 4152 2090 4207 certe
2120 4146 2373 4207 familia}

844 4235 1382 4296 conservationem
1423 4239 1484 4296 ct
1529 4237 2011 4313 perpetuitatem
2041 4237 2140 4297 sui
2170 4238 2374 4297 nomi·

845 4328 940 4388 nis
970 4348 983 4389 :
1021 4346 1214 4407 quare
1244 4327 1453 4389 deficit
1481 4328 1746 4389 multum
1776 4328 2150 4389 beneficium
2189 4331 2254 4389 in
2283 4350 2380 4392 ra-

846 4421 1013 4483 tione
1043 4420 1350 4481 beneficii.
1385 4420 1598 4497 Adde,
1650 4421 2014 4481 decrescere
2046 4442 2117 4482 ex
2151 4423 2380 4484 minori

846 4513 1212 4575 difficultate
1262 4517 1324 4574 et
1370 4514 1769 4575 incommodo
1816 4533 1938 4594 quo
1988 4515 2148 4577 filios
2190 4535 2382 4595 gene-

846 4611 1009 4684 rant,
1044 4607 1151 4667 filii
1181 4610 1390 4667 autem
1420 4625 1563 4668 cum
1610 4608 1806 4669 multo
1854 4607 2076 4687 majori
2119 4609 2381 4669 difficul-

849 4704 973 4762 tate
994 4699 1092 4786 ·eis
1121 4699 1486 4761 inserviunt.
1531 4701 1708 4763 Unde
1755 4702 1854 4761 lex
1910 4702 2209 4763 naturalis
2257 4721 2381 4763 non

847 4793 1147 4872 obligavit
1173 4792 1332 4852 filios
1363 4794 1442 4852 ad
1490 4794 1847 4854 faciendum
1876 4813 1989 4873 pro
2019 4795 2383 4873 parentibus

848 4905 1031 4959 omne
1062 4886 1375 4964 possibile,
1410 4887 1520 4946 sed
1551 4888 1631 4946 ad
1661 4888 1983 4948 reddenda
2013 4893 2182 4950 certa
2211 4888 2386 4949 obse-

845 4980 993 5059 quia
1019 4979 1411 5055 communia,
1447 4982 1510 5039 ct
1538 4980 1618 5039 ad
1657 4980 2076 5041 obediendum
2102 4981 2163 5039 in
2196 4980 2386 5041 rebus

848 5074 1306 5134 communibus
1343 5073 1521 5146 Quod
1569 5078 1780 5134 autem
1827 5072 2092 5151 amplius
2121 5073 2379 5150 faciunt,

851 5166 982 5225 siue
1013 5166 1222 5227 debito
1253 5167 1510 5242 saclunt,
1543 5185 1684 5227 cum
1714 5166 2383 5228 satisfecissentdebito

849 5258 1096 5338 pietatis
1123 5306 1137 5335 ,
1196 5260 1248 5319 si
1291 5279 1365 5320 ea
1406 5260 1696 5320 fecissent
1738 5280 1877 5339 quae
1905 5260 2057 5320 boni
2096 5260 2208 5320 filii
2237 5278 2387 5338 erga

852 5356 1144 5428 parentes
1173 5353 1380 5412 facere
1406 5353 1659 5429 debent,
1688 5372 1804 5413 nec
1831 5353 2073 5414 dicetur
2096 5354 2261 5413 filius
2279 5353 2392 5413 im-

854 5445 1015 5522 piuS,
1055 5444 1144 5503 vel
1178 5445 1480 5523 ingratuS,
1516 5447 1618 5525 qui
1651 5447 1951 5524 obsequia
1972 5447 2390 5507 reverentiam

858 5541 918 5596 ct
947 5536 1369 5599 obedientiam
1396 5539 1761 5617 parentibus
1803 5540 2082 5601 debitam
2113 5539 2386 5615 exbibet,

1980 332 2080 391 DE
2122 331 2475 393 JUSTITIA
2519 333 2619 393 ΕΤ
2660 335 2857 395 JURE

2459 512 2743 591 quamvis
2773 514 2895 573 alia
2926 514 3460 593 extraordinaria,
3494 519 3559 578 et
3602 535 3802 595 supra
3850 516 3991 576 illud

2457 605 2736 666 debitum
2764 625 2888 666 non
2917 607 3106 668 faciat
3137 627 3150 667 :
3187 627 3378 686 quare
3420 609 3473 669 si
3514 609 3712 670 multo
3751 609 3994 688 majora

2455 697 2663 775 faciat,
2698 699 2886 760 datur
2930 701 3105 760 locus
3151 701 3419 779 propriae
3471 702 3989 778 remunerationi,

2456 792 2509 852 si
2536 796 2715 869 pater
2746 792 2802 852 ei
2834 793 3071 872 aliquid
3101 794 3426 872 rependat.

2534 886 2818 947 Dubitari
2847 890 3052 965 potest
3079 887 3313 965 primo,
3367 907 3446 948 an
3503 889 3555 948 si
3612 907 3840 949 omnes
3896 889 3993 948 filii

2456 979 2701 1055 magnis
2730 979 2850 1039 illis
2881 981 2942 1040 et
2990 980 3500 1040 extraordinariis
3526 981 3856 1061 obsequiis
3894 999 3997 1059 pa-

2458 1077 2620 1133 trem
2648 1072 2765 1133 sibi
2794 1072 3211 1151 obligassent,
3265 1074 3519 1135 donatio
3569 1075 3675 1134 uni
3710 1075 3847 1136 filio
3875 1095 3997 1154 prae

2457 1165 2698 1227 caeteris
2728 1165 2894 1226 facta
2923 1166 3192 1226 conferri
3224 1167 3503 1243 deberet,
3537 1168 3636 1227 vel
3667 1168 3886 1247 potius
3907 1168 3999 1247 ju·

2457 1258 2728 1318 dicanda
2764 1260 3296 1336 remuneratoria,
3330 1264 3393 1321 et
3421 1261 3781 1321 excusanda
3812 1280 3853 1320 a
3880 1261 4001 1321 col-

2455 1352 2732 1413 latione?
2764 1352 2911 1413 Mol.
2946 1352 3007 1413 d.
3045 1352 3204 1431 disp.
3233 1369 3470 1413 ccxmv.
3496 1353 3558 1413 in
3586 1354 3792 1433 princ.
3830 1353 3996 1427 dicit,

2455 1444 2722 1505 conferri
2754 1445 2984 1505 debere
3017 1465 3053 1504 a
3082 1446 3232 1521 filio,
3267 1465 3473 1525 neque
3506 1447 3568 1506 id
3599 1448 3725 1507 ulla
3756 1447 3998 1506 ratione

2456 1540 2565 1597 aut
2591 1538 2728 1616 lege
2758 1538 3005 1616 probat.
3067 1541 3219 1598 Cum
3250 1541 3459 1599 tamen
3500 1539 3563 1598 id
3608 1540 3871 1600 difficile
3898 1559 4003 1618 ap-

2456 1634 2675 1708 pareat
2698 1676 2713 1706 ,
2749 1631 2896 1709 quia
2925 1629 3095 1709 quod
3124 1635 3305 1708 pater
3332 1632 3614 1712 pluribus
3642 1633 3882 1693 debeat
3909 1651 3998 1691 re-

2456 1723 2954 1783 munerationem
2980 1770 2995 1800 ,
3044 1742 3168 1784 non
3214 1724 3377 1785 tollit
3421 1726 3590 1804 quod
3628 1726 3779 1786 huic
3811 1726 4001 1786 etiam

2457 1816 2686 1877 debeat
2724 1837 2738 1877 ε
2769 1816 2894 1877 imo
2926 1817 2978 1876 si
3008 1817 3297 1878 omnibus
3327 1818 3549 1892 debet;
3584 1838 3730 1897 ergo
3769 1824 3834 1880 et
3867 1818 4000 1878 huic

2458 1910 2667 1986 etiam,
2704 1910 2808 1989 qui
2839 1929 3001 1970 unus
3030 1929 3107 1970 ex
3136 1910 3255 1970 illis
3286 1914 3399 1987 est,
3430 1912 3617 1973 debet
3649 1932 3662 1972 :
3699 1931 3863 1990 ergo
3894 1913 3999 1970 do-

2459 2003 2626 2063 natio
2657 2002 2803 2062 huic
2829 2003 2996 2065 facta
3040 2003 3294 2082 proprie
3343 2007 3436 2065 cst
3480 2005 3998 2080 remuneratoria,

2459 2100 2521 2157 et
2547 2114 2658 2173 per
2687 2113 3077 2174 consequens
3101 2114 3224 2156 non
3248 2096 3646 2158 conferenda.
3683 2098 3894 2159 Credo
3923 2102 4003 2158 ta-

2459 2207 2640 2264 men,
2694 2189 3139 2249 conferendam
3171 2189 3509 2268 aliquando
3540 2210 3703 2267 esse,
3755 2195 3828 2252 et
3853 2191 4001 2251 ratio

2461 2301 2595 2345 esse
2628 2286 2851 2360 potest,
2890 2283 3037 2360 quia
3067 2282 3175 2360 qui
3198 2283 3482 2361 pluribus
3509 2283 3696 2344 debet
3717 2330 3732 2360 ,
3791 2290 3859 2346 et
3888 2303 4000 2343 non

2461 2378 2669 2454 potest
2697 2374 2987 2436 omnibus
3015 2374 3395 2452 satisfacere,
3418 2394 3543 2436 nou
3575 2376 3763 2438 debet
3792 2377 4004 2455 singu-

2460 2469 2534 2528 lis
2565 2469 2804 2547 integre
2837 2468 3101 2545 solvere,
3121 2467 3169 2528 si
3203 2487 3326 2529 non
3357 2468 3634 2530 habeant
3653 2469 3757 2548 jus
3790 2470 4003 2549 praela-

2462 2561 2649 2623 tionis
2672 2608 2687 2639 ,
2721 2561 2829 2622 sed
2860 2560 3139 2622 dividere
3169 2561 3543 2622 solutionem
3572 2563 3735 2622 intcr
3760 2581 3998 2636 omnm,

2464 2659 2527 2715 et
2554 2673 2668 2733 per
2698 2673 3091 2732 consequens
3120 2654 3222 2714 hic
3251 2658 3312 2715 ct
3340 2673 3527 2730 nunc,
3561 2657 3803 2715 attento
3837 2655 4004 2714 dese-

2466 2751 2569 2808 etu
2597 2747 2909 2808 facultatis
2928 2793 2943 2823 ,
2991 2764 3117 2806 non
3147 2747 3334 2808 debet
3361 2751 3606 2807 tantum
3636 2747 3784 2808 huic
3815 2766 4004 2826 quan-

2465 2845 2600 2902 tum
2630 2840 2684 2900 ei
2716 2840 3004 2915 deberet,
3051 2839 3101 2898 si
3132 2844 3296 2900 esset
3323 2839 3521 2916 solus,
3573 2840 3722 2920 quia
3751 2858 4004 2900 excusa-

2467 2937 2571 2995 tur
2598 2938 2856 3011 propter
2884 2950 3259 2993 concursum
3291 2932 3577 2993 aliorum.
3640 2932 3703 2994 Si
3753 2952 3908 3010 ergo
3952 2931 4003 2992 ei

2469 3027 2654 3087 solvit
2683 3026 2928 3086 omissis
2956 3025 3093 3086 aliis
3116 3071 3131 3102 ,
3184 3043 3309 3085 non
3356 3026 3541 3087 solvit
3586 3045 3659 3085 ex
3704 3025 3920 3086 debito
3950 3029 4006 3085 ct

2469 3119 2848 3198 obligatione
2893 3118 2948 3177 ei
2987 3118 3304 3194 solvendi,
3357 3118 3467 3177 sed
3515 3137 3588 3177 ex
3617 3119 3824 3198 gratia
3854 3119 4006 3179 etli-

2467 3212 2817 3274 beralitate.
2853 3214 3006 3273 Cum
3037 3231 3186 3290 ergo
3217 3215 3394 3290 pater
3422 3215 3570 3272 tunc
3589 3230 3765 3291 aeque
3782 3212 4004 3272 debeat

2473 3306 2761 3367 omnibus
2810 3305 2983 3382 filiis,
3034 3324 3158 3366 non
3188 3308 3478 3365 censetur
3506 3308 3748 3366 tantuin
3778 3305 4004 3365 debere

2470 3400 2645 3475 huic,
2679 3402 2980 3479 quantum
3009 3399 3061 3458 si
3090 3397 3145 3458 ei
3175 3398 3289 3458 seli
3319 3398 3612 3475 deberet,
3645 3402 3837 3478 atque
3870 3398 4003 3458 ideo

2469 3493 2522 3553 si
2550 3492 2607 3552 ei
2658 3492 2770 3553 soli
2818 3492 3010 3552 donat
3037 3536 3051 3566 ,
3105 3509 3248 3551 cum
3295 3490 3661 3569 praejudicio
3710 3491 3997 3564 aliorum,

2471 3605 2595 3647 non
2625 3584 2809 3645 solvit
2836 3603 2912 3644 ex
2942 3583 3187 3660 debito,
3236 3602 3439 3663 neque
3484 3602 3559 3642 ex
3602 3584 4000 3663 obligatione,

2471 3679 2580 3739 sed
2610 3697 2681 3737 ex
2712 3677 2915 3757 gratia
2944 3681 3005 3738 et
3034 3677 3473 3738 benevolentia
3502 3677 3776 3756 speciali.

2553 3772 2690 3832 Dixi
2718 3775 2960 3845 tamen,
2993 3768 3307 3850 aliquando
3330 3816 3345 3846 ,
3381 3770 3651 3830 conferri
3679 3770 3912 3831 debere
3942 3770 4006 3829 il-

2471 3866 2600 3925 lam
2626 3863 3062 3924 donationem:
3087 3862 3423 3940 aliquando
3456 3863 3622 3922 enim
3653 3882 3777 3923 non
3798 3864 4002 3935 debet,

2480 3957 2731 4038 quando
2762 3954 2996 4016 scilicet
3022 3955 3137 4015 fuit
3164 3955 3296 4015 sine
3326 3955 3687 4033 praejudicio
3706 3956 3832 4015 ullo
3866 3956 4008 4015 alio-

2474 4069 2615 4111 rum
2663 4050 2957 4108 filiorum.
3019 4050 3232 4109 Potest
3277 4052 3487 4108 autem
3531 4047 3684 4108 illud
3714 4047 4005 4127 praejudi-

2476 4144 2640 4204 cium
2669 4141 2998 4220 dupliciter
3032 4140 3417 4219 contingere.
3478 4141 3719 4216 Primo,
3753 4141 3800 4199 si
3836 4160 3912 4201 ea
3938 4140 4007 4199 de

2477 4255 2663 4298 causa
2718 4233 2998 4312 legitima
3041 4232 3308 4293 aliorum
3354 4232 3627 4293 filiorum
3673 4233 4004 4306 minuatur,

2479 4334 2541 4391 ct
2567 4336 2716 4392 tunc
2759 4327 3012 4388 omnino
3054 4326 3243 4387 debet
3270 4326 3540 4387 conferri
3568 4326 3846 4388 donatio.
3909 4329 4008 4388 Se-

2482 4422 2685 4484 cundo
2717 4421 2768 4480 si
2795 4420 3077 4498 legitima
3105 4438 3227 4480 non
3259 4419 3600 4497 minuatur,
3634 4420 3782 4499 quia
3807 4420 3889 4479 de
3919 4420 4005 4493 iis,

2482 4517 2557 4576 de
2597 4514 2825 4594 quibus
2879 4516 3060 4591 pater
3110 4515 3356 4590 poterat
3411 4512 3604 4572 libere
3660 4512 4006 4590 disponere,

2485 4608 2674 4669 etiam
2704 4607 2766 4666 in
2795 4611 2997 4666 morte
3017 4651 3032 4681 ,
3082 4606 3153 4665 fit
3176 4604 3318 4666 talis
3348 4604 3603 4666 donatio
3624 4651 3639 4681 ‚
3693 4605 3781 4665 ita
3808 4611 4010 4665 tamen

2483 4706 2702 4763 utnon
2732 4699 2973 4779 possint
3018 4698 3122 4759 alii
3168 4698 3279 4757 filii
3327 4715 3503 4777 aeque
3541 4699 3915 4758 benemeriti
3942 4697 4010 4755 de

2483 4798 2740 4874 parente
2788 4792 3093 4871 {equalem
3137 4791 3542 4852 donationem
3572 4797 3634 4852 et
3660 4808 4014 4850 remunera·

2482 4887 2718 4949 tionem
2765 4885 2996 4945 habere
3018 4931 3033 4960 ,
3087 4884 3232 4962 quia
3263 4882 3547 4943 deductis
3576 4882 3870 4961 legitimis
3899 4900 4011 4942 non

2483 4983 2676 5040 restat
2701 4978 2944 5057 parenti
2974 4980 3237 5051 tantum,
3265 4978 3570 5054 quantum
3599 4976 3917 5036 sufficeret
3941 4972 4013 5034 ad

2485 5091 2702 5135 omnes
2729 5070 3222 5132 remunerandos
3251 5068 3586 5128 donatione
3615 5068 3839 5148 aequali
3891 5088 3903 5128 :
3960 5070 4014 5126 et

2486 5171 2636 5228 tunc
2669 5166 2720 5225 si
2748 5169 2927 5244 pater
2954 5164 3105 5224 velit
3132 5180 3328 5223 unum
3358 5161 3560 5221 solum
3589 5179 4008 5232 remunerare,

2488 5265 2550 5322 et
2579 5259 2746 5338 quod
2778 5257 3030 5318 donatio
3063 5275 3188 5317 non
3219 5254 3597 5331 conferatur,
3621 5258 3824 5332 potest
3850 5255 3915 5313 in
3943 5253 4016 5312 ri·

2488 5372 2639 5432 gere
2674 5351 2826 5411 illud
2865 5352 3069 5411 facere
3098 5397 3112 5426 ,
3173 5349 3321 5429 quia
3366 5348 3790 5408 remuneratio
3831 5347 4015 5406 libera

2490 5450 2585 5506 cst
2639 5450 2701 5506 et
2753 5448 2961 5524 potest
3016 5445 3239 5507 omitti.
3299 5445 3366 5503 In
3425 5441 3615 5501 dubio
3672 5446 3909 5513 tamen,
3964 5444 4015 5498 ct

2492 5538 2741 5617 quando
2774 5556 2847 5597 ca
2875 5537 3164 5598 voluntas
3211 5555 3336 5595 non
3384 5536 3658 5609 constat,
3711 5539 4010 5605 censetur,

4103 901 4137 956 Ξ

4073 1025 4136 1074 ΩΑ

4055 1090 4136 1118 Q

4037 1131 4090 1170 5321
4102 1131 4136 1170 inl

4051 1193 4137 1224 m

4085 1247 4137 1289 fas
