4263 6376
898 220 1016 279 446
2055 212 2158 275 DE
2199 212 2550 275 JUS'rl'rlA
2598 213 2697 275 ΕΤ
2738 214 2938 276 JURE

2526 392 2730 454 soluto
2760 392 2995 455 habeat
3025 413 3038 454 ε
3071 393 3240 454 idem
3269 411 3420 473 ergo
3450 393 3518 453 in
3545 392 3853 455 fructibus
3873 395 4015 456 teilo-

2526 491 2681 547 catae
2726 486 3063 547 dicendum
3111 486 3252 548 erit.
3283 487 3512 547 Verius
3563 491 3780 548 tamen
3821 487 4014 549 videtur

2527 579 2762 640 fructus
2819 579 3029 641 statim
3074 598 3151 640 ac
3196 581 3470 659 separati
3520 584 3671 640 sunt
3715 597 3754 638 a
3798 581 4010 657 praedio‚

2528 672 2792 732 transire
2839 671 2903 731 in
2947 672 3296 732 dominium
3343 672 3800 748 conductoriS,
3831 680 4013 736 uteum

1381 728 1424 812 S
1455 730 1502 813 E
1533 730 1580 813 C
1610 729 1661 812 Τ
1693 730 1722 810 ¹
1749 728 1804 811 0
1869 727 1953 815 ¹¹·
2525 764 2758 824 Alvaro
2789 765 3050 825 Valasco
3080 764 3309 843 probat
3336 765 3484 826 Mol.
3528 764 3617 826 ibi
3647 785 3715 826 n.
3747 770 3808 825 4.
3838 771 3894 825 et
3913 785 4014 845 pro-

2526 856 2712 917 batur
2739 856 2963 935 primo,
2998 857 3144 936 quia
3176 857 3344 936 quod
3372 876 3475 918 res
3503 858 3768 918 vendita
3794 862 3857 918 et
3878 860 4013 919 tmdi-

2526 952 2591 1009 ta
2620 967 2743 1010 non
2772 954 3050 1011 transeat
3075 949 3139 1009 in
3178 950 3532 1010 dominium
3576 951 3908 1029 emptoris„
3940 972 4014 1031 pe-

892 1035 984 1098 De
1023 1036 1301 1118 pensione
1352 1034 1681 1111 locationi-3,
1726 1031 1959 1114 quando
2010 1031 2318 1109 soevenda,
2375 1040 2430 1091 et
2527 1042 2762 1102 culiare
2794 1048 2888 1103 est
2917 1042 2979 1102 in
3008 1042 3369 1104 venditione
3398 1089 3413 1119 ‚
3466 1061 3584 1103 nec
3614 1042 3810 1102 debet
3836 1044 4011 1104 decisio

973 1140 1205 1226 quando
1232 1140 1483 1217 remitti,
1513 1140 1605 1200 vel
1641 1138 1891 1200 diminui
1918 1136 2119 1199 debeat
2141 1185 2156 1216 ,
2204 1138 2296 1200 vel
2318 1157 2425 1198 au·
2526 1135 2632 1194 illa
2650 1134 2813 1212 Juris
2840 1133 3038 1194 civilis
3083 1134 3334 1195 extendi
3375 1135 3456 1195 ad
3496 1134 3655 1195 alios
3683 1139 4011 1209 contractus,

972 1250 1120 1331 9374·
2527 1245 2669 1289 cum
2699 1245 2821 1287 non
2854 1226 2935 1288 sit
2978 1226 3055 1286 de
3100 1231 3324 1287 natura
3364 1231 3735 1288 contractus
3759 1274 3776 1303 ‚
3833 1229 3925 1288 sed
3960 1248 4011 1288 ex

2526 1319 2657 1379 solo
2681 1317 2824 1398 jure
2854 1317 3142 1396 positim.
3178 1319 3492 1395 Secundo,
3519 1320 3673 1398 quia
3694 1320 3761 1379 in
3783 1320 3825 1380 Ι.
3845 1320 4014 1400 Infru-

2522 1410 2725 1487 ctibus,
2750 1412 2814 1486 ff,
2849 1410 2907 1469 in
2935 1409 3144 1490 quibus
3172 1412 3360 1471 causis
3381 1412 3621 1492 piynus,
3669 1411 3764 1472 vel
3785 1411 4013 1493 hypothe-

647 1516 724 1576 25
978 1504 1154 1579 Quod
1173 1502 1393 1565 attinet
1411 1500 1487 1563 ad
1512 1497 1805 1578 primum,
1828 1496 2042 1576 pensio
2061 1493 2215 1556 solvi
2239 1493 2427 1554 debet
2521 1520 2589 1561 ca
2606 1520 2634 1576 ‚·
2659 1502 2895 1562 {ructus
2925 1502 3145 1580 praedii
3170 1503 3386 1564 rustici
3414 1503 3743 1564 naturales
3773 1505 4013 1567 dicuntur

583 1655 639 1685 Μ
897 1618 969 1661 eo
1000 1602 1281 1675 tempore
1312 1612 1434 1674 quo
1467 1595 1844 1653 conventum
1869 1589 2056 1650 fuerit
2091 1588 2253 1649 inter
2281 1605 2425 1647 con-
2519 1612 2653 1655 esse
2685 1594 2866 1655 tacite
2900 1594 3303 1673 hypothecati
3335 1614 3447 1673 pro
3479 1596 3792 1675 pensione
3818 1600 4011 1659 solven-

562 1696 829 1750 P⁶¹¹⁸³0⁸⁰¹v¹
891 1690 1212 1754 trahentes
1244 1708 1257 1750 ε
1290 1687 1342 1747 si
1370 1690 1579 1747 autem
1611 1683 1765 1743 nihil
1794 1685 2175 1743 conventum
2209 1679 2418 1754 fuerit,
2522 1686 2605 1748 da
2626 1691 2688 1749 et
2716 1704 2851 1746 esse
2880 1686 3107 1764 pignus
3132 1687 3299 1748 illius
3333 1707 3347 1747 :
3381 1706 3534 1766 ergo
3567 1707 3696 1749 non
3727 1691 4014 1752 suntlom·

893 1784 1184 1847 standum
1232 1784 1326 1841 est
1367 1775 1801 1840 consuetudini
1831 1774 1988 1851 loci,
2022 1791 2162 1853 quae
2192 1771 2423 1832 alicubi
2518 1780 2708 1852 toris;
2742 1797 2926 1840 nemo
2987 1779 3155 1839 enim
3209 1781 3500 1860 accipere
3555 1787 3772 1859 potest
3815 1783 4010 1862 proprie

889 1896 1025 1940 esse
1052 1876 1241 1951 solet,
1277 1878 1345 1934 ut
1370 1890 1483 1951 per
1524 1874 1734 1950 partes
1761 1869 2041 1929 solvatur
2070 1885 2295 1944 nempe
2325 1865 2421 1924 di-
2519 1891 2631 1951 pro
2661 1872 2922 1951 pignore
2954 1890 3088 1932 rem
3130 1891 3332 1934 suam.
3365 1874 3490 1935 Ubi
3531 1878 3683 1935 nota
3709 1920 3725 1950 ,
3777 1876 3910 1937 licet
3939 1895 4012 1937 res

888 1970 1153 2031 midium
1180 1970 1323 2047 post
1348 1968 1644 2024 semestre
1667 2007 1683 2038 ,
1730 1964 1793 2022 et
1832 1960 2164 2020 dimidium
2194 1959 2255 2017 in
2296 1959 2420 2018 fine
2516 1965 2771 2026 vendita
2795 1964 3042 2027 dicatur
3085 1966 3276 2026 etiam
3323 1967 3584 2027 retineri
3628 1986 3669 2027 a
3699 1969 4007 2043 venditore,

888 2063 1078 2136 anni;
1108 2058 1254 2121 alibi
1286 2061 1356 2118 ut
1374 2056 1561 2118 tertia
1589 2072 1733 2133 pars
1761 2054 2037 2113 solvatur
2065 2056 2208 2130 post
2226 2050 2421 2130 quod·
2517 2057 3134 2139 quasiinpignuspro
3151 2063 3326 2137 parte
3340 2059 4009 2136 pretiinondumsolnta‚

889 2156 1044 2217 libet
1071 2152 1547 2234 quadrimestre.
1584 2149 1651 2208 In
1699 2145 1887 2206 dubio
1918 2150 2129 2206 autem
2159 2143 2419 2205 intentio
2516 2152 2579 2211 in
2599 2151 2642 2211 l.
2663 2150 2956 2223 Julianus,
2979 2150 3034 2228 ἓ.
3062 2150 3302 2230 Offern',
3326 2154 3388 2212 ff.
3409 2150 3707 2213 deoc-hon.
3736 2163 3900 2234 empt.
3920 2172 4012 2214 non

890 2248 1141 2309 videtur
1181 2261 1315 2305 esse
1338 2289 1353 2318 ,
1389 2245 1471 2301 ut
1505 2240 1568 2299 in
1606 2240 1729 2300 fine
1775 2239 1995 2300 saltem
2026 2237 2173 2297 anni
2205 2237 2419 2314 pensio
2517 2248 2727 2306 tamen
2772 2242 2896 2304 dici
2941 2260 3077 2304 esse
3129 2243 3359 2322 pignus
3394 2265 3409 2304 ;
3441 2244 3686 2307 fructus
3714 2251 3917 2307 autem
3938 2246 4012 2315 (liz

889 2341 1202 2414 solvatur,
1235 2336 1286 2396 si
1333 2334 1413 2394 ad
1460 2351 1693 2394 annum
1731 2330 1956 2391 locatio
2004 2332 2146 2406 fiat,
2198 2329 2294 2389 vel
2339 2330 2418 2389 ad
2518 2340 2746 2397 cuntur
2773 2336 3139 2415 simpliciter
3167 2337 3394 2415 pignus
3424 2355 3539 2415 pro
3560 2339 3861 2415 pensione
3886 2340 4014 2399 loca-

886 2432 1136 2512 longius
1154 2435 1402 2507 tempus
1435 2444 1450 2490 ε
1483 2425 1900 2506 quandovero
1920 2422 2292 2484 conducitur
2306 2440 2419 2501 pro
2515 2428 2724 2490 tionis,
2755 2428 3052 2499 Quamvis
3080 2434 3293 2488 autem
3320 2428 3385 2488 in
3414 2427 3584 2490 dicto
3610 2430 3666 2509 §-
3700 2429 3925 2507 Locatu,
3948 2431 4015 2491 ‹li-

887 2530 1169 2605 tempore
1199 2519 1500 2595 breviori,
1534 2518 1598 2578 in
1626 2518 1749 2578 fine
1777 2516 1941 2575 illius
1970 2515 2270 2593 temporis
2299 2514 2422 2575 sol-
2519 2525 2698 2583 catur
2727 2521 2988 2582 concedi
3018 2521 3279 2582 locatori
3307 2522 3625 2584 actionem
3643 2524 3818 2599 furti,
3832 2525 3877 2584 si
3891 2526 4014 2585 clam

887 2617 1164 2680 vendum
1207 2618 1347 2677 est:
1382 2630 1526 2672 nam
1573 2614 1820 2688 emptor
1865 2625 1989 2668 non
2037 2608 2228 2668 debet
2278 2626 2422 2686 pre·
2517 2614 2651 2692 ipso
2681 2613 2875 2674 invito
2903 2613 3142 2675 fructus
3171 2619 3347 2675 extra
3395 2616 3706 2694 praedium
3736 2624 4014 2695 asporten-

887 2712 1046 2772 tium
1074 2709 1336 2779 solvere,
1374 2703 1489 2765 nisi
1519 2702 1751 2764 tradita
1780 2701 1833 2761 ei
1864 2705 1995 2761 tota
2024 2719 2091 2760 re
2119 2700 2415 2773 vendita;
2519 2711 2621 2768 tur
2649 2711 2794 2767 ante
2820 2705 3089 2767 solutam
3120 2707 3514 2785 pensionem,
3535 2727 3662 2769 non
3681 2709 3829 2769 inde
3850 2710 4015 2787 argui·

888 2803 1123 2865 fructus
1154 2804 1359 2861 autem
1391 2796 1491 2857 vel
1522 2814 1666 2856 usus
1702 2794 1794 2854 rei
1837 2793 2058 2854 locatae
2102 2811 2226 2853 non
2256 2792 2422 2853 acci-
2517 2803 2620 2859 tur
2648 2799 2854 2876 ipsum
2882 2798 3072 2859 fuisse
3092 2799 3422 2859 dominum
3441 2800 3808 2875 fructuum;
3838 2802 4013 2863 namsi

889 2896 1078 2977 pitur‚
1110 2893 1229 2954 nisi
1257 2893 1319 2951 in
1340 2891 1463 2951 fine
1480 2888 1781 2966 temporis
1801 2886 2419 2965 designati:quando
2518 2891 2810 2952 creditori
2877 2889 3106 2970 pignus
3171 2891 3334 2951 clam
3391 2891 3755 2969 auferatur,
3825 2896 4013 2955 furtum

884 2993 1095 3050 autem
1124 2987 1186 3045 in
1215 2984 1425 3064 plures
1466 2999 1665 3043 annos
1683 2979 1911 3041 locatio
1941 2980 2030 3055 fit,
2083 2984 2420 3041 censentur
2517 2983 2706 3045 etiam
2734 2983 3165 3060 committitur,
3206 2988 3275 3044 ut
3316 2983 3591 3045 diximus
3627 3005 3820 3065 supra
3858 2986 4013 3065 expli·

890 3099 1025 3142 esse
1053 3079 1264 3158 plures
1290 3074 1632 3137 locationes
1661 3072 1922 3151 singulae
1951 3071 2031 3131 ad
2060 3090 2318 3147 annum,
2345 3090 2419 3131 ex
2517 3075 2718 3137 cando
2749 3075 3176 3136 definitionem
3204 3075 3375 3152 furti,
3410 3082 3476 3137 et
3513 3083 3762 3141 constat
3787 3098 3860 3140 ex
3882 3080 4010 3142 Lm.

886 3174 931 3237 l.
963 3172 1135 3236 Scire
1167 3167 1450 3245 debemus,
1485 3170 1546 3228 et
1580 3185 1655 3227 ex
1682 3164 1724 3227 1.
1756 3163 2059 3242 Pluribus,
2092 3164 2159 3226 ff.
2193 3164 2264 3225 de
2289 3183 2421 3226 ver-
2519 3170 2583 3231 ff.
2614 3166 2686 3228 de
2698 3168 2869 3249 piyn.
2902 3176 3017 3229 oct.

890 3266 1093 3328 borum
1122 3262 1362 3343 obliyat.
1385 3266 1618 3323 etcum
1637 3259 1775 3320 aliis
1797 3258 1980 3319 docet
1998 3257 2232 3319 Molina
2252 3258 2412 3338 disp.
2597 3261 2776 3335 Quod
2806 3262 2888 3321 ad
2918 3261 3268 3322 secuudum
3296 3264 3542 3338 attinet,
3578 3265 3834 3343 quando
3852 3264 4018 3326 reslo-
4105 3275 4143 3331 Ξ]

885 3364 1025 3423 497.
1058 3378 1166 3419 nu.
1202 3360 1258 3418 1.
1292 3356 1343 3416 si
1372 3360 1580 3416 tamen
1623 3351 1849 3413 locatio
1878 3352 2058 3413 fieret
2095 3370 2210 3431 pro
2248 3358 2417 3414 certa
2518 3361 2659 3416 cata
2687 3353 2922 3414 inutilis
2965 3354 3255 3414 redditur
3285 3355 3365 3414 ad
3396 3375 3583 3416 usum
3628 3357 4012 3430 conductoris
4048 3395 4143 3443 ,d

884 3454 1185 3536 pensione
1223 3447 1484 3526 singulis
1537 3445 1893 3520 mensibu5‚
1930 3443 2254 3503 crederem
2285 3461 2419 3504 esse
2518 3447 2734 3525 regula
2787 3447 3099 3524 generalis
3144 3452 3258 3522 est,
3304 3448 3559 3526 quando
3604 3468 3757 3510 casu
3803 3451 4016 3511 fortuito
4050 3453 4143 3549 ἱππ

884 3548 1096 3628 plures
1121 3541 1465 3606 locationes
1508 3556 1621 3619 pro
1654 3553 1916 3597 numero
1945 3535 2255 3596 mensium
2279 3582 2294 3613 ,
2329 3541 2417 3597 at-
2517 3540 2702 3619 perit,
2735 3544 2846 3600 aut
2872 3539 3156 3601 aufertur
3183 3558 3257 3599 ex
3286 3544 3598 3617 potestate
3625 3542 4014 3612 conductoris
4068 3541 4143 3600 aa*

885 3659 1008 3721 que
1062 3638 1205 3698 ideo
1251 3634 1313 3694 in
1356 3634 1479 3694 fine
1533 3629 1867 3710 cujuslibet
1916 3628 2151 3689 mensis
2202 3628 2420 3690 deberi
2518 3632 2650 3693 sine
2680 3631 2866 3710 culpa
2893 3631 3087 3710 ipsius
3113 3631 3215 3691 vel
3242 3632 3558 3709 locator-is,
3584 3635 3738 3713 quia
3759 3632 4019 3695 neuterid
4050 3615 4143 3668 Μ

884 3731 1251 3811 pensionem
1278 3729 1684 3796 menstruam,
1723 3723 1913 3802 prout
1937 3721 2073 3782 fieri
2091 3720 2255 3782 solet
2274 3738 2418 3781 cum
2517 3724 2823 3803 impedire
2853 3725 3093 3802 potuit;
3125 3725 3470 3785 locatorem
3498 3726 3581 3786 ad
3602 3727 3761 3787 nihil
3787 3728 4021 3787 aliudte·

884 3823 1154 3886 famulis.
1203 3818 1481 3898 Denique
1528 3815 1577 3876 si
1624 3815 1840 3894 pensio
1883 3813 2184 3874 solvenda
2229 3813 2309 3874 sit
2344 3832 2420 3874 ex
2519 3818 2675 3894 neri,
2732 3817 2849 3877 nisi
2904 3817 2986 3877 ad
3039 3817 3481 3879 remittendam
3528 3821 3894 3897 pensionem
3933 3838 4020 3899 pro

884 3915 1188 3977 fructibus
1215 3911 1389 3973 fundi
1418 3908 1647 3983 locati,
1696 3906 1958 3969 intentio
1988 3906 2240 3967 videtur
2283 3924 2419 3966 esse
2518 3915 2656 3972 rata
2683 3911 2987 3988 temporis
3010 3956 3026 3986 ,
3061 3928 3184 3988 quo
3231 3910 3323 3970 rei
3353 3930 3502 3971 usus
3546 3912 3885 3990 impeditus
3909 3913 4017 3972 fuit.
4141 3941 4142 3984 1

886 4015 957 4071 ut
980 4008 1258 4070 solvatur
1283 4007 1423 4083 post
1449 4002 1685 4063 fructus
1713 4000 2028 4076 collectOS,
2062 4003 2126 4059 et
2154 4017 2277 4060 non
2309 4018 2420 4059 an·
2520 4002 2696 4076 Quod
2725 4003 3113 4080 intelligitur,
3147 4002 3404 4080 quando
3432 4005 3950 4083 impedImentum
3969 4024 4023 4065 se

884 4107 1011 4179 tea,
1043 4105 1114 4162 ut
1139 4097 1451 4175 colligitur
1495 4113 1568 4154 ex
1611 4092 1653 4155 l.
1702 4091 1968 4168 hir-mio,
2019 4092 2075 4171 ἓ.
2113 4091 2314 4153 ultim.
2350 4094 2413 4153 ff.
2517 4098 2690 4159 tenet
2717 4112 2794 4155 ex
2821 4099 2998 4173 parte
3028 4095 3223 4172 ipsius
3255 4094 3345 4155 rei
3373 4097 3636 4171 locatae3
3685 4100 3926 4160 sienim
3953 4107 4024 4159 te-

886 4191 1117 4276 quando
1145 4189 1264 4250 dies
1293 4183 1671 4267 leyoticedot.
1709 4184 1770 4246 Si
1792 4202 1941 4244 vero
1963 4184 2205 4245 locator
2231 4188 2420 4263 neget
2517 4192 2696 4249 neret
2739 4206 2806 4249 se
2855 4206 2929 4248 ex
2967 4192 3142 4265 parte
3189 4188 3631 4268 conductor-ie,
3663 4193 3778 4271 qui
3805 4199 4023 4271 propter

885 4307 952 4350 se
982 4283 1296 4363 accepisse
1325 4280 1693 4360 pensioneS,
1746 4282 1806 4338 et
1835 4275 2182 4337 conductor
2209 4282 2417 4339 osten·
2518 4279 2830 4357 morbum,
2864 4300 2923 4342 v.
2957 4299 3021 4359 g.
3055 4279 3155 4340 vel
3202 4281 3374 4342 aliud
3417 4302 3604 4344 suum
3643 4285 4023 4365 impedimen·

887 4381 995 4443 dat
1034 4377 1367 4440 schedulas
1413 4374 1491 4434 de
1539 4371 1952 4434 solutionibus
1997 4370 2176 4432 factis
2222 4371 2420 4432 tribus
2515 4376 2673 4448 tum,
2706 4390 2830 4434 non
2859 4373 3064 4452 potuit
3088 4373 3175 4435 uti
3205 4374 3527 4452 relocata,
3561 4396 3686 4438 non
3703 4380 3853 4439 ideo
3867 4395 4024 4439 excu-

884 4471 1186 4555 proximis
1203 4468 1402 4543 anniS,
1422 4464 2065 4546 praesumitursolutas
2082 4463 2270 4524 tuisse
2282 4464 2419 4525 aliis
2517 4471 2691 4528 satur
2719 4484 2755 4525 a
2782 4465 3086 4526 solvenda
3114 4466 3414 4544 pensione
3436 4514 3454 4545 ,
3506 4473 3578 4530 ut
3600 4471 3653 4530 si
3692 4472 4022 4548 operarium

884 4566 1067 4629 annis
1096 4560 1630 4644 praecedentibus,
1673 4576 1749 4618 ex
1776 4557 1898 4637 leg.
1937 4556 2312 4639 Quicumque,
2346 4560 2413 4620 C.
2518 4557 2905 4620 conduxitad
2922 4559 3359 4638 laborandum,
3375 4564 3439 4623 et
3453 4565 4022 4639 posteaadveniente

884 4659 957 4722 de
981 4656 1216 4742 apochis
1232 4654 1457 4737 public,
1491 4653 1599 4714 lib.
1633 4667 1693 4712 x.
2519 4651 2634 4712 sibi
2665 4651 3139 4728 impedimentO,
3165 4670 3289 4713 non
3318 4656 3522 4733 potuit
3547 4657 3651 4716 illa
3672 4657 3778 4716 die
3808 4659 4022 4719 mitten⁵

640 4772 719 4831 26
967 4750 1240 4815 Dubium
1269 4765 1402 4808 esse
1433 4748 1663 4824 potest,
1705 4763 1786 4803 an
1814 4744 2051 4804 fructus
2079 4742 2299 4821 praedii
2329 4742 2421 4804 lo-
2518 4745 2838 4824 operarios
2867 4744 2946 4805 ad
2975 4745 3223 4805 vineam
3244 4746 3595 4822 colendam,
3622 4755 3688 4810 ut
3716 4755 4022 4812 constater

557 4897 591 4939 F
795 4896 806 4907 .
887 4846 1012 4908 cati
1038 4845 1193 4905 fiant
1221 4837 1642 4914 conductoriS,
1674 4841 2016 4915 antequam
2053 4835 2419 4914 pensionem
2516 4838 2640 4916 leg.
2674 4835 2798 4898 Sed
2819 4835 3016 4914 addes,
3047 4839 3103 4917 §.
3140 4837 3292 4900 Cum
3319 4839 3581 4920 quitiam,
3616 4848 3677 4903 et
3705 4843 3750 4903 Ι.
3790 4841 4025 4922 Οωόμ·

543 4901 835 4992 eoffi‘eut'aemin
889 4936 1134 5000 solvat?
1163 4934 1377 4996 Glossa
1405 4932 1466 4992 in
1497 4931 1540 4994 l.
1566 4930 1642 4992 Si
1654 4948 1853 4991 servus
1872 4928 2209 5005 communis,
2228 4928 2283 5006 ἓ.
2304 4926 2422 4988 Lo-
2518 4949 2639 5006 ras,
2672 4931 2732 4991 ff.
2766 4930 2961 4992 locati.
2995 4932 3154 4992 Hinc

535 5003 839 5099 “iiliaffi‘ss‘
890 5032 1038 5108 cavi,
1068 5028 1260 5091 verbo
1286 5073 1302 5103 ,
1350 5026 1580 5106 facere,
1613 5025 1678 5085 ff.
1710 5021 1781 5083 de
1805 5022 2011 5102 furtis,
2043 5021 2330 5082 Bartolus
2360 5023 2424 5082 et
2599 5023 2870 5084 Infertur
2896 5024 3098 5101 primo
3127 5071 3143 5101 ,
3193 5024 3246 5085 si
3293 5025 3518 5086 domus
3562 5026 3772 5089 locata
3800 5033 4026 5107 propter

568 5111 822 5218 pssssssffi,
890 5125 993 5186 alii
1022 5140 1178 5203 quos
1223 5120 1414 5180 refert
1458 5117 1691 5179 Molina
1738 5115 1886 5177 dict.
1937 5115 2097 5193 disp.
2143 5118 2281 5175 497.
2318 5132 2423 5174 ne·
2520 5115 2794 5177 hostium
2844 5115 3298 5196 irruptionem,
3358 5125 3612 5197 propter
3659 5119 4019 5190 incendium,

888 5222 1062 5299 gant.
1096 5212 1481 5291 Probarique
1526 5213 1731 5290 potest
1772 5209 2054 5287 exemplo
2085 5207 2174 5269 rei
2203 5208 2424 5268 vendi-
2521 5213 2778 5288 propter
2816 5209 3064 5270 ruinam
3109 5230 3299 5288 quam
3343 5211 3634 5288 minatur,
3683 5215 3790 5273 vel
3833 5216 3968 5293 quia
3993 5231 4024 5271 ι

888 5319 993 5389 tae,
1028 5327 1168 5390 quae
1192 5324 1318 5368 non
1358 5305 1581 5367 transit
1624 5304 1687 5364 in
1734 5302 2082 5363 dominium
2122 5301 2422 5380 emptoris
2520 5302 2809 5381 malignis
2838 5302 3154 5381 spiritibus
3181 5303 3527 5380 infestatur,
3561 5306 3654 5364 vel
3701 5307 3936 5387 aliquid
3959 5305 4026 5367 ni·

892 5406 1091 5468 donec
1119 5399 1388 5481 pretium
1416 5397 1497 5459 sit
1523 5397 1826 5473 solutum,
1860 5395 1960 5457 vel
1988 5394 2277 5456 venditor
2303 5411 2420 5474 pro
2518 5395 2688 5472 mile,
2722 5395 2995 5456 habituri
3023 5413 3147 5457 non
3175 5396 3392 5475 possit,
3418 5397 3693 5458 excusari
3711 5401 4026 5461 conducto-
