4263 6376
1154 367 1624 429 DISPUTATIO
1670 368 1887 443 XXXI,
1937 368 2212 431 Sssc'rlo
2256 370 2358 430 lv,

176 544 310 606 dub.
366 546 425 605 3.
470 541 683 605 etalii
723 560 962 604 01111135.
1023 541 1352 617 Probatur,
1412 543 1561 621 qnia
1613 542 1693 603 de

174 638 295 718 jure
322 640 559 699 naturae
590 654 713 696 non
742 638 992 696 tenetur
1042 636 1292 697 lucrans
1337 636 1688 713 restituere,

176 749 304 794 cum
329 729 510 790 ludus
529 727 614 789 de
641 746 705 790 se
734 727 815 790 sit
843 733 1200 791 contractus
1220 728 1427 808 justus
1469 733 1533 789 et
1565 727 1695 789 lici-

174 829 282 898 tus,
338 822 413 883 de
450 820 598 899 jure
638 820 827 882 etiam
870 820 1189 882 communi
1242 839 1368 882 non
1424 825 1518 884 est
1551 821 1693 882 talis

176 915 475 994 obligatio,
509 931 656 974 cum
684 914 856 992 leges
868 911 1161 974 humanae
1183 917 1573 975 contractum
1593 913 1692 973 vel

175 1009 631 1071 translationem
660 1007 920 1068 dominii
942 1025 1067 1068 non
1096 1008 1362 1083 irritent,
1406 1006 1518 1068 sed
1554 1011 1693 1068 tan-

175 1108 295 1165 tum
319 1101 685 1180 praecipiant
709 1100 1171 1163 restitutionem
1197 1100 1262 1160 in
1284 1100 1522 1180 judicio
1553 1103 1695 1178 post

175 1195 552 1258 sententiam.
592 1193 799 1255 Verba
827 1192 985 1272 legis
1004 1193 1325 1271 Alearum,
1358 1194 1423 1254 C.
1459 1191 1528 1252 de
1542 1192 1693 1254 alea·

176 1286 393 1362 toribus,
423 1287 562 1347 hoec
583 1291 747 1348 sunt.
791 1308 821 1344 «
849 1286 1013 1347 Nulli
1040 1286 1226 1346 liceat
1281 1286 1345 1346 in
1400 1284 1685 1364 publiciS,

175 1380 259 1439 vel
280 1379 529 1458 privatis
558 1378 871 1455 (1011111105,
904 1379 1004 1439 vel
1030 1378 1185 1440 locis
1213 1379 1452 1454 ludere,
1487 1395 1690 1458 neque

175 1472 230 1532 in
252 1490 493 1550 genere,
530 1489 734 1550 neque
764 1471 830 1530 in
850 1471 1057 1548 specie
1089 1490 1103 1531 ε
1138 1475 1202 1532 31
1240 1470 1291 1530 51
1341 1473 1559 1532 contra
1603 1471 1694 1531 fa-

176 1570 326 1625 ctum
376 1562 583 1639 fuerit,
654 1563 825 1624 nulla
883 1567 1187 1643 sequatur
1249 1563 1689 1625 condemnatio

176 1657 413 1736 (scilicet
436 1656 586 1717 victi
609 1656 689 1716 ad
709 1656 1105 1735 solvendum)
1123 1656 1232 1717 sed
1248 1657 1522 1718 solutum
1551 1656 1693 1717 red-

175 1752 358 1824 datur,
390 1754 452 1810 et
492 1749 999 1828 competentibus
1054 1749 1405 1811 actionibus
1448 1754 1692 1828 repeta-

176 1851 263 1906 tur
287 1843 360 1902 ab
389 1842 507 1918 1115,
543 1843 654 1921 11111
698 1842 1008 1918 dederint,
1041 1842 1141 1903 vel
1189 1861 1407 1904 eorum
1448 1841 1692 1902 heredi-

175 1938 295 2011 bus,
325 1940 432 1998 aut
457 1934 556 1995 his
588 1935 1076 2014 negligentibuS,
1123 1954 1163 1996 a
1203 1940 1402 2014 patre,
1448 1939 1559 1997 aut
1586 1936 1690 1996 de-

174 2028 500 2089 fensoribus
529 2027 697 2088 illius
725 2027 1016 2104 civitatiS,
1048 2028 1150 2088 vel
1181 2028 1445 2108 recipiat
1470 2029 1679 2104 fiscus,

175 2140 281 2183 non
310 2121 596 2182 obstante
638 2120 1092 2199 quinquaginta
1150 2139 1460 2183 annorum
1529 2138 1692 2199 11131-

172 2214 500 2294 scriptione.
536 2234 568 2271 »
604 2212 782 2275 Unde
820 2214 1108 2275 doctores
1145 2214 1440 2290 inferunt,
1502 2213 1692 2274 etiam

174 2307 315 2368 victo
342 2309 688 2385 repetente,
724 2324 845 2368 non
883 2324 1019 2367 esse
1072 2306 1522 2385 obligationem
1549 2305 1690 2366 red-

174 2400 340 2460 dendi
363 2399 481 2459 nisi
523 2403 774 2478 repetat
816 2398 881 2458 in
924 2398 1186 2478 judicio,
1233 2403 1295 2460 et
1332 2398 1692 2478 proferatur

172 2492 473 2568 sententia,
507 2497 581 2552 ut
608 2491 921 2570 colligitur
949 2510 1025 2551 ex
1046 2491 1256 2552 verbis
1281 2491 1424 2568 illis,
1452 2499 1505 2553 et
1533 2510 1690 2551 com-

166 2584 459 2665 petentibus
484 2583 810 2645 actionibus
837 2593 1157 2664 repetatur.
1207 2586 1337 2646 Nec
1367 2585 1549 2645 aliter
1588 2584 1689 2644 lex

174 2678 225 2738 in
250 2678 411 2757 praxi
436 2677 754 2739 intellecta
797 2677 932 2752 fuit,
967 2696 1083 2739 nec
1128 2677 1507 2739 couveniens
1552 2682 1688 2738 erat

173 2771 422 2832 moribus
485 2769 801 2832 1101113015.
875 2771 1004 2830 Ν33
1064 2770 1293 2846 obstat,
1367 2769 1534 2848 quod
1619 2769 1684 2829 in

175 2865 363 2926 Graeco
390 2868 563 2924 textu
622 2861 911 2938 habetur,
942 2861 1083 2922 data
1134 2879 1309 2942 super
1362 2861 1507 2923 aleoe
1556 2861 1686 2922 lusu

173 2956 338 3016 coactio
361 2956 433 3016 sit
461 2954 662 3030 im'ta,
697 2963 753 3015 et
781 2953 1008 3015 condiet·
1024 2954 1228 3035 possit.
1264 2956 1423 3015 Nam
1469 2954 1556 3014 ibi
1602 2953 1683 3014 ad

172 3066 456 3110 summum
484 3048 768 3109 irritatur
792 3046 1021 3123 cantic,
1056 3066 1166 3108 seu
1198 3047 1501 3110 securitas
1529 3047 1679 3109 data

176 3159 267 3220 pro
315 3141 642 3217 solutione,
697 3159 823 3203 non
878 3158 1026 3202 vero
1080 3140 1362 3203 irritatur
1424 3139 1685 3201 dominii

173 3235 483 3310 translatio,
544 3234 600 3294 si
644 3234 943 3295 solvatur.
995 3234 1061 3296 Si
1105 3252 1251 3295 vero
1303 3232 1535 3295 alicubi
1561 3232 1685 3294 sint

174 3327 318 3405 leges
359 3325 769 3405 municipales
814 3326 1128 3388 irritantes
1177 3325 1439 3387 dominii
1483 3329 1683 3387 trans-

171 3420 437 3481 lationem
464 3420 528 3480 in
571 3419 780 3498 aliquo
824 3419 995 3497 ludo,
1038 3418 1448 3481 observandae
1496 3422 1682 3480 erunt

173 3513 215 3571 si
240 3531 350 3573 non
375 3512 495 3573 sint
519 3512 838 3574 contrario
871 3531 988 3572 usu
1017 3511 1357 3590 abrogatas,
1392 3515 1579 3590 prout
1600 3511 1680 3572 de

174 3604 452 3684 aliquibus
478 3605 723 3682 legibus
770 3604 1060 3682 Hispanis
1107 3603 1400 3665 observat
1444 3603 1674 3664 Sanch.

177 3716 224 3757 n.
252 3701 305 3757 4.
339 3700 466 3757 Non
495 3696 932 3775 intelliguntur
948 3700 1159 3758 autem
1181 3695 1278 3756 hae
1307 3695 1479 3773 leges
1501 3694 1681 3756 abro-

172 3796 309 3864 gatae
338 3789 788 3851 consuetudine
825 3788 1036 3867 quoad
1081 3788 1444 3849 facultatem
1495 3805 1680 3864 repe-

173 3882 317 3942 tendi
345 3881 686 3961 injudicio,
720 3899 797 3941 ex
822 3899 895 3941 30
950 3880 1120 3960 quod
1173 3899 1298 3942 non
1343 3880 1543 3941 soleat
1584 3898 1681 3940 re-

172 3975 313 4050 peti:
343 3974 483 4054 quia
512 3974 615 4035 hic
642 3992 769 4034 non
798 3977 892 4034 est
931 3978 1109 4035 actus
1145 3974 1517 4049 contrarius,
1567 3972 1680 4033 sed

175 4071 456 4143 oporteret
482 4066 653 4146 quod
684 4067 849 4127 victo
876 4070 1222 4145 repetente,
1265 4083 1390 4127 non
1436 4064 1682 4126 soleant

172 4156 381 4235 judices
410 4160 709 4221 victorem
752 4158 1033 4237 obligare
1079 4159 1160 4219 ad
1193 4157 1674 4234 restitutionem,

177 4256 233 4312 ut
260 4250 657 4312 observarunt
695 4269 842 4312 cum
876 4251 1013 4312 aliis
1066 4250 1300 4313 Molina
1339 4249 1500 4329 disp.
1533 4253 1673 4312 513.

174 4342 218 4419 ς.
248 4343 394 4403 Illud
416 4343 832 4420 admonuerim,
868 4348 928 4405 et
948 4343 1124 4405 Salas
1144 4343 1294 4404 dub.
1330 4360 1390 4404 v.
1416 4360 1590 4404 num.
1613 4345 1673 4405 5.

242 4436 423 4516 Objici
451 4438 608 4500 solet
636 4456 715 4498 ex
738 4437 782 4497 l.
807 4436 945 4497 Non
968 4434 1227 4513 dubium,
1261 4438 1328 4497 C.
1347 4436 1418 4497 de
1434 4434 1673 4515 Ιερὶὐιιε,

178 4527 264 4587 ubi
288 4529 669 4608 supponitur,
703 4533 1095 4591 contractum
1123 4529 1263 4606 lege
1291 4527 1679 4607 prohibitum

178 4638 238 4679 eo
286 4620 412 4699 ipso
469 4640 607 4683 esse
673 4621 940 4685 irritum.
1004 4620 1407 4699 Respondent
1460 4619 1675 4699 aliqui,

174 4711 353 4789 legem
369 4714 535 4775 illam
552 4713 814 4793 intelligi
833 4714 1085 4794 quando
1106 4713 1205 4773 lex
1221 4712 1381 4774 sistit
1397 4712 1458 4773 in
1474 4711 1681 4791 prohi-

176 4803 379 4866 bitione
405 4811 784 4884 contractae,
826 4826 1007 4868 secus
1050 4805 1300 4886 quando
1340 4804 1519 4866 addit
1544 4822 1681 4864 1110-

178 4896 307 4958 dum
331 4899 705 4960 servandum
733 4905 953 4962 contra
989 4900 1224 4963 tactum
1250 4898 1386 4978 jam
1432 4901 1681 4959 contra-

180 4993 343 5069 ctum,
372 4997 555 5071 prout
579 4992 753 5071 leges
779 4993 913 5055 ludi
931 4992 1282 5072 procedunt
1298 4990 1678 5052 declarando

180 5084 457 5160 quomodo
484 5085 648 5146 fierit
676 5085 905 5147 debeat
930 5084 1261 5148 restitutio.
1294 5083 1417 5145 Alii
1438 5082 1675 5158 dicunt,

178 5172 356 5252 legem
378 5177 545 5239 illam
575 5176 713 5239 lion
740 5177 977 5239 dubium
991 5197 1019 5255 ,·
1045 5179 1307 5240 fortasse
1331 5177 1539 5238 locum
1556 5193 1679 5236 non

183 5264 384 5330 habere
411 5270 526 5331 nisi
555 5271 616 5331 111
645 5272 780 5335 foro
813 5275 1091 5347 externo,
1117 5275 1179 5333 et
1197 5272 1325 5332 lata
1345 5268 1675 5332 sententia.

181 5357 291 5422 imo
307 5379 412 5423 nec
437 5363 696 5426 fortasse
724 5383 860 5427 esse
890 5364 1160 5444 amplius
1191 5383 1305 5426 0511
1335 5365 1676 5440 receptam.

183 5451 262 5513 lta
285 5454 661 5521 Molinatom.
696 5458 744 5520 1.
778 5461 856 5521 tr.
884 5473 953 5520 11.
988 5457 1150 5537 disp.
1182 5460 1282 5520 88.
1316 5454 1436 5516 Alii
1467 5452 1686 5516 dicunt

3212 377 3332 439 519

1790 542 1996 622 legem
2033 544 2206 605 illam
2233 545 2437 605 solum
2465 545 2623 607 velle
2653 549 3047 608 contractum
3076 566 3213 610 esse
3254 549 3334 610 ir·

1792 635 2130 713 ritandum,
2197 641 2565 701 retrotracta
2617 637 2964 700 irritatione
3026 640 3109 701 ad
3164 640 3332 702 diem

1791 729 2108 790 commissi
2165 729 2459 807 criminis,
2543 732 2643 792 vel
2729 731 2864 793 initi
2945 736 3324 796 contractus

1791 823 1886 882 Ita
1914 823 2094 883 Suar.
2129 820 2239 882 lib.
2275 839 2336 884 v.
2369 822 2439 884 de
2467 822 2686 903 leqibus
2722 841 2778 885 c.
2824 840 3019 886 xxvu.
3071 828 3332 888 Utcum-

1792 933 1913 994 que
1942 914 2041 991 sit,
2083 918 2322 976 certum
2377 921 2472 978 est
2519 916 2809 978 doctores
2852 931 3071 979 omnes
3110 918 3335 980 distin-

1790 1025 1984 1086 guere
2010 1008 2182 1087 leges
2210 1008 2645 1087 prohibenteS,
2676 1027 2716 1069 a
2742 1008 2988 1088 legibus
3032 1010 3334 1074 irritanti-

1790 1099 1908 1159 bus
1937 1103 2350 1161 contractum.

1872 1190 2188 1272 Objiciunt
2231 1193 2381 1253 item
2439 1193 2564 1270 alii,
2618 1194 2788 1274 quod
2841 1196 2942 1256 lex
2989 1195 3329 1275 aliquando

1790 1284 2058 1364 explicat
2082 1285 2161 1344 de
2187 1284 2337 1346 ludo
2367 1286 2688 1365 acquisitis
2708 1306 2835 1348 non
2854 1306 3037 1366 posse
3067 1288 3331 1350 eleemo-

1792 1395 2013 1455 synam
2028 1376 2186 1453 fieri,
2207 1377 2288 1437 ad
2305 1378 2471 1455 quod
2493 1379 2692 1440 Morla
2718 1378 2781 1439 in
2809 1379 3066 1460 emporio
3074 1379 3240 1460 juris
3276 1382 3324 1442 1.

1790 1489 1852 1549 p.
1884 1470 1977 1530 tit.
2016 1486 2127 1531 vn.
2166 1489 2228 1549 q.
2261 1486 2406 1532 xxv.
2443 1490 2506 1532 n.
2542 1474 2641 1532 11.
2674 1472 2828 1534 citat
2867 1473 3072 1551 legem
3109 1472 3334 1552 Hispa-

1791 1579 1938 1621 nam
1967 1578 2028 1622 x.
2060 1562 2136 1623 tit
2160 1579 2303 1624 xxv.
2336 1562 2564 1641 partita
2592 1566 2651 1624 3.
2685 1563 2772 1624 ibi
2794 1568 3006 1625 tamen
3027 1564 3179 1625 nihil
3207 1564 3331 1626 tale

1787 1653 2137 1715 invenitur:
2171 1654 2341 1733 quod
2368 1656 2422 1715 si
2449 1655 2512 1715 id
2532 1655 2790 1733 diceret,
2820 1657 3085 1736 intelligi
3113 1661 3332 1737 posset

1791 1747 1961 1826 quod
1986 1745 2182 1826 judex
2212 1766 2336 1808 non
2367 1748 2628 1810 deberet
2672 1749 2737 1809 id
2769 1749 2849 1810 ad
2896 1750 3332 1828 eleemosynas

1790 1839 2125 1918 applicare,
2160 1838 2269 1900 sed
2298 1840 2461 1902 victo
2491 1841 2842 1918 restituere,
2878 1846 2948 1903 ut
2970 1842 3103 1903 vult
3123 1841 3326 1919 SalaS,

1789 1931 1893 1991 ubi
1924 1950 2113 2011 supra
2143 1952 2203 1993 n.
2234 1935 2293 1994 6.
2327 1933 2426 1994 vel
2470 1933 2650 2011 forte,
2713 1934 2883 2013 quod
2939 1934 3004 1995 in
3042 1933 3334 2015 1113310111-

1790 2024 1957 2085 3111111
1983 2024 2129 2086 victi
2160 2025 2428 2104 petentis
2457 2044 2581 2087 non
2612 2026 2852 2104 possint
2876 2026 3012 2086 fieri
3059 2027 3331 2088 eleemo-

1788 2135 1962 2195 synae
1994 2117 2223 2196 quibus
2249 2118 2447 2180 victor
2474 2125 2694 2197 1105133
2719 2137 2785 2179 53
2837 2123 3092 2181 excuset
3133 2138 3170 2179 a
3210 2138 3314 2181 re-

1788 2209 2131 2286 stitutione,
2162 2228 2235 2271 eo
2266 2211 2435 2290 quod
2458 2210 2595 2290 jam
2621 2210 2866 2272 lucrum
2897 2213 2960 2271 in
2989 2212 3329 2290 eleemosy-

1787 2321 1935 2363 nam
1980 2302 2244 2364 dederit.
2296 2303 2437 2364 Alia
2475 2303 2712 2365 leviora
2757 2308 3131 2384 argumenta
3187 2304 3328 2365 vide

1786 2396 1955 2475 apud
1982 2395 2276 2456 eumdem
2299 2397 2477 2457 Salas
2498 2396 2605 2458 ibi.

1868 2487 2201 2549 Dubitatur
2227 2489 2524 2565 secundo,
2576 2507 2655 2549 an
2687 2489 2739 2549 si
2783 2490 2984 2551 victor
3023 2489 3327 2570 impediat

1787 2598 1863 2640 ne
1886 2579 2082 2660 judex
2121 2597 2268 2640 eum
2300 2580 2537 2659 obliget
2574 2581 2658 2641 ad
2696 2582 3178 2659 restitutionem,
3230 2587 3325 2644 te-

1785 2678 2011 2734 neatur
2037 2672 2413 2734 restituere?
2443 2673 2899 2752 Respondetur,
2932 2674 2984 2734 si
3024 2675 3327 2754 impediat
3455 2698 3504 2727 οι·

1783 2784 1895 2845 1131·
1922 2765 2049 2825 vim
2095 2765 2195 2825 vel
2240 2765 2549 2842 fraudem,
2600 2766 2837 2839 teneri;
2890 2785 3068 2827 secus
3106 2767 3161 2828 si
3201 2768 3322 2827 alio

1782 2858 1993 2919 mod0.
2027 2859 2117 2917 lta
2158 2857 2389 2944 lylolina
2433 2857 2593 2937 disp.
2643 2862 2785 2921 5¹4.
2830 2859 3079 2921 Lessius
3122 2879 3185 2921 n.
3219 2864 3319 2921 21.

1784 2951 1930 3032 quia
1959 2950 2256 3029 obligatio
2285 2951 2651 3013 restituendi
2700 2970 2825 3012 non
2877 2956 2971 3014 est
3017 2952 3136 3013 nisi
3182 2957 3326 3032 post

1774 3043 2006 3124 judicis
2032 3043 2431 3121 sententiam,
2465 3062 2505 3104 a
2544 3063 2670 3123 qua
2713 3044 2882 3106 licite
2929 3063 2996 3106 se
3044 3044 3325 3106 defendit

1781 3137 1980 3199 victor
2006 3154 2120 3216 per
2149 3153 2401 3197 omnem
2431 3137 2789 3199 evasionem
2820 3144 2928 3199 aut
2954 3138 3170 3217 fugam
3202 3155 3217 3202 ε
3261 3142 3325 3200 et

1780 3230 1928 3291 licet
1950 3228 2147 3308 judex
2175 3228 2387 3308 inique
2417 3229 2626 3306 faciat,
2663 3235 2732 3293 ut
2759 3231 2944 3292 docet
2974 3230 3206 3292 Sanch.
3260 3236 3324 3293 et

1780 3322 1991 3383 illicite
2019 3321 2083 3381 id
2115 3319 2386 3399 ajudice
2428 3327 2700 3402 petatur,
2762 3324 2969 3385 adhuc
3024 3342 3149 3385 non
3204 3324 3323 3387 erit

1780 3414 2078 3494 obligatio
2106 3414 2497 3491 restituendi,
2523 3419 2594 3477 ut
2618 3416 2802 3478 docet
2821 3417 3050 3479 Sanch.
3086 3416 3315 3479 dub.11.

1780 3528 1843 3569 n.
1877 3512 1934 3568 2.

1860 3599 2020 3673 Quid
2047 3604 2282 3675 tamen,
2316 3600 2369 3660 si
2388 3619 2428 3660 a
2440 3598 2654 3678 judice
2682 3601 3105 3681 interrogatus
3132 3604 3319 3680 neget

1779 3712 1845 3755 se
1888 3693 2201 3753 lucratum
2247 3692 2461 3769 fuisse,
2494 3697 2558 3754 et
2608 3693 2730 3755 hoc
2783 3699 2968 3774 pacto
3014 3693 3319 3773 impediat

3463 3613 3539 3672 63

3392 3735 3513 3789 Quid,
3542 3737 3578 3779 ⁸3
3608 3749 3632 3778 ι

1779 3785 2364 3847 condemnationem
2383 3785 2414 3844 ‘2
2440 3786 2685 3863 Negant
2711 3786 2903 3866 aliqui
2932 3786 3165 3848 debere
3202 3803 3317 3864 po·
3362 3790 3656 3846 11111ὶωί1131-

1777 3883 1911 3940 stea
1938 3878 2289 3954 restituere,
2322 3878 2372 3937 si
2405 3882 2593 3956 negat
2622 3897 2695 3940 eo
2728 3879 2895 3957 quod
2923 3898 3025 3939 res
3053 3879 3134 3940 sit
3179 3896 3314 3939 om-

1780 3972 1925 4032 nino
1957 3970 2226 4045 occulta,
2275 3988 2389 4030 nec
2411 3976 2588 4031 actor
2625 3969 2817 4032 habet
2836 3971 3033 4032 ullum
3062 3976 3308 4046 testem,

1779 4082 1922 4127 cum
1950 4061 2116 4124 enim
2147 4080 2290 4122 reus
2338 4062 2729 4124 examinetur
2774 4064 3179 4125 criminaliter
3232 4062 3314 4124 ad

1778 4174 2032 4236 poenam
2078 4153 2377 4231 3111111015,
2436 4172 2561 4215 11011
2617 4159 2864 4217 tenetur
2916 4156 3099 4217 fateri
3137 4161 3314 4218 ante·

1777 4266 1967 4330 quam
2021 4248 2362 4326 semiplene
2417 4248 2722 4327 probetur
2777 4268 2901 4310 uno
2949 4254 3109 4311 teste
3140 4249 3312 4311 omni

1777 4342 2142 4422 exceptione
2193 4340 2439 4419 majori.
2499 4343 2591 4402 Ita
2647 4342 2880 4403 Molina
2934 4343 3040 4403 ubi
3096 4362 3346 4432 supra„

1778 4434 1957 4516 cujus
2008 4433 2383 4496 sententiam
2429 4434 2820 4513 probabilem
2865 4436 3096 4497 fatetur
3133 4437 3305 4496 LeSS.

1777 4548 1840 4590 n.
1871 4532 1971 4590 21.
2000 4527 2280 4590 Sanchez
2310 4544 2459 4587 vero
2490 4527 2553 4588 d.
2587 4527 2738 4588 dub.
2773 4545 2842 4589 11.
2900 4549 2963 4590 n.
3008 4533 3069 4590 4.
3107 4528 3306 4603 addit,

1779 4621 2022 4684 etiamsi
2044 4620 2315 4699 juridice
2345 4619 2764 4698 interrogatus
2806 4626 3012 4699 neget,
3047 4640 3168 4682 non
3216 4625 3308 4681 te-

1778 4714 1913 4774 neri
1941 4714 2309 4776 restituere:
2362 4712 2510 4791 quia
2562 4731 2708 4773 reus
2748 4732 2874 4774 non
2918 4722 3166 4775 tenetur
3217 4731 3312 4772 re-

1776 4806 2034 4868 stituere
2063 4823 2317 4886 poenam
2348 4823 2537 4883 quam
2586 4804 2826 4866 solvere
2874 4806 3211 4881 debuisset,
3259 4805 3314 4865 si

1778 4898 2097 4960 confessus
2122 4897 2341 4958 fuisset
2359 4897 2618 4972 crimen,
2642 4898 2808 4976 quod
2823 4897 3092 4979 juridice
3120 4899 3313 4960 inter-

1776 4996 2034 5070 rogatus
2061 4990 2226 5051 male
2257 4990 2532 5068 negavit.
2589 4990 2750 5050 Male
2779 4994 2991 5052 autem
3029 4990 3311 5053 Sanchez

1778 5104 1841 5146 n.
1873 5087 1934 5145 3.
1967 5083 2120 5147 citat
2147 5082 2445 5144 Molinam
2474 5082 2810 5159 dicentem,
2845 5084 3013 5162 quod
3041 5082 3090 5145 si
3113 5083 3311 5144 inter-

1778 5180 2034 5255 rogatus
2062 5194 2100 5235 a
2119 5174 2336 5254 judice
2359 5178 2565 5252 neget,
2597 5178 2844 5236 tenetur
2869 5175 2951 5235 ad
2978 5175 3311 5238 restitutio—

1780 5287 1947 5341 nem,
1981 5268 2142 5329 sicut
2170 5266 2220 5328 si
2269 5267 2510 5328 minore
2557 5270 2807 5345 petente
2846 5286 3059 5329 coram
3096 5268 3313 5349 judice

1777 5359 2262 5436 restitutionem,
2294 5378 2440 5419 reus
2468 5362 2729 5437 negaret
2756 5364 3166 5439 contractum,
3214 5366 3309 5423 te·

1781 5457 2055 5516 neretur.
2130 5454 2288 5514 Nam
2369 5451 2599 5513 Molina
2673 5453 3056 5517 contrarium
3137 5454 3307 5531 dicit,

3418 3848 3604 3897 rogatus,

3442 3902 3584 3952 negot.
