4263 6376
1175 309 1643 370 DISPUTA'PIO
1689 309 1904 385 XXXI,
1953 309 2228 371 SECTIO
2273 309 2374 371 vl.

220 496 356 562 tare,
399 503 509 545 nec
556 485 806 563 poteris,
854 484 997 544 licet
1027 488 1276 563 emptor
1310 483 1717 562 pertinaciter

218 578 527 641 contendat
554 595 686 637 esse
701 595 938 652 veram,
961 577 1233 638 vendere
1252 581 1486 656 quanto
1506 577 1718 637 vendi·

220 680 308 735 tur
346 690 507 746 vera,
540 671 684 749 quia
722 671 1030 730 venderes
1066 688 1257 749 supra
1285 671 1558 749 pretium
1581 669 1718 749 jus-

219 777 354 842 tum,
410 783 519 824 nec
575 782 749 824 error
788 763 1085 841 emptoris
1140 768 1353 842 posset
1393 781 1716 823 excessum

218 859 378 937 pretii
408 857 768 936 justificare,
822 857 940 917 nisi
982 855 1236 917 omnino
1278 856 1474 934 gratis
1528 856 1716 916 vellet

218 953 447 1012 donare.

288 1047 405 1104 Hoc
454 1042 794 1120 suppositO,
855 1041 1196 1102 videndum
1250 1046 1364 1118 est,
1425 1041 1577 1121 quid
1638 1040 1717 1102 sit

167 1200 174 1210 ‚
217 1136 348 1198 illud
374 1134 535 1215 quod
580 1136 643 1195 in
685 1134 1022 1214 sponsione
1060 1135 1173 1196 das
1216 1135 1599 1209 adversario,
1652 1138 1716 1195 et

216 1250 312 1309 pro
340 1248 455 1308 quo
484 1228 642 1307 petis
671 1228 752 1288 ab
790 1246 865 1289 eo
904 1229 1010 1306 jus
1055 1228 1136 1288 ad
1164 1231 1431 1304 lucrum,
1482 1229 1532 1288 si
1564 1245 1712 1289 vera

167 1316 171 1324 ’
216 1322 377 1384 fuerit
418 1339 561 1400 pars
601 1339 790 1400 quam
822 1320 1147 1380 defendis?
1174 1322 1430 1381 Constat
1474 1325 1708 1392 autem,

218 1415 348 1475 nihil
392 1414 558 1474 aliud
600 1418 663 1475 te
711 1413 862 1473 dare
909 1413 1027 1473 nisi
1066 1412 1170 1492 jus
1214 1413 1295 1474 ad
1341 1413 1608 1488 lucrum,
1659 1413 1711 1473 si

216 1526 342 1568 vera
365 1507 443 1568 sit
465 1525 610 1585 pars
640 1524 830 1585 quam
851 1506 986 1583 ipse
1014 1505 1294 1567 defendit
1319 1525 1331 1566 :
1354 1506 1474 1566 hoc
1501 1510 1709 1566 autem

208 1602 297 1679 jus
317 1620 417 1660 seu
446 1599 578 1660 haec
607 1617 749 1678 spes
777 1597 1061 1659 lucrandi
1093 1617 1283 1677 quam
1313 1598 1604 1678 acquirit,
1638 1598 1713 1657 li·

213 1701 298 1755 cet
333 1694 409 1754 ab
447 1694 580 1772 ipso
610 1691 825 1770 magni
851 1692 962 1752 fiat
1007 1696 1264 1770 propter
1309 1710 1492 1752 suum
1540 1710 1711 1753 erro·-

214 1806 358 1860 rem;
412 1805 478 1846 re
532 1790 746 1846 tamen
798 1802 947 1844 vera
996 1783 1150 1844 nihil
1195 1785 1382 1859 valet,
1428 1785 1574 1864 quia
1618 1790 1713 1846 est

212 1899 333 1958 spes
359 1878 553 1938 inanis
581 1883 645 1939 et
680 1878 858 1954 falsa,
891 1876 1054 1937 sicut
1079 1895 1332 1955 gemma
1360 1877 1517 1938 falsa
1546 1878 1712 1937 exis-

214 1973 404 2034 timata
432 1990 580 2031 vera
614 1991 628 2031 :
663 1989 859 2050 quare
889 1974 956 2031 tu
1003 1970 1112 2048 qui
1158 1970 1276 2030 scis
1308 1970 1620 2031 defectum
1651 1974 1713 2032 et

213 2064 404 2124 vitium
448 2064 859 2125 intrinsecum
906 2062 1070 2123 illius
1095 2062 1257 2142 juris
1304 2067 1367 2124 et
1394 2064 1549 2143 spei,
1586 2082 1709 2124 uon

213 2161 363 2235 potes
388 2156 552 2216 idem
580 2156 851 2235 pretinm
880 2155 1165 2235 accipere
1196 2155 1365 2234 quod
1395 2156 1710 2234 acciperes

213 2268 306 2328 pro
349 2248 485 2327 jure
536 2267 686 2308 vero
742 2270 755 2310 :
817 2248 1020 2326 posita
1075 2248 1242 2310 enim
1295 2249 1564 2310 salsitate
1617 2249 1709 2309 rei

211 2361 376 2420 quam
426 2341 826 2402 adversarius
882 2341 1182 2415 defendit,
1244 2349 1431 2419 prout
1475 2348 1540 2404 tu
1588 2343 1709 2403 scis

211 2435 446 2513 positam
500 2452 660 2510 esse,
720 2438 920 2495 totum
976 2434 1129 2494 illud
1178 2434 1282 2513 jus
1329 2435 1547 2497 inutile
1590 2440 1702 2497 est.

211 2529 345 2588 Tota
387 2544 531 2606 ergo
575 2525 821 2605 justitia
866 2526 1217 2604 sponsionis
1265 2526 1452 2588 debet
1476 2528 1709 2589 imitari

205 2619 482 2696 justitiam
523 2619 926 2694 venditioniS,
981 2638 1105 2697 qua
1163 2619 1457 2680 venditur
1508 2621 1708 2698 pretio

210 2713 502 2773 moderato
544 2730 819 2790 gemma,
872 2712 950 2771 de
993 2730 1117 2791 qua
1149 2717 1408 2792 uterque
1456 2718 1705 2774 contra·-

211 2803 344 2863 hens
381 2805 626 2866 dubitat
668 2823 748 2864 an
798 2805 878 2865 sit
924 2821 1076 2864 vera
1103 2804 1202 2864 vel
1249 2805 1427 2880 falsa,
1462 2811 1525 2865 et
1566 2806 1707 2866 ideo

210 2897 471 2959 vendItur
499 2916 645 2959 cum
674 2897 825 2958 vitio
873 2897 1231 2972 intrinseco,
1283 2897 1337 2957 si
1365 2897 1523 2958 forte
1555 2897 1708 2958 illud

210 2988 433 3067 habeat,
465 2992 617 3071 quia
646 2993 911 3069 uterque
944 2989 1199 3069 exponit
1224 3008 1291 3049 se
1339 2990 1615 3068 periculo
1644 2991 1708 3050 in

211 3082 297 3143 illo
347 3084 529 3144 dubio
562 3103 578 3145 ε
613 3083 774 3144 sicut
828 3101 976 3161 ergo
1025 3082 1130 3162 qui
1161 3082 1349 3144 sciret
1392 3101 1710 3161 gemmam

209 3175 355 3237 illam
382 3196 513 3238 esse
554 3176 802 3251 falsam,
836 3195 962 3237 non
992 3180 1201 3253 posset
1243 3175 1431 3237 etiam
1461 3181 1711 3254 petente

209 3274 262 3330 et
284 3288 396 3330 non
431 3269 729 3331 credente
772 3274 1076 3347 emptore,
1110 3270 1395 3347 accipere
1444 3271 1709 3347 pretium

208 3362 354 3440 quod
405 3364 614 3433 offert;
666 3361 752 3422 ita
805 3362 866 3420 in
911 3361 1266 3439 sponsione,
1303 3363 1410 3442 qui
1457 3363 1573 3424 scit
1607 3363 1712 3443 jus

208 3455 336 3515 illud
386 3460 445 3518 et
496 3474 676 3534 spem
723 3454 946 3514 falsam
993 3473 1151 3530 esse,
1186 3473 1309 3515 non
1355 3460 1561 3533 potest
1597 3475 1709 3534 pro

207 3548 295 3607 illa
344 3549 623 3629 accipere
668 3548 767 3627 jus
814 3551 1057 3608 certum
1103 3547 1183 3606 ad
1213 3547 1478 3624 lucrum,
1521 3549 1711 3609 etiam

208 3646 427 3720 petente
492 3647 555 3704 et
625 3659 750 3702 non
798 3640 1093 3701 credente
1151 3639 1533 3717 adversari0‚
1593 3641 1712 3701 nisi

207 3740 395 3812 aperte
421 3736 667 3796 constet
693 3733 771 3793 de
800 3732 1011 3793 animo
1032 3738 1375 3812 spontaneo
1406 3733 1706 3812 donandi,

207 3845 370 3906 quem
396 3830 679 3888 animum
702 3828 832 3887 fere
862 3844 1182 3905 nunquam
1205 3826 1502 3904 praesumi
1527 3845 1708 3906 posse

204 3921 402 3999 probat
426 3921 680 3982 Melina.
715 3918 895 3991 Quod
924 3923 1136 3979 autem
1157 3918 1374 3980 dicunt
1400 3920 1703 3982 Sanchez.

206 4018 259 4073 et
295 4014 412 4088 alii,
459 4031 643 4094 posse
691 4010 890 4089 accipi
937 4011 1001 4071 in
1031 4030 1284 4089 poenam
1314 4013 1704 4090 temeritatiS,

207 4124 311 4165 non
336 4105 646 4179 subsistit;
699 4109 834 4166 tum
864 4104 1012 4183 quia
1041 4103 1208 4164 idem
1239 4103 1361 4164 dici
1391 4110 1603 4184 posset
1630 4105 1708 4167 de

206 4199 484 4260 vendente
531 4214 854 4277 gemmam
900 4195 1123 4256 falsam
1170 4196 1432 4274 emptori
1474 4198 1711 4260 nolenti

206 4293 436 4353 credere
480 4309 619 4353 esse
670 4290 891 4350 falsam
926 4309 938 4349 :
974 4293 1106 4350 tum
1154 4290 1365 4365 etiam,
1401 4290 1549 4368 quia
1592 4291 1707 4351 ali·

204 4384 660 4463 quandoculpa
703 4401 830 4443 non
872 4383 992 4444 erit
1028 4382 1218 4460 digna
1251 4387 1422 4443 tanta
1464 4400 1655 4462 poena
1687 4404 1701 4446 ε

204 4482 318 4537 tum
344 4479 612 4557 denique
661 4476 810 4556 quia
849 4494 1036 4553 poena
1062 4475 1303 4553 imponi
1331 4475 1520 4536 debet
1546 4494 1584 4536 a
1602 4478 1709 4555 ju-

204 4569 344 4648 dice,
375 4590 496 4631 non
523 4590 563 4630 a
591 4569 875 4649 quolibet
901 4568 1146 4647 privato
1174 4587 1287 4628 sua
1309 4568 1702 4632 auctoritate.

204 4664 341 4725 Hinc

270 4759 460 4820 Infero
489 4757 718 4837 primo,
767 4756 914 4816 licet
956 4754 1020 4814 in
1049 4753 1197 4815 ludo
1229 4754 1494 4816 dixerim
1523 4772 1705 4834 posse

203 4849 405 4912 lucrari
433 4870 577 4912 eum
608 4850 714 4930 qui
745 4868 821 4910 ex
849 4849 961 4910 Dei
989 4848 1371 4910 revelatione
1409 4849 1596 4910 sciret
1638 4868 1705 4911 se

203 4942 510 5020 victurum,
568 4944 632 5004 in
702 4942 1033 5021 sponsione
1102 4947 1312 5003 tamen
1382 4942 1705 5020 probabile

203 5036 338 5098 mihi
364 5057 494 5099 esse
522 5036 928 5098 contrarium.
967 5035 1145 5095 Ratio
1175 5038 1385 5095 autem
1415 5035 1706 5095 differen-

202 5129 290 5189 tiae
340 5136 450 5207 est,
510 5130 661 5211 quia
708 5128 769 5188 in
820 5127 966 5210 ludo
1014 5145 1089 5187 ea
1131 5127 1333 5187 solum
1381 5128 1703 5206 aequalitas

202 5223 467 5301 exigitur,
498 5242 625 5303 qua
652 5225 915 5299 uterque
945 5219 1141 5298 possit
1169 5236 1346 5298 aeque
1376 5219 1535 5279 bene
1561 5220 1699 5280 vin-

199 5331 322 5374 cere
347 5321 408 5378 et
430 5315 662 5376 lucrari
690 5335 704 5375 :
737 5312 1037 5374 revelatio
1085 5315 1297 5372 autem
1325 5329 1448 5372 non
1488 5317 1698 5390 auget,

199 5425 301 5467 nec
350 5408 569 5469 minuit
622 5407 809 5481 vireS,
861 5410 926 5466 et
969 5410 1169 5465 artem
1215 5409 1328 5466 aut
1381 5403 1695 5483 peritiam,

197 5516 324 5561 cum
365 5503 565 5563 solum
593 5501 903 5580 pertineat
945 5497 1027 5559 ad
1056 5502 1349 5558 eventum
1382 5516 1395 5557 :
1430 5496 1572 5557 ideo
1599 5515 1701 5557 re-

3229 313 3346 374 525

1818 483 2045 545 velatio
2096 502 2220 544 non
2270 485 2429 546 tollit
2481 488 2902 565 aequalitatem
2951 491 3342 571 requisitam.

1818 577 1885 636 ln
1912 577 2246 654 sponsione
2276 582 2486 639 autem
2518 584 2645 640 tota
2673 584 2989 644 contentio
3022 592 3117 646 est
3145 586 3222 645 de
3255 587 3348 645 in-

1818 668 2127 730 venienda
2154 671 2439 746 veritate,
2473 680 2535 732 et
2561 672 2664 733 ille'
2691 674 3088 756 lucraturqui
3116 681 3345 740 melius

1816 779 1957 821 eam
1986 761 2295 824 invenerit
2326 783 2338 823 :
2375 764 2670 826 revelatio
2699 772 2910 828 autem
2952 769 3202 832 instruit
3231 791 3348 851 po-

1814 853 2124 915 tissimum
2153 855 2236 915 ad
2265 856 2594 918 veritatem
2642 859 3110 940 inveniendam,
3144 871 3206 925 et
3235 867 3343 944 qui

1816 965 1955 1007 eam
1985 947 2177 1009 habet
2197 950 2440 1011 accedit
2466 952 2892 1028 proculdubio
2911 958 3108 1018 multo
3137 961 3339 1037 magis

1815 1039 2154 1101 instructus
2202 1042 2278 1101 ad
2335 1042 2732 1122 vincendum,
2767 1065 2908 1108 curn
2953 1048 3184 1113 habeat
3211 1071 3344 1115 mo·

1814 1132 1962 1192 dum
2046 1135 2462 1196 certissimum
2542 1139 2872 1200 veritatem
2939 1140 3337 1223 inveniendi,

1814 1244 2000 1304 quem
2048 1227 2443 1288 adversarius
2495 1249 2618 1289 uon
2648 1231 2855 1294 habet.
2892 1235 3068 1298 Sicut
3097 1256 3246 1317 ergo
3277 1240 3340 1300 in

1810 1318 1958 1379 ludo
2017 1338 2141 1380 non
2187 1325 2473 1382 servatur
2502 1324 2846 1402 aequalitaS,
2901 1330 3152 1406 quando
3184 1333 3343 1394 alter

1812 1411 1875 1470 in
1905 1417 2048 1472 actu
2078 1413 2280 1490 primo
2322 1414 2565 1476 accedit
2591 1417 2787 1478 multo
2835 1421 3037 1498 magis
3068 1423 3340 1487 instruc-

1813 1509 1910 1564 tus
1958 1505 2182 1584 peritia
2233 1506 2314 1566 ad
2370 1508 2768 1587 vincendum,
2830 1511 2918 1572 sic
3001 1533 3206 1596 neque
3278 1520 3340 1579 in

1812 1596 2166 1674 sponsione,
2202 1616 2341 1677 qua}
2373 1604 2466 1660 est
2492 1602 2670 1678 quasi
2691 1603 2874 1664 ludus
2918 1610 2980 1667 et
3025 1613 3340 1673 contentio

1812 1689 1976 1749 circa
2022 1691 2350 1752 veritatem
2395 1692 2861 1772 inveniendam,
2893 1698 2956 1758 in
3013 1719 3137 1780 quo
3191 1704 3342 1765 ludo

1810 1782 1916 1842 illa
1962 1783 2173 1842 omnia
2223 1801 2361 1862 quae
2403 1786 2764 1848 conducunt
2810 1790 3215 1856 etinstruunt
3258 1798 3339 1857 ad

1812 1892 1950 1934 eam
1983 1873 2448 1951 inveniendam,
2480 1877 2718 1941 faciunt
2754 1882 3245 1961 inaequalitatem
3275 1890 3338 1950 in

1810 1966 2031 2045 peritia
2087 1967 2343 2045 propria
2386 1968 2546 2030 illius
2573 1970 2727 2048 ludi,
2775 1978 2963 2054 atque
3009 1978 3167 2040 adeo
3200 1983 3340 2042 red-

1811 2059 1967 2120 dunt
2014 2064 2407 2121 contractum
2455 2081 2531 2122 ex
2560 2082 2635 2124 ea
2664 2071 2840 2142 parte
2872 2068 3249 2150 inaequalem
3278 2079 3341 2137 et

1808 2151 2133 2230 injustum.

1889 2246 2092 2306 lnfero
2152 2247 2452 2325 secunde,
2512 2249 2663 2327 quid
2732 2252 3066 2316 dicendum
3125 2259 3204 2320 sit
3257 2262 3338 2321 ad
3486 2265 3561 2322 85

1810 2339 2165 2416 cxemplum
2212 2358 2403 2419 supra
2447 2341 2704 2404 allatum
2745 2344 2822 2404 de
2852 2365 3043 2410 censu
3071 2352 3336 2415 vitalitio

1807 2449 1994 2510 quem
2010 2432 2331 2492 ·vendercs
2363 2436 2541 2496 Petro
2571 2437 2794 2513 scienS,
2828 2458 2901 2499 ex
2932 2444 3324 2508 revelatione
3407 2391 3681 2520 {¹2:333

1809 2525 2182 2585 moriturum
2212 2544 2355 2585 eum
2394 2545 2528 2588 esse
2556 2530 2758 2606 primo
2806 2550 2993 2594 anno.
3036 2537 3124 2596 Ex
3154 2538 3337 2602 dictis
3407 2498 3675 2602 ξυῗτῗῖιιῗπῗῆξο

1810 2615 1976 2675 enim
2022 2617 2272 2678 videtur
2314 2619 2464 2679 mihi
2513 2640 2637 2680 non
2679 2623 2812 2683 fore
2842 2624 3076 2687 licitam
3120 2631 3338 2710 etjus-
3406 2617 3667 2700 Ἳὲἰῖῗῖῗ-ἷω

3387 2723 3554 2754 censum
3574 2711 3684 2754 vita-

1808 2713 1939 2768 tam
1967 2708 2392 2771 venditionem
2424 2731 2439 2772 :
2475 2731 2547 2773 eo
2596 2715 2764 2793 quod
2795 2715 3014 2778 vitium
3045 2729 3212 2785 esset
3240 2725 3338 2786 in-

1808 2802 2150 2862 trinsecum
2182 2802 2242 2861 in
2275 2822 2340 2864 re
2367 2805 2642 2882 vendita,
2679 2812 2742 2869 et
2766 2809 2880 2870 tibi
2909 2814 3333 2880 manifestum.

1810 2894 2043 2954 Vendis
2072 2895 2238 2955 enim
2260 2895 2366 2974 jus
2412 2900 2794 2977 percipiendi
2839 2904 3079 2967 reditus
3109 2928 3224 2986 per
3253 2916 3342 2972 to-

1810 2992 1938 3047 tam
1980 2988 2174 3048 vitam
2209 3008 2222 3048 :
2260 2988 2378 3050 hoc
2421 2997 2630 3052 autem
2670 2994 2777 3071 jus
2823 3014 2897 3056 eo
2944 3004 3039 3060 est
3067 3001 3248 3063 vilius
3279 3010 3342 3068 et

1813 3079 2090 3141 inutilius
2126 3081 2188 3139 in
2232 3100 2296 3141 se
2328 3082 2484 3161 ipso,
2519 3104 2642 3164 quo
2675 3087 2802 3147 vita
2833 3089 3044 3151 futura
3073 3100 3167 3156 est
3194 3096 3341 3156 bre·

1812 3173 1948 3234 vior
1981 3191 1995 3237 ε
2029 3193 2175 3234 cum
2218 3193 2367 3253 ergo
2397 3177 2556 3238 scias
2600 3178 3000 3246 inutilitatem
3030 3192 3093 3248 et
3123 3188 3342 3251 debili-

1811 3271 2004 3328 tatem
2043 3267 2207 3329 illius
2250 3269 2411 3347 juris
2464 3277 2721 3349 propter
2773 3275 3146 3340 brevitatem
3194 3283 3339 3345 vitae

1810 3360 2107 3436 futuram,
2143 3380 2269 3421 non
2289 3364 2521 3441 poteris
2552 3371 2805 3445 propter
2833 3373 3132 3448 emptoris
3160 3375 3342 3453 igno-

1809 3452 2078 3514 rantiam
2105 3453 2261 3515 tanti
2282 3454 2388 3532 jus
2417 3456 2569 3516 illud
2599 3458 2893 3537 vendere,
2920 3467 3136 3542 quanti
3167 3486 3341 3529 com-

1809 3546 2084 3607 muniter
2131 3547 2443 3609 venditur.
2491 3552 2920 3615 Communiter
2974 3557 3142 3619 enim
3189 3580 3339 3622 con-

1809 3640 2043 3699 tractus
2109 3638 2212 3700 ille
2275 3640 2482 3719 justus
2551 3648 2664 3718 est,
2736 3663 2810 3706 eo
2880 3651 3048 3726 quod
3119 3660 3340 3715 neuter

1810 3729 2316 3792 contrahentium
2363 3734 2478 3795 scit
2503 3733 2849 3797 bonitatem
2899 3741 2990 3800 vel
3020 3742 3334 3806 defectum

1806 3822 1971 3882 illius
2009 3824 2192 3901 juriS,
2244 3825 2405 3886 sicut
2432 3828 2685 3905 quando
2717 3831 3014 3894 venditur
3053 3855 3330 3916 gemma,

1809 3914 2134 3977 dubitante
2180 3920 2445 3997 utroque
2490 3922 2897 3985 contrahente
2943 3944 3024 3986 an
3065 3930 3147 3990 sit
3184 3950 3336 3993 vera

1808 4009 1905 4069 vel
1935 4009 2110 4085 falsa,
2146 4013 2209 4069 et
2236 4017 2586 4089 exponente
2616 4033 2682 4074 se
2729 4015 3021 4080 fortunae.
3069 4021 3332 4094 Quando

1809 4106 2019 4163 autem
2064 4102 2355 4164 venditor
2397 4105 2513 4167 scit
2549 4104 2655 4184 jus
2700 4107 2853 4169 illud
2916 4128 3051 4173 esse
3092 4113 3331 4187 inutile,

1809 4212 1934 4255 non
1980 4200 2315 4257 excusatur
2356 4215 2396 4257 a
2442 4197 2811 4278 deceptione
2862 4203 3114 4283 injusta.
3159 4211 3241 4271 Ut
3284 4210 3333 4270 si

1808 4287 2001 4348 scires
2047 4293 2288 4350 secreto
2333 4292 2516 4352 Petro
2569 4292 2785 4354 datum
2817 4314 2953 4358 esse
2995 4318 3331 4381 venenum,

1809 4399 1884 4440 ex
1926 4399 2048 4459 quo
2095 4382 2440 4443 certissime
2469 4384 2632 4445 intra
2662 4385 3128 4452 hebdomadam
3174 4396 3337 4456 mori

1808 4473 2017 4549 debet,
2068 4492 2194 4534 non
2239 4493 2454 4553 posses
2493 4476 2660 4539 licite
2693 4481 2962 4543 vendere
2992 4484 3051 4544 ei
3078 4503 3336 4550 censum

1805 4567 2140 4629 vitalitium
2167 4568 2367 4646 pretio
2396 4573 2714 4633 communi
2745 4574 2878 4635 sine
2907 4576 3129 4639 fraude
3158 4585 3220 4641 et
3247 4581 3336 4641 in-

1799 4660 2062 4741 justitia,
2095 4660 2242 4739 quia
2272 4661 2378 4722 tibi
2409 4667 2654 4726 constat
2679 4685 2806 4727 non
2838 4669 2991 4731 tanti
3024 4672 3230 4734 valere
3268 4675 3331 4736 id

1806 4754 1975 4833 quod
2006 4754 2061 4813 ei
2090 4753 2153 4812 in
2183 4752 2257 4812 iis
2284 4754 2766 4820 circumstantiis
2795 4761 3037 4840 vendis,
3071 4771 3330 4845 propter

1805 4846 2119 4907 defectum
2147 4845 2553 4908 intrinsecum
2582 4868 2768 4929 quem
2800 4852 3008 4917 habet.

1885 4939 2174 5001 Secundo
2203 4938 2479 5001 dubitari
2503 4942 2663 5004 solet
2688 4945 2855 5006 circa
2870 4946 3226 5028 hocipsum,
3247 4971 3328 5013 an
3477 4975 3556 5033 36

1803 5032 1884 5093 sit
1909 5032 2098 5094 etiam
2127 5031 2411 5094 illicitum
2433 5080 2449 5112 ,
2501 5037 2752 5115 quando
2795 5043 2920 5099 tres
2945 5051 3331 5108 concurrunt
3478 5099 3490 5110 .
3640 5100 3651 5110 .

1799 5126 1882 5186 ad
1911 5125 2250 5204 petendam
2277 5126 2643 5188 cathedram
2671 5130 2771 5189 vel
2796 5130 3193 5212 beneficium,
3220 5143 3329 5200 aut
3378 5100 3673 5214 ffihfssfcffil

1801 5218 2075 5281 officium
2104 5223 2375 5296 vacans’,
2408 5218 2457 5279 si
2487 5237 2632 5279 cum
2659 5238 3039 5302 unoquoque
3066 5231 3327 5291 seorsim
3404 5206 3587 5248 '‘num'’
3604 5207 3654 5247 ³⁴¹

3422 5260 3598 5301 officium
3606 5293 3616 5310 ,

1799 5311 2109 5390 spondeas
2133 5357 2149 5387 ,
2184 5312 2352 5391 quod
2389 5312 2521 5389 ipse
2553 5330 2675 5372 non
2705 5312 2990 5392 eligetur,
3025 5336 3148 5396 quo
3178 5339 3329 5383 casu
3396 5312 3657 5408 &³2⁰3ss

1799 5407 2037 5464 certum
2067 5409 2162 5464 est
2189 5404 2358 5482 quod
2387 5404 2727 5466 lucraberis
2755 5424 2789 5466 a
2820 5406 3086 5487 duobu5‚
3121 5419 3183 5474 et
3200 5433 3333 5492 per-
3377 5420 3498 5469 culo·
3531 5429 3676 5462 omne·

1799 5496 1910 5558 des
1937 5514 2082 5556 cum
2112 5514 2257 5572 unc,
2289 5501 2479 5576 atque
2509 5495 2648 5558 ideo
2676 5499 2921 5560 lucrum
2940 5502 3049 5564 tibi
3080 5513 3326 5569 certum
3459 5473 3611 5516 ω’

3461 2765 3610 2808 litium.
