4263 6376
1181 331 1650 393 DISPUTATIO
1693 331 1966 404 xxxvl,
2016 331 2289 394 SECTIO
2335 334 2382 396 1.

215 505 390 566 solum
421 504 832 583 imponuntur
859 525 972 586 pro
993 506 1302 586 stipendio
1328 507 1593 586 principi
1617 507 1721 568 de-

214 597 322 658 bito
350 598 430 657 ad
481 617 658 659 suam
690 599 1060 679 dignitatem
1114 600 1575 677 sustinendam,
1611 600 1723 661 sed

216 691 380 751 etiam
410 711 526 771 pro
575 692 710 752 aliis
763 692 913 753 boni
959 692 1186 771 publici
1246 693 1722 754 necessitatibus

213 785 932 846 occurrentibuszcertum
951 792 1161 845 autem
1184 787 1473 865 est,quod
1496 787 1721 865 guber-

215 880 374 937 nator
401 882 464 939 et
491 878 601 938 alii
629 878 1084 956 magistratusa
1113 898 1406 959 supremo
1435 879 1720 959 principe

211 970 505 1032 constituti
532 977 794 1051 possunt
821 970 1160 1051 aliquando
1191 991 1265 1032 ex
1303 973 1477 1051 justa
1532 991 1723 1034 eausa

210 1063 334 1122 boni
363 1064 714 1125 eommunis
744 1064 994 1143 exigere
1034 1083 1070 1124 a
1120 1064 1256 1125 cive
1287 1064 1529 1142 privato
1587 1085 1719 1125 rem

212 1155 402 1233 ipsiuS,
438 1162 508 1218 ut
537 1157 888 1218 necessitati
918 1157 1236 1218 communi
1267 1157 1676 1220 subveniatur
1701 1180 1714 1220 :

211 1247 276 1307 ad
303 1266 490 1326 quem
519 1250 708 1309 finem
739 1254 999 1329 possunt
1042 1269 1237 1330 equos
1293 1251 1444 1312 civis
1489 1251 1722 1331 privati

195 1358 520 1419 ,occupare,
555 1341 813 1403 domum
843 1343 1088 1404 auferre
1127 1343 1244 1423 ipsi
1278 1344 1467 1405 etiam
1495 1344 1715 1422 invite,

211 1432 406 1493 saltem
437 1433 639 1495 soluto
695 1435 918 1514 pretio,
972 1439 1042 1497 ut
1079 1455 1236 1515 opus
1291 1437 1609 1516 publicum
1660 1443 1723 1500 et

211 1527 612 1586 necessarium
650 1528 781 1603 fiat,
832 1531 1092 1606 urgente
1144 1529 1447 1608 pericu10,
1483 1532 1546 1589 et
1598 1530 1723 1590 alia

209 1616 521 1696 ejusmodi.
548 1618 723 1680 Sicut
751 1638 899 1698 ergo
930 1621 1012 1681 ob
1067 1622 1501 1683 necessitatem
1555 1642 1721 1683 com-

205 1728 438 1770 munem
470 1716 675 1789 potest
700 1713 1087 1790 gubernator
1116 1715 1397 1794 obligare
1429 1715 1598 1776 hunc
1627 1715 1721 1775 ei-

210 1821 329 1862 vem
349 1803 431 1863 ad
454 1802 732 1864 dandam
761 1824 896 1866 rem
926 1825 1129 1884 suam,
1162 1826 1278 1868 eur
1305 1826 1431 1867 non
1488 1809 1723 1888 poterit

209 1896 275 1956 ob
300 1896 587 1957 eamdem
633 1899 1070 1960 necessitatem
1128 1918 1526 1962 communem
1564 1901 1722 1962 obli-

206 2006 336 2066 gare
364 1989 535 2050 cives
566 1990 648 2050 ad
694 1990 1220 2053 contribuendum
1274 1994 1616 2070 modicum,
1652 1999 1721 2057 ut

208 2083 540 2144 necessitati
571 2084 1023 2145 subveniatur?
1079 2085 1223 2146 Plus
1258 2087 1425 2147 enim
1472 2087 1722 2149 videtur

208 2192 324 2234 esse
350 2175 602 2236 auferre
644 2177 723 2237 ab
754 2196 876 2238 uno
907 2177 1144 2257 aliquid
1174 2197 1496 2257 magnum,
1529 2197 1720 2259 quam

205 2285 238 2326 a
270 2268 497 2344 multis,
531 2287 803 2348 paucum
849 2287 888 2330 a
934 2268 1216 2348 singuliS,
1252 2272 1418 2351 quod
1473 2271 1722 2334 videtur

205 2379 320 2421 esse
348 2362 600 2440 exigere
629 2362 952 2424 tributum.
989 2364 1164 2424 Sicut
1209 2383 1357 2444 ergo
1391 2363 1545 2425 illud
1595 2365 1720 2441 pri-

205 2472 357 2515 mum
407 2474 534 2515 non
594 2459 849 2534 superat
902 2459 1278 2535 potestatem
1333 2457 1720 2518 ordinariam

201 2545 623 2623 gubernatoris
651 2548 1066 2624 subordinati,
1088 2567 1201 2610 cur
1229 2549 1349 2611 boc
1369 2549 1601 2611 secund
1614 2567 1718 2609 um

203 2638 365 2698 illam
395 2639 761 2720 superabit?

270 2735 414 2793 Haec
439 2733 598 2794 ratio
628 2733 785 2794 mibi
812 2734 1055 2812 suadet,
1087 2735 1402 2814 loquendo
1434 2753 1508 2795 ex
1540 2739 1717 2796 natu·

201 2843 261 2884 ra
285 2826 398 2901 rei,
423 2845 552 2886 non
582 2845 715 2887 esse
749 2845 962 2906 supra,
1011 2832 1119 2889 aut
1179 2833 1399 2889 eontra
1443 2832 1718 2906 potesta-

199 2923 314 2979 tem
366 2918 656 2981 habentis
686 2919 878 2980 alium
908 2921 1318 2999 superiorem,
1368 2939 1551 2999 posse
1595 2922 1715 2981 im-

200 3029 419 3088 ponere
447 3012 707 3089 tributa‚
743 3032 852 3074 seu
875 3012 1368 3075 contributiones
1430 3032 1714 3074 neeessa-

197 3103 307 3164 rias
345 3104 424 3165 ad
482 3104 916 3166 executionem
971 3110 1206 3166 rectam
1261 3106 1538 3166 muneris
1593 3105 1712 3167 sibi

197 3198 499 3259 commissi
526 3219 539 3260 :
575 3199 673 3260 cui
706 3199 871 3260 enim
892 3199 1256 3261 conceditur
1283 3199 1453 3276 finis,
1488 3218 1713 3261 conce-

3236 339 3353 399 609

1822 526 1889 568 se
1919 507 2240 587 imponere
2271 508 2560 588 quaedam
2590 527 2815 587 onera,
2851 527 2990 590 quae
3047 516 3353 574 vocantur

1822 601 2090 677 collectoe,
2151 604 2220 663 ut
2268 602 2350 663 ad
2404 603 2759 681 reparanda
2813 605 3067 681 moenia,
3102 608 3345 686 ponte8‚

1820 694 1975 769 vias,
2010 693 2200 755 modo
2231 713 2356 755 non
2413 695 2817 773 imponantur
2870 698 3240 777 peregrinis„
3290 703 3353 761 et

1820 785 1881 845 id
1905 787 2014 846 fiat
2041 786 2399 847 convocatis
2431 786 2692 862 civibus,
2729 789 2825 848 vel
2882 790 2988 869 qui
3018 808 3235 851 eorum
3265 791 3351 852 vi-

1821 897 1956 939 cem
1987 879 2250 941 babent:
2285 898 2409 940 non
2441 882 2608 940 enim
2639 880 2869 943 debent
2898 902 3031 943 esse
3090 890 3346 962 coactae,

1821 970 1931 1031 sed
1961 976 2322 1049 spontaneae
2354 991 2429 1032 ex
2460 974 2775 1052 suffragiis
2840 975 3099 1054 majoris
3129 979 3347 1056 partiS,

1821 1063 1918 1124 vel
1950 1064 2217 1124 duarum
2247 1065 2574 1126 tertiarum
2605 1067 2902 1145 partium,
2939 1069 3166 1148 quibus
3203 1089 3354 1132 con-

1822 1157 2009 1218 sentit
2034 1158 2282 1218 Lessius
2312 1176 2373 1219 n.
2412 1161 2506 1220 15.
2544 1164 2606 1220 et
2631 1161 2819 1239 Vasq.
2848 1160 2908 1220 d.
2941 1161 3089 1222 dub.
3111 1179 3153 1222 1.
3190 1183 3251 1225 n.
3285 1167 3345 1225 5.

1821 1250 2106 1329 quamvis
2140 1250 2238 1310 hic
2270 1270 2393 1312 non
2423 1252 2618 1314 addat
2668 1252 3100 1314 limitationem
3156 1254 3347 1333 illam,

1823 1342 2030 1423 quoad
2060 1360 2186 1402 non
2217 1343 2590 1422 exigendum
2622 1362 2659 1405 a
2687 1346 3053 1423 peregrinis,

1902 1437 2048 1496 llaec
2077 1439 2289 1496 tamen
2346 1436 2631 1498 doctrina
2691 1436 2958 1498 difficilis
2998 1439 3194 1500 videri
3239 1459 3353 1522 po-

1822 1532 1961 1603 test,
1997 1529 2143 1607 quia
2175 1529 2344 1607 quod
2381 1530 2502 1590 illae
2561 1535 2866 1591 vocentur
2920 1531 3190 1609 collecta»,
3253 1534 3352 1595 vel

1821 1621 2145 1703 vectiqalia,
2180 1641 2401 1701 parum
2431 1623 2643 1698 refert,
2679 1629 2741 1684 et
2770 1624 2835 1683 in
2866 1643 2933 1684 re
2962 1631 3108 1687 sunt
3150 1628 3350 1688 tribu-

1821 1720 1885 1777 ta
1910 1735 1924 1775 ε
1949 1715 2116 1794 quod
2147 1722 2358 1776 autem
2389 1734 2512 1776 non
2548 1720 3043 1795 extorqueantur
3071 1719 3150 1780 ab
3194 1720 3354 1780 invi-

1820 1809 1920 1884 tis,
1954 1806 2063 1868 sed
2092 1827 2130 1866 a
2159 1808 2713 1885 consentientibus,
2748 1827 2872 1870 non
2903 1811 3151 1888 suffieit,
3205 1813 3351 1892 quia

1823 1900 2074 1981 quando
2103 1901 2310 1960 minor
2339 1918 2483 1979 pars
2512 1901 2834 1977 dissentit,
2872 1903 3078 1964 adbuc
3108 1906 3187 1965 ab
3216 1923 3353 1966 om-

1820 1995 2002 2055 nibus
2032 1993 2322 2072 exigitur,
2358 1999 2419 2054 et
2447 1993 2533 2054 illi
2568 1994 2822 2073 quidem
2854 1995 3028 2057 inviti
3058 1998 3345 2072 solvunt;

1821 2106 1971 2165 ergo
2015 2104 2088 2146 ex
2111 2089 2427 2165 praecepto
2457 2087 2800 2163 superioris
2829 2089 3183 2168 obligantiS,
3244 2092 3351 2172 qui

1820 2179 1978 2240 alius
2009 2198 2145 2239 esse
2181 2197 2303 2239 non
2344 2183 2548 2256 potest
2594 2197 2666 2241 eo
2699 2198 2869 2256 casu,
2924 2182 3040 2242 nisi
3070 2201 3351 2246 commu-

1821 2271 1981 2332 nitas
2016 2289 2155 2350 qum
2186 2271 2424 2348 obligat
2446 2270 2768 2334 subditos:
2808 2272 3000 2335 habet
3039 2295 3188 2355 ergo
3215 2275 3349 2356 jam

1821 2363 2235 2428 communitas
2265 2362 2371 2423 illa
2399 2367 2772 2440 potestatem
2826 2366 2908 2425 ad
2969 2366 3352 2447 imponenda

1819 2456 2053 2518 tributa
2106 2455 2222 2515 sub
2293 2456 2543 2516 nomine
2607 2457 3031 2520 collectarum.
3112 2462 3349 2523 Deinde

1820 2547 2068 2628 quando
2099 2547 2488 2623 decuriones,
2531 2566 2638 2609 seu
2671 2550 2874 2630 capita
2906 2552 3149 2613 concilii
3181 2572 3348 2614 com-

1817 2640 2139 2701 munitatis
2168 2640 2585 2717 eonsentiunt,
2618 2659 2743 2702 non
2777 2641 2916 2704 ideo
2953 2646 3349 2707 consentiunt

1819 2733 2046 2812 singuli
2078 2733 2268 2808 civeS,
2289 2732 2438 2811 quia
2467 2732 2834 2795 decuriones
2863 2735 2948 2795 illi
2979 2737 3346 2819 plerumque

1818 2845 1941 2887 non
1973 2845 2011 2886 a
2038 2825 2267 2904 populo
2325 2824 2660 2903 eliguntur,
2695 2828 2805 2888 sed
2846 2846 2885 2888 a
2941 2829 3245 2909 principe,
3280 2834 3348 2891 ut

1817 2920 1887 2982 fit
1914 2919 1975 2980 in
2004 2917 2335 2998 praeeipuis
2366 2918 2681 2997 Hispaniae
2717 2919 3102 2983 civitatibus:
3149 2941 3343 3003 quare

1815 3031 1929 3073 nec
2002 3010 2351 3072 virtualiter
2419 3010 2597 3074 adest
2664 3011 2894 3072 civium
2967 3032 3339 3092 eonsensuS,

1814 3105 1921 3184 qui
1950 3109 2163 3166 tamen
2220 3108 2529 3182 coguntur
2586 3102 2665 3164 ad
2723 3104 3049 3168 collectam
3104 3108 3344 3169 solven-

1812 3198 1979 3262 dam.

196 3290 416 3352 duntur
441 3292 653 3352 media
669 3292 1022 3354 necessaria
1059 3292 1138 3352 ad
1166 3292 1341 3352 illum
1368 3292 1560 3353 finem
1587 3314 1599 3355 :
1635 3293 1712 3353 de
1894 3292 2070 3353 Ratio
2103 3310 2251 3371 ergo
2283 3292 2560 3371 legitima
2592 3292 2781 3354 debet
2811 3294 2972 3355 sumi
3003 3313 3076 3355 ex
3134 3293 3343 3374 proxi·
3528 3297 3571 3357 8

197 3383 351 3444 facto
380 3388 589 3445 tamen
619 3384 684 3444 id
713 3403 836 3445 non
867 3404 1049 3464 posse
1078 3386 1211 3445 fieri
1243 3385 1321 3445 ab
1352 3385 1448 3445 his
1479 3386 1711 3465 guber·
1811 3401 1911 3443 me
1940 3384 2142 3460 dictis,
2176 3385 2340 3463 quod
2371 3403 2446 3444 ex
2476 3391 2698 3446 natura
2754 3386 2842 3447 rei
2899 3389 3095 3466 possit
3121 3388 3341 3449 civitas

197 3482 328 3537 nato
343 3477 535 3553 ribus,
569 3477 691 3537 fine
720 3477 976 3557 speciali
1005 3477 1445 3539 commissione
1492 3497 1712 3556 supre-
1811 3476 1927 3537 sub
1958 3476 2255 3554 principis
2269 3476 2542 3538 dominio
2573 3478 2842 3540 existens
2872 3480 2953 3540 ad
2982 3481 3079 3540 sui
3107 3481 3337 3559 guber-

194 3569 268 3627 mi
291 3569 612 3648 principiS,
647 3570 793 3649 quia
810 3571 889 3630 de
904 3570 1069 3631 facto
1101 3570 1414 3649 principes
1434 3573 1712 3651 supremi
1812 3567 2128 3629 nationem
2158 3569 2651 3629 contributiones
2681 3573 3069 3633 necessarias
3098 3573 3341 3634 civibus

194 3660 343 3722 hanc
369 3667 744 3742 potestatem
774 3662 890 3724 sibi
947 3666 1369 3740 reservarunt,
1404 3682 1517 3724 nec
1568 3682 1709 3725 cen·
1812 3661 2156 3739 imponere,
2189 3661 2237 3721 si
2282 3661 2345 3720 id
2379 3680 2415 3721 a
2437 3662 2717 3741 principe
2748 3682 2870 3725 non
2905 3666 3334 3744 prohibeatur,

192 3760 397 3816 sentur
424 3755 597 3816 illam
629 3756 972 3817 concedere
1004 3754 1066 3815 in
1088 3754 1407 3816 ordinaria
1453 3775 1711 3817 conces·
1809 3753 1906 3814 vel
1938 3753 1990 3813 si
2021 3752 2155 3832 ejus
2187 3772 2526 3814 consensus
2581 3755 2828 3833 tacitus,
2863 3758 2962 3818 vel
3009 3778 3339 3838 expressus

193 3847 355 3908 sione
383 3849 713 3928 potestatis
742 3848 1198 3928 gubernativae,
1230 3848 1349 3909 nisi
1397 3849 1460 3908 id
1510 3849 1710 3927 expri-
1812 3846 2092 3922 accedat,
2148 3851 2333 3923 prout
2386 3846 2464 3906 de
2495 3846 2657 3908 facto
2716 3849 2962 3912 accedit
3016 3852 3094 3912 ad
3142 3851 3341 3914 dictas

196 3946 380 4002 mant.
418 3943 651 4001 Totum
683 3959 832 4019 ergo
868 3941 986 4002 hoe
1015 3941 1250 4020 pendet
1304 3960 1378 4001 ex
1433 3941 1713 4020 supremi
1812 3938 2124 4014 collectas,
2161 3957 2317 4017 quas
2346 3938 2445 3998 vel
2474 3939 2609 4017 lege
2661 3944 2722 4001 et
2777 3944 3179 4005 concessione
3235 3964 3343 4005 ex-

191 4033 480 4114 principis
521 4033 864 4109 voluntate,
900 4034 1004 4113 qui
1050 4037 1258 4113 potest
1315 4033 1710 4113 gubernandi
1809 4049 2026 4111 pressa
2056 4030 2377 4110 imponere
2408 4032 2853 4111 permittuntur
2880 4034 2941 4094 in
2971 4037 3157 4099 certis
3188 4038 3341 4098 casi-

187 4131 557 4204 potestatem
586 4126 933 4187 concedere
965 4126 1118 4204 sine,
1153 4127 1252 4187 vel
1299 4146 1443 4188 cum
1474 4127 1592 4188 hac
1637 4127 1711 4187 li·
1811 4124 1951 4200 buS,
1985 4124 2084 4183 vel
2112 4127 2280 4185 certe
2324 4142 2400 4184 ex
2454 4124 2643 4185 tacito
2675 4126 2975 4203 principis
3006 4146 3336 4208 consensu,

203 4220 545 4296 mitatione,
579 4220 657 4280 de
685 4219 848 4280 laeto
877 4224 1087 4281 autem
1144 4238 1392 4298 semper
1443 4219 1712 4282 limitare
1814 4216 1920 4296 qui
1952 4216 2112 4277 hanc
2142 4216 2659 4278 consuetudinem
2715 4218 2920 4279 sciens
2950 4226 3013 4282 et
3042 4240 3164 4282 non
3196 4241 3343 4301 pro-

189 4310 638 4391 intelliguntur,
661 4312 820 4373 adeo
863 4314 932 4372 ut
952 4310 1198 4372 etiamsi
1236 4331 1345 4372 rex
1374 4312 1714 4373 constituat
1815 4309 2036 4370 bibens
2064 4327 2138 4369 eo
2169 4309 2302 4388 ipso
2359 4310 2607 4371 videtur
2664 4311 2925 4373 tacitum
2967 4332 3343 4377 eonsensum

192 4404 461 4484 aliquem
507 4405 812 4466 vicarium
860 4423 1065 4480 suum,
1099 4409 1168 4466 ut
1220 4404 1575 4484 viceregem
1603 4423 1714 4484 ge-
1814 4402 2419 4464 exhibere.Potestas
2440 4421 2587 4482 ergo
2619 4405 3111 4469 extenditurtam
3134 4410 3340 4489 quoad

189 4497 483 4573 neralem,
519 4497 701 4578 eique
729 4497 965 4576 regalia
994 4497 1321 4573 concedat,
1355 4516 1479 4558 non
1502 4516 1712 4558 cense-
1814 4496 2215 4575 quantitateS,
2267 4515 2456 4575 quam
2488 4498 2692 4575 quoad
2723 4516 3022 4576 personas
3053 4520 3192 4581 quae
3221 4504 3346 4564 sol-

188 4593 326 4650 atur
369 4589 582 4651 adbuc
659 4590 822 4651 hanc
903 4594 1279 4670 potestatem
1333 4590 1712 4651 concessisse
1813 4607 1960 4648 vere
1993 4588 2247 4664 debent,
2283 4592 2345 4650 et
2373 4589 2580 4668 quoad
2615 4589 2768 4651 alias
2820 4592 3338 4673 circumstantias,

186 4683 393 4744 verbis
438 4683 559 4743 illis
614 4683 1036 4762 generalibus,
1083 4682 1201 4743 nisi
1259 4683 1586 4761 exprimat,
1647 4686 1716 4744 ut
1815 4687 2116 4761 quantum
2147 4682 2442 4761 principis
2471 4683 2789 4745 concessio
2821 4687 3344 4769 extenditur,quae

189 4793 332 4839 cum
361 4777 665 4853 cumane,
705 4779 767 4838 et
792 4775 927 4837 aliis
965 4775 1224 4837 resolvit
1276 4775 1507 4837 Sanch.
1556 4775 1620 4836 d.
1654 4794 1709 4836 c.
1815 4773 1877 4834 in
1907 4773 2094 4833 variis
2122 4775 2275 4835 locis
2302 4774 2508 4835 varias
2535 4774 2960 4855 limitationeS,
2994 4785 3103 4841 aut
3130 4787 3345 4844 exten-

186 4884 271 4930 ιν.
309 4868 459 4930 dub.
495 4886 592 4930 111.
626 4870 717 4930 Ex
750 4869 870 4931 hoc
896 4874 1107 4931 autem
1136 4868 1543 4929 fundamento
1592 4867 1716 4928 alia
1817 4867 2023 4928 siones
2053 4866 2264 4943 habet,
2292 4867 2473 4946 juxta
2501 4869 2706 4929 varias
2752 4870 2922 4949 leges
2978 4877 3042 4934 et
3085 4893 3349 4936 consue-

189 4961 380 5023 dubia
407 4962 651 5024 facilius
678 4963 1196 5041 resolvipossunt.
1817 4960 2066 5021 tudines
2097 4961 2526 5040 municipaleS,
2562 4980 2702 5041 quae
2751 4965 3147 5028 consulenda}
3203 4973 3349 5032 sunt

266 5056 605 5118 Dubitatur
632 5074 779 5136 ergo
810 5055 1013 5132 tertie,
1060 5074 1139 5116 an
1171 5055 1389 5117 civitas
1418 5055 1515 5117 vel
1546 5073 1718 5117 com-
1819 5071 1896 5113 ne
1926 5052 2328 5114 excedantur.

193 5149 474 5210 munitas
503 5150 890 5228 superiorem
916 5148 1265 5228 principem
1295 5148 1533 5210 habens
1577 5167 1717 5227 pos·
1900 5145 2233 5206 Dubitatur
2259 5151 2503 5224 quarte,
2547 5147 2623 5207 de
2654 5147 2938 5227 ducibus,
2964 5153 3345 5215 marchioni·
3531 5181 3569 5239 9

115 5229 140 5274 ’-
193 5244 274 5304 sit
289 5243 629 5323 aliquando
659 5242 896 5321 absque
932 5241 1230 5320 principis
1260 5241 1556 5302 facultate
1605 5241 1719 5300 im·
1818 5238 1936 5298 bus
1964 5242 2026 5299 et
2053 5238 2189 5298 aliis
2218 5237 2486 5299 dominis
2518 5240 2627 5318 qui
2657 5240 2774 5301 sub
2806 5259 2952 5320 rege
2976 5249 3141 5322 sunt,
3173 5251 3236 5308 et
3265 5247 3345 5308 ab
3514 5304 3555 5346 ,d
3590 5303 3617 5346 d

115 5327 131 5339 ’
189 5353 427 5414 ponere
455 5335 949 5398 contributiones
977 5335 1057 5395 ad
1083 5333 1487 5396 necessitates
1516 5332 1723 5412 publi-
1822 5349 1896 5391 eo
1916 5335 2296 5408 acceperunt
2324 5331 2507 5390 simul
2545 5330 2651 5411 jus
2681 5333 2762 5393 ad
2804 5335 3060 5413 tributa,
3096 5356 3175 5398 an
3203 5358 3351 5418 pos-
3481 5316 3643 5402 ominis

189 5446 296 5489 eas
324 5427 569 5509 ?Cajet.
602 5429 777 5489 verb.
812 5427 1117 5507 vectiyalia
1144 5426 1369 5508 iniqua,
1407 5426 1722 5505 ‹lieit,pos-
1823 5423 1946 5484 sint
1974 5442 2137 5483 nova
2158 5422 2527 5501 imponere?
2557 5425 2916 5503 Respondet
2972 5429 3130 5491 bene
3185 5433 3352 5495 idem
3416 5413 3684 5457 vannorum.

505 5524 666 5586 Tou.
709 5523 842 5585 vll.
2960 5524 3036 5582 39
