4263 6376
105 1777 173 1981 seza}-

1160 341 1632 411 DISPUTATIO
1675 339 1922 423 xxvll,
1970 338 2247 409 snc'rlo
2291 338 2366 406 X.
3240 342 3357 406 383

1816 522 2027 603 quoad
2075 522 2324 603 pondus
2369 526 2434 584 et
2478 521 2929 601 perfectionem
2979 520 3246 600 argenti,
3299 524 3362 582 et

1810 616 2019 697 quoad
2046 616 2321 695 sigillum
2355 635 2368 676 :
2396 618 2457 676 et
2477 615 2595 677 hoc
2626 615 2903 677 secundo
2932 614 3120 675 modo
3152 613 3359 692 magis

1810 712 2099 771 servatur
2150 708 2444 771 identitas
2472 708 2658 786 pretii
2703 708 2947 787 accepti
2994 710 3057 769 et
3103 705 3357 782 redditi,

1813 800 1961 880 quia
1989 801 2092 861 ille
2147 800 2303 861 alius
2358 801 2532 862 valor
2568 801 2957 880 respectivus
3014 804 3108 863 est
3159 798 3362 876 magis

669 861 712 942 S
740 860 790 944 Β
818 858 866 944 G
895 861 944 947 Τ
975 861 1006 945 Ῐ
1033 861 1089 944 0
1151 860 1234 949 X.
1813 893 2198 957 extrinsecus
2226 898 2288 955 et
2316 894 2743 972 accidentalis,
2764 895 3131 972 desumptus
3162 911 3236 953 ex
3257 910 3362 952 va-

1813 987 1922 1048 riis
1973 987 2460 1049 circumstantiis
2505 987 2890 1049 extrinsecis,
2928 988 3132 1060 Quare
3160 984 3364 1064 magis

1812 1078 2063 1141 videtur
2091 1079 2332 1141 servari
2376 1079 2652 1141 conditio
2682 1080 2890 1157 bullae,
2925 1079 2977 1139 si
3003 1083 3258 1159 pactum
3286 1077 3367 1139 sit

213 1154 405 1216 &mm
431 1153 686 1234 ⁰bl2'9ffl'i
704 1155 885 1237 P⁰⁸Si²
913 1152 1179 1215 vendit&
1205 1151 1285 1215 “d
1309 1171 1535 1217 ‘emm
1564 1151 1715 1214 redi·
1815 1172 1893 1232 de
1928 1171 2266 1232 reddendis
2292 1173 2557 1234 totidem
2587 1172 2829 1234 ducatis
2873 1171 3131 1251 aequalis
3160 1172 3366 1250 perfe-

276 1260 529 1322 mendum
558 1281 673 1322 non
698 1261 883 1323 solum
911 1259 1104 1322 eodem
1127 1259 1342 1341 pretio,
1394 1258 1497 1321 sed
1519 1257 1716 1321 eadem
1814 1265 2037 1326 ctionis
2065 1269 2129 1326 et
2141 1264 2351 1343 sigilli,
2386 1283 2577 1345 quam
2606 1264 2656 1326 si
2684 1266 2765 1327 sit
2794 1264 2872 1325 de
2901 1264 3231 1326 reddenda
3261 1282 3364 1324 eo-

277 1377 491 1430 moneea
517 1368 578 1429 in
602 1369 807 1449 specie,
1815 1376 1956 1420 rum
2012 1358 2428 1421 aestimatione
2474 1358 2704 1421 futura.
2764 1357 3059 1431 Quamvis
3106 1376 3229 1419 non
3259 1375 3365 1418 ne—

1814 1470 1982 1530 gem,
2010 1469 2194 1530 posse
2241 1451 2452 1526 etiam,
2486 1455 2691 1517 stante
2718 1451 2912 1528 bulla,
2945 1455 3202 1531 pactum
3228 1450 3366 1512 fieri

1816 1546 1895 1606 de
1960 1544 2301 1606 reddendis
2354 1549 2534 1608 6000.
2593 1544 2792 1621 libris,
2852 1563 2925 1606 eo
2985 1544 3153 1623 quod
3184 1546 3361 1609 1000.

279 1640 359 1699 De
384 1638 500 1699 hoc
526 1641 712 1717 pacto
742 1640 887 1699 ante
934 1635 1292 1716 quindecim
1333 1653 1534 1697 annos
1562 1635 1717 1698 acri·
1816 1638 2050 1715 ducati,
2103 1638 2210 1717 qui
2240 1657 2407 1699 nunc
2457 1640 2707 1715 dantur,
2756 1637 3177 1717 aequivaleant
3202 1654 3369 1697 nunc

212 1735 294 1793 ter
323 1736 791 1792 controversum
818 1729 955 1805 fuit,
988 1747 1068 1790 an
1097 1729 1265 1791 licite
1297 1733 1718 1808 apponeretur
1816 1731 2044 1809 singuli
2099 1750 2210 1791 sex
2237 1731 2434 1794 libris.
2493 1733 2652 1795 Nam
2682 1735 2831 1793 ωηο
2863 1731 3053 1794 etiam
3083 1735 3369 1793 servatur

210 1824 263 1883 in
291 1842 492 1899 censu,
544 1828 614 1885 ut
656 1823 917 1885 deberet
957 1822 1184 1883 redimi
1223 1826 1318 1884 tot
1345 1822 1589 1883 ducatis
1616 1840 1719 1882 ar·-
1817 1824 2111 1886 identitas
2140 1825 2326 1902 pretii
2372 1824 2701 1900 reddendi,
2753 1843 2827 1886 eo
2858 1824 3027 1903 quod
3057 1842 3225 1885 nuno
3252 1822 3370 1883 du-

208 1918 427 1996 genteis
460 1916 1051 1990 Mediolanensibu5‚
1103 1920 1258 1994 quot
1297 1920 1543 1993 emptus
1583 1915 1720 1974 fue-
1817 1917 1937 1979 cati
1966 1935 2092 1978 non
2121 1918 2452 1979 solvuntur
2477 1916 2827 1981 formaliter
2857 1922 2927 1978 ut
2971 1917 3203 1993 ducati,
3255 1916 3368 1978 sed

209 2014 312 2085 rat,
340 2010 466 2070 sive
485 2009 665 2071 valor
683 2009 894 2070 ducati
918 2007 1199 2086 argentei
1221 2011 1554 2084 cresceret,
1585 2008 1717 2068 sive
1817 2009 2229 2072 materialiter
2277 2014 2341 2073 et
2391 2011 2653 2072 intentio
2702 2010 3005 2090 emptoris
3034 2013 3130 2071 est
3158 2028 3368 2071 emere

209 2121 318 2164 non
345 2106 670 2164 cresceret.
732 2102 1065 2181 Multisque
1115 2100 1476 2162 doctoribus
1515 2100 1720 2162 visum
1817 2121 2075 2164 censum
2101 2107 2280 2166 6000.
2317 2104 2512 2179 libris,
2549 2122 2704 2183 quas
2734 2103 2920 2167 solvit
2940 2103 3149 2165 dando
3184 2105 3361 2165 1000.

209 2197 310 2258 fuit
358 2202 610 2275 pactum
665 2196 949 2257 illicitum
1005 2198 1260 2273 propter
1313 2212 1490 2269 onus,
1551 2192 1719 2272 quod
1819 2197 2100 2272 ducatm,
2156 2196 2264 2275 qui
2293 2215 2458 2257 nunc
2516 2196 2899 2276 aequivalent
2926 2198 3104 2259 6000.
3158 2196 3362 2271 libris,

210 2290 497 2352 venditori
553 2289 989 2368 apponebatur
1047 2308 1060 2349 :
1137 2305 1335 2366 eaque
1391 2286 1721 2348 occasione
1820 2294 2008 2367 atque
2038 2288 2182 2351 ideo
2221 2288 2433 2351 ducati
2461 2293 2609 2351 sunt
2637 2289 2701 2349 in
2728 2289 3063 2364 solutione,
3095 2293 3158 2350 et
3183 2288 3366 2349 librae

209 2383 422 2461 prodiit
474 2384 535 2442 in
587 2383 791 2444 lucem
847 2382 1058 2460 Papiae
1108 2380 1477 2459 opusculum
1522 2378 1722 2458 quod·
1818 2382 1884 2442 in
1914 2381 2317 2460 obligatione,
2354 2386 2422 2444 ut
2467 2382 2687 2443 dicunt
2724 2382 2992 2461 juristae.
3054 2381 3118 2445 Si
3149 2384 3368 2443 tamen

213 2476 343 2536 dam
413 2478 485 2537 R.
570 2478 637 2536 P.
716 2474 1053 2553 Augustini
1138 2473 1434 2536 Ubaldini
1501 2474 1723 2535 Soma-
1821 2479 2069 2554 emptor
2095 2475 2248 2535 velit
2276 2492 2485 2535 emere
2513 2478 2685 2537 1000.
2721 2474 2966 2536 ducatis
2994 2473 3366 2550 formaliter,

212 2569 471 2629 schensis
522 2570 756 2646 Congr.
833 2566 1112 2645 theologi
1142 2611 1158 2642 ,
1240 2565 1356 2627 viri
1425 2565 1489 2626 in
1555 2565 1722 2645 genii
1822 2568 2037 2629 ducati
2064 2568 2303 2628 suntin
2333 2568 2665 2645 solutione,
2692 2573 2756 2630 et
2783 2568 2847 2627 in
2879 2567 3285 2645 obligatione,
3311 2569 3374 2625 et

213 2662 376 2738 acrizz,
427 2665 488 2724 et
535 2661 836 2723 doctrinae
885 2678 1011 2721 non
1066 2659 1365 2738 vulgaris,
1423 2662 1572 2721 ωηο
1613 2661 1727 2718 Pa·
1822 2661 1988 2738 ide0‚
2017 2666 2086 2723 ut
2113 2661 2282 2722 idem
2304 2660 2578 2739 pretium
2596 2661 2920 2736 reddatur,
2946 2657 3374 2720 debenti-eddi

210 2756 337 2832 piae,
391 2773 561 2816 nunc
596 2772 747 2816 vero
793 2756 1007 2816 Romae
1036 2752 1369 2830 theologiae
1416 2752 1725 2830 professo·-
1825 2757 2002 2815 1000.
2039 2754 2272 2815 ducati.
2311 2753 2488 2826 Quod
2520 2753 2680 2815 adeo
2708 2771 2929 2815 verum
2960 2752 3271 2827 existimo,
3304 2754 3374 2821 ut

210 2847 304 2924 ris,
334 2866 452 2927 quo
483 2847 856 2927 praedictum
886 2851 1143 2924 pactum
1181 2846 1461 2907 validum
1491 2849 1553 2906 et
1586 2844 1722 2904 lici·
1822 2848 1970 2910 licet
1988 2852 2234 2926 emptor
2261 2865 2387 2908 non
2413 2847 2692 2909 dedisset
2720 2846 2982 2909 ducatos
3009 2850 3367 2924 argenteae,

211 2944 330 3002 tum
356 2960 488 3002 esse
516 2941 666 3017 late,
717 2943 779 3001 et
806 2940 1050 3000 erudite
1089 2938 1399 3018 probavit,
1450 2937 1549 2998 cui
1579 2955 1728 3015 opu·
1823 2940 1936 3001 sed
1965 2940 2152 3001 aliam
2199 2944 2540 3016 monetam,
2599 2958 2661 3002 v.
2695 2958 2758 3018 g.
2799 2956 3090 3000 nummos
3145 2954 3374 3001 aureos

212 3035 363 3095 sculo
382 3035 597 3097 titulus
617 3038 732 3108 est,
756 3033 947 3092 Sacra
963 3032 1325 3093 consultatio.
1360 3032 1490 3109 Ego
1513 3034 1723 3090 autem
1822 3033 2230 3113 adaequantes
2274 3034 2554 3094 valorem
2610 3036 2986 3110 praesentem
3019 3034 3196 3093 1000.
3254 3030 3372 3091 du-

213 3128 509 3190 consultus
556 3126 854 3206 respondi
879 3125 1156 3188 breviter
1183 3124 1269 3200 id,
1321 3123 1491 3204 quod
1521 3122 1719 3202 praed.
1819 3131 2103 3188 catorum
2157 3130 2623 3205 argenteorum,
2669 3129 2732 3187 et
2784 3126 3003 3187 volens
3033 3123 3203 3205 quod
3232 3141 3374 3202 pre-

213 3226 412 3282 auctor
454 3239 571 3300 pro
602 3238 716 3281 sua
767 3218 829 3280 in
858 3237 960 3280 me
1005 3217 1447 3279 benevolentia
1475 3216 1723 3277 honori·
1816 3221 1973 3282 tium
2001 3221 2125 3283 sint
2154 3223 2329 3282 1000.
2366 3219 2576 3281 ducati
2608 3218 2916 3298 argentei,
2960 3236 3121 3297 quos
3176 3217 3371 3280 modo

212 3315 315 3374 fiee
340 3316 574 3375 referre
603 3313 899 3391 dignatus
926 3311 1137 3373 fuitin
1166 3311 1228 3371 d.
1282 3328 1497 3389 opusc.
1530 3310 1587 3387 ἓ.
1619 3312 1718 3371 69.
1819 3313 2005 3374 solvit
2030 3313 2094 3373 in
2149 3313 2273 3374 alia
2322 3317 2614 3385 moneta3
2676 3315 2898 3390 postea
2953 3314 3022 3371 ut
3075 3309 3375 3371 identitas

212 3408 307 3486 qui
342 3408 484 3469 licet
528 3405 988 3485 aliquantulum
1034 3404 1099 3464 in
1140 3402 1415 3484 quadam
1463 3403 1724 3463 circum·
1822 3406 2006 3485 pretii
2045 3410 2354 3480 servetur,
2388 3424 2516 3467 non
2573 3405 2855 3466 debeant
2895 3403 3081 3464 reddi
3108 3402 3374 3466 totidem

213 3502 422 3562 stantia
448 3500 712 3561 minoris
737 3497 1042 3559 momenti
1068 3515 1108 3556 a
1133 3515 1276 3558 meo
1303 3514 1603 3574 responso
1635 3495 1726 3557 di·
1822 3499 2063 3560 nummi
2090 3499 2286 3576 aurei,
2322 3502 2473 3577 quot
2501 3497 2744 3576 accepti
2771 3497 2916 3572 sint,
2949 3496 3064 3557 sed
3091 3500 3185 3558 tot
3214 3499 3373 3576 quot

212 3593 447 3654 scedere
474 3593 787 3668 videatur,
840 3592 904 3651 in
933 3609 1000 3652 re
1028 3595 1239 3653 tamen
1267 3593 1485 3668 postea
1528 3609 1593 3651 η.
1620 3591 1719 3649 73.
1823 3598 1973 3654 ωηο
2001 3592 2466 3672 aequivalebant
2508 3593 2685 3653 1000.
2735 3589 2980 3652 ducatis
3028 3588 3369 3667 argenteis,

212 3686 441 3748 videtur
465 3687 531 3747 in
555 3704 630 3747 ea
649 3685 838 3748 etiam
859 3684 1327 3745 circumstantia
1347 3682 1721 3758 consentire,
1823 3685 1953 3747 sive
1982 3685 2216 3765 plures,
2250 3684 2381 3744 sive
2400 3683 2733 3763 pauciores
2761 3682 2887 3744 sint
2919 3701 2995 3743 ex
3016 3681 3374 3744 incremen-

212 3784 273 3840 ut
294 3780 665 3841 videbimus.
1510 3852 1521 3860 ,
1824 3783 1910 3856 to,
1945 3779 2043 3840 vel
2098 3777 2498 3838 decremento
2554 3775 2985 3838 aestimationis
3039 3771 3376 3836 subsecuto

281 3876 487 3954 ltaque
545 3873 627 3934 ad
682 3890 957 3951 proesens
1016 3869 1277 3932 dubium
1330 3867 1627 3948 respondi
1668 3872 1732 3930 et
1825 3872 1890 3932 in
1917 3870 2503 3949 auro,velargento.
2529 3867 2846 3941 Quiatunc
2875 3866 3111 3930 scilicet
3138 3865 3379 3926 nummi

105 4005 133 4047 ᾗ,
211 3966 419 4028 iterum
448 3967 801 4046 respondeo
832 3964 1317 4044 prohibitionem
1346 3963 1535 4041 huJus
1562 3962 1730 4040 pacti
1827 3965 2002 4027 aurei
2030 3965 2264 4024 fuerint
2290 3963 2354 4023 in
2375 3962 2706 4039 solutione,
2739 3961 2806 4022 in
2854 3960 3239 4038 obligatione
3280 3964 3380 4021 ta·
3487 3987 3490 3992 ⁴

148 4094 157 4104 ·
212 4061 580 4123 considerari
624 4079 809 4140 posse
841 4059 936 4120 vel
973 4078 1048 4119 ex
1094 4057 1266 4118 bulla
1296 4057 1389 4118 Pii
1418 4059 1492 4120 V.
1525 4056 1628 4116 vel
1656 4074 1729 4117 ex
1827 4077 1974 4121 men
2015 4058 2269 4118 fuerunt
2321 4055 2537 4116 ducati
2591 4053 2900 4133 argentei,
2938 4052 3041 4133 qui
3075 4071 3150 4113 ex
3179 4052 3378 4114 intenff

210 4153 332 4234 jure
357 4161 620 4218 naturae.
653 4156 744 4215 Ex
763 4152 965 4233 primo
986 4152 1214 4230 capite,
1233 4169 1458 4229 nempe
1478 4150 1733 4210 exbulla
1827 4154 1997 4215 tione
2027 4149 2541 4212 contrahenitum
2570 4147 2756 4209 soluti
2786 4147 3042 4208 fuerunt
3096 4145 3159 4208 in
3196 4164 3380 4207 num-2

213 4267 439 4326 cense0,
471 4249 645 4311 nullo
664 4248 854 4308 modo
877 4265 1012 4307 esse
1029 4244 1436 4325 prohibitum,
1462 4243 1573 4304 sed
1591 4247 1736 4323 post
1828 4245 1947 4307 mis
1978 4244 2206 4305 aureis.
2241 4245 2331 4304 Ex
2359 4241 2534 4303 bulla
2561 4241 2773 4320 itaque
2805 4238 2958 4302 nihil
3007 4239 3243 4318 apponi
3270 4256 3378 4317 po-

211 4342 426 4405 bullam
473 4343 699 4405 eodem
726 4341 916 4403 modo
949 4340 1135 4401 licere
1181 4339 1244 4398 in
1264 4339 1340 4398 iis
1367 4336 1637 4413 casibus,
1668 4336 1733 4396 in
1829 4342 1952 4402 test
1985 4341 2206 4399 contra
2261 4335 2635 4415 praedictum
2688 4338 2967 4413 pactum,
3029 4352 3174 4394 cum
3227 4334 3379 4395 ωηο

214 4438 420 4516 quibus
445 4439 669 4499 liceret
695 4435 937 4497 seclusa
963 4433 1156 4495 bulla.
1197 4431 1354 4505 Quia
1382 4430 1584 4492 solum
1610 4432 1731 4491 sta·
1829 4430 2031 4511 magis
2058 4428 2381 4491 observari
2408 4429 2700 4491 videatur
2720 4428 2986 4489 facultas
3001 4426 3223 4489 eodem
3242 4441 3382 4504 pre-

214 4531 416 4609 tuitur,
447 4531 618 4612 quod
646 4529 941 4591 venditor
966 4526 1235 4588 retineat
1263 4542 1516 4603 semper
1542 4523 1739 4584 facul·
1829 4525 1918 4588 tio
1947 4524 2325 4585 redimendi.

213 4626 386 4686 tatem
412 4622 766 4686 redimendi
809 4637 1065 4682 censum
1121 4617 1343 4679 eodem
1380 4616 1580 4695 pretio
1608 4634 1733 4696 quo
1908 4617 2253 4699 Loquendo
2282 4618 2494 4678 autem
2523 4614 2603 4677 de
2624 4615 2769 4696 Jure
2799 4618 3064 4692 naturae,
3098 4612 3247 4690 dixi,
3273 4631 3382 4692 pa·
3527 4632 3640 4692 137

213 4718 585 4780 vendiderat.
619 4715 919 4778 identitas
946 4716 1158 4774 autem
1184 4710 1366 4790 pretii
1385 4713 1594 4790 potest
1620 4709 1737 4771 du·
1832 4716 2001 4774 ctum
2046 4709 2203 4771 illud
2246 4709 2488 4771 licitum
2533 4708 2728 4770 etiam
2773 4727 2910 4770 esse
2939 4707 2992 4769 si
3021 4708 3267 4787 aequale
3295 4706 3377 4769 sit
3483 4756 3587 4809 Quid
3619 4758 3672 4800 de

214 4810 441 4890 pliciter
468 4807 879 4883 considerari,
910 4823 1136 4885 nempe
1155 4804 1256 4865 vel
1285 4803 1510 4864 eodem
1533 4803 1733 4881 pretio
1828 4804 2179 4885 periculum
2208 4801 2592 4865 decrementi
2622 4821 2699 4863 ac
2744 4800 3121 4864 incrementi
3147 4799 3378 4862 valoris
3426 4810 3519 4867 jure
3552 4815 3725 4855 mmm.

215 4903 539 4967 formaliter
567 4902 775 4984 quoad
805 4899 1305 4974 oestimationem,
1325 4897 1413 4958 ita
1424 4899 1494 4958 ut
1510 4896 1564 4957 si
1593 4914 1735 4957 cen·
1832 4897 2047 4974 futuri,
2082 4901 2146 4958 et
2173 4895 2604 4957 aestimationis
2632 4895 2696 4955 in
2725 4895 2835 4957 tali
2853 4894 3062 4974 specie
3082 4897 3376 4970 monetae,

215 5015 307 5058 sus
337 5003 578 5079 emptus
606 4998 725 5058 fuit
742 4994 912 5056 mille
933 4992 1198 5068 ducatis,
1223 5009 1492 5070 quorum
1508 4989 1736 5068 singuli
1832 4991 1932 5053 vel
1970 4990 2022 5050 si
2048 4989 2208 5051 forte
2255 4989 2460 5069 major
2486 4988 2566 5050 sit
2584 5007 2728 5067 spes
2756 4988 2926 5067 quod
2957 4987 3186 5048 debeat
3210 5004 3382 5046 cres-

218 5091 671 5152 aestimabantur
683 5087 1007 5161 tunclibri,
1029 5104 1138 5146 sex
1154 5084 1330 5146 reddi
1362 5084 1632 5146 debeant
1644 5086 1737 5144 tot
1835 5102 1975 5143 cere
2026 5082 2161 5163 ejus
2216 5082 2568 5158 aestimatiO,
2627 5083 2691 5141 et
2729 5081 2906 5141 valor
2958 5081 3022 5139 in
3075 5080 3376 5154 futurum,

219 5179 1241 5266 ducati,quotposteasufficiantad
1258 5178 1736 5240 aestimationem
1834 5180 2080 5255 emptor
2104 5173 2407 5236 ascendat
2445 5174 2509 5233 in
2553 5173 2777 5253 pretio,
2827 5172 3045 5251 quanti
3087 5190 3233 5251 spes
3274 5171 3381 5230 illa

218 5281 300 5338 tot
321 5280 997 5358 librarum,quotantea
1013 5270 1736 5352 correspondebantmil-
1835 5269 2268 5345 oestimabitur‚
2303 5271 2367 5329 et
2410 5284 2756 5346 gravamen
2784 5265 2938 5328 illud
2968 5265 3138 5345 quod
3166 5263 3382 5326 vendi-

218 5368 271 5429 le
283 5366 1268 5450 ducatis.Velpotestconsiderari
1289 5365 1582 5427 identitas
1598 5381 1735 5442 pre·-
1834 5362 1954 5425 tori
1984 5361 2343 5442 apponitur.
2398 5361 2599 5434 Quam
2646 5359 3020 5421 sententiam
3050 5362 3265 5423 tenere
3294 5357 3382 5420 vi-

218 5462 277 5522 tii
303 5465 505 5544 quoad
524 5465 802 5526 valorem
825 5461 1255 5537 intrinsecum,
1277 5459 1366 5521 ita
1380 5461 1451 5520 ut
1468 5457 1740 5518 debeant
1834 5455 2019 5518 detur
2045 5454 2295 5517 Lessius
2323 5453 2385 5515 d.
2420 5470 2476 5514 ο.
2510 5454 2700 5515 XXII.
2735 5452 2886 5514 dub.
2921 5468 3059 5515 vm.
3093 5454 3158 5515 et
3203 5450 3383 5513 Salas

219 5555 384 5619 reddi
408 5557 669 5622 totidem
696 5556 865 5618 mille
893 5554 1104 5618 ducati
1133 5551 1418 5635 ejusdem
1441 5550 1739 5614 bonitatis
1837 5549 1990 5639 dub:
2022 5551 2218 5631 xxlv.[
2247 5546 2355 5630 qui
2400 5546 2561 5610 bene
2591 5546 2951 5625 advertunt,
2979 5544 3218 5610 licitum
3247 5562 3382 5608 esse
