<?xml version="1.0" encoding="UTF-8"?>
<!DOCTYPE html PUBLIC "-//W3C//DTD XHTML 1.0 Transitional//EN"
    "http://www.w3.org/TR/xhtml1/DTD/xhtml1-transitional.dtd">
<html xmlns="http://www.w3.org/1999/xhtml" xml:lang="en" lang="en">
 <head>
  <title>
</title>
<meta http-equiv="Content-Type" content="text/html;charset=utf-8" />
  <meta name='ocr-system' content='tesseract 3.04.00' />
  <meta name='ocr-capabilities' content='ocr_page ocr_carea ocr_par ocr_line ocrx_word'/>
</head>
<body>
  <div class='ocr_page' id='page_1' title='image "./joannisdelugodi00lugogoog_0675.png"; bbox 0 0 4263 6376; ppageno 0'>
   <div class='ocr_carea' id='block_1_1' title="bbox 57 2068 131 2127">
    <p class='ocr_par' dir='ltr' id='par_1_1' title="bbox 57 2068 131 2127">
     <span class='ocr_line' id='line_1_1' title="bbox 57 2068 131 2127; baseline 0.027 -2"><span class='ocrx_word' id='word_1_1' title='bbox 57 2068 131 2127; x_wconf 65' lang='lat' dir='ltr'>2oe</span> 
     </span>
    </p>
   </div>
   <div class='ocr_carea' id='block_1_2' title="bbox 56 2193 189 2460">
    <p class='ocr_par' dir='ltr' id='par_1_2' title="bbox 56 2193 189 2342">
     <span class='ocr_line' id='line_1_2' title="bbox 56 2193 189 2246; baseline 0 0"><span class='ocrx_word' id='word_1_2' title='bbox 56 2193 119 2233; x_wconf 62' lang='grc' dir='ltr'>»ὀ</span> <span class='ocrx_word' id='word_1_3' title='bbox 135 2206 189 2246; x_wconf 69' lang='grc' dir='ltr'>ν·-</span> 
     </span>
     <span class='ocr_line' id='line_1_3' title="bbox 57 2249 188 2288; baseline 0 -1"><span class='ocrx_word' id='word_1_4' title='bbox 57 2249 188 2288; x_wconf 58' lang='lat' dir='ltr'>mnu„</span> 
     </span>
     <span class='ocr_line' id='line_1_4' title="bbox 61 2300 157 2342; baseline 0 -1"><span class='ocrx_word' id='word_1_5' title='bbox 61 2300 157 2342; x_wconf 53' lang='lat' dir='ltr'>abac</span> 
     </span>
    </p>

    <p class='ocr_par' dir='ltr' id='par_1_3' title="bbox 56 2355 184 2460">
     <span class='ocr_line' id='line_1_5' title="bbox 57 2355 171 2395; baseline 0.009 -1"><span class='ocrx_word' id='word_1_6' title='bbox 57 2355 171 2395; x_wconf 56' lang='lat' dir='ltr'>sesu-</span> 
     </span>
     <span class='ocr_line' id='line_1_6' title="bbox 56 2410 184 2460; baseline 0 -10"><span class='ocrx_word' id='word_1_7' title='bbox 56 2410 184 2460; x_wconf 63' lang='grc' dir='ltr'>μωιιω</span> 
     </span>
    </p>
   </div>
   <div class='ocr_carea' id='block_1_3' title="bbox 64 5328 84 5388">
    <p class='ocr_par' dir='ltr' id='par_1_4' title="bbox 64 5328 84 5388">
     <span class='ocr_line' id='line_1_7' title="bbox 64 5328 84 5388; baseline 0 0"><span class='ocrx_word' id='word_1_8' title='bbox 64 5328 84 5388; x_wconf 69' lang='grc'>1</span> 
     </span>
    </p>
   </div>
   <div class='ocr_carea' id='block_1_4' title="bbox 1158 305 2449 383">
    <p class='ocr_par' dir='ltr' id='par_1_5' title="bbox 1158 305 2449 383">
     <span class='ocr_line' id='line_1_8' title="bbox 1158 305 2449 383; baseline 0.004 -19"><span class='ocrx_word' id='word_1_9' title='bbox 1158 305 1629 371; x_wconf 77' lang='lat' dir='ltr'>DlSPU&#39;rATlo</span> <span class='ocrx_word' id='word_1_10' title='bbox 1675 306 1950 383; x_wconf 77' lang='lat' dir='ltr'>xxxvl,</span> <span class='ocrx_word' id='word_1_11' title='bbox 2000 307 2275 369; x_wconf 77' lang='lat' dir='ltr'>SECTIO</span> <span class='ocrx_word' id='word_1_12' title='bbox 2323 310 2449 370; x_wconf 82' lang='lat' dir='ltr'>vll.</span> 
     </span>
    </p>
   </div>
   <div class='ocr_carea' id='block_1_5' title="bbox 204 481 1754 5587">
    <p class='ocr_par' dir='ltr' id='par_1_6' title="bbox 223 481 1744 2031">
     <span class='ocr_line' id='line_1_9' title="bbox 284 481 1734 560; baseline -0.003 -15"><span class='ocrx_word' id='word_1_13' title='bbox 284 488 382 545; x_wconf 86' lang='lat' dir='ltr'>An</span> <span class='ocrx_word' id='word_1_14' title='bbox 413 501 565 545; x_wconf 81' lang='lat' dir='ltr'>vero</span> <span class='ocrx_word' id='word_1_15' title='bbox 596 482 764 542; x_wconf 91' lang='lat' dir='ltr'>idem</span> <span class='ocrx_word' id='word_1_16' title='bbox 786 482 1216 543; x_wconf 89' lang='lat' dir='ltr'>dicendumsit</span> <span class='ocrx_word' id='word_1_17' title='bbox 1244 481 1321 541; x_wconf 90' lang='lat' dir='ltr'>de</span> <span class='ocrx_word' id='word_1_18' title='bbox 1354 481 1734 560; x_wconf 84' lang='lat' dir='ltr'>emphyteu-</span> 
     </span>
     <span class='ocr_line' id='line_1_10' title="bbox 224 574 1740 655; baseline -0.003 -16"><span class='ocrx_word' id='word_1_19' title='bbox 224 584 276 639; x_wconf 82' lang='lat' dir='ltr'>ta</span> <span class='ocrx_word' id='word_1_20' title='bbox 310 576 599 638; x_wconf 84' lang='lat' dir='ltr'>saeculari</span> <span class='ocrx_word' id='word_1_21' title='bbox 656 575 926 637; x_wconf 82' lang='lat' dir='ltr'>habente</span> <span class='ocrx_word' id='word_1_22' title='bbox 983 576 1043 635; x_wconf 89' lang='lat' dir='ltr'>in</span> <span class='ocrx_word' id='word_1_23' title='bbox 1096 574 1558 655; x_wconf 60' lang='lat' dir='ltr'>emphyteusim</span> <span class='ocrx_word' id='word_1_24' title='bbox 1605 593 1740 635; x_wconf 93' lang='lat' dir='ltr'>rem</span> 
     </span>
     <span class='ocr_line' id='line_1_11' title="bbox 224 668 1742 747; baseline -0.002 -16"><span class='ocrx_word' id='word_1_25' title='bbox 224 670 526 746; x_wconf 76' lang='lat' dir='ltr'>Ecclesiae,</span> <span class='ocrx_word' id='word_1_26' title='bbox 592 673 824 747; x_wconf 86' lang='lat' dir='ltr'>negant</span> <span class='ocrx_word' id='word_1_27' title='bbox 878 668 1291 743; x_wconf 84' lang='lat' dir='ltr'>AvendannO,</span> <span class='ocrx_word' id='word_1_28' title='bbox 1325 668 1645 744; x_wconf 79' lang='lat' dir='ltr'>ValascuS,</span> <span class='ocrx_word' id='word_1_29' title='bbox 1679 671 1742 729; x_wconf 91' lang='lat' dir='ltr'>et</span> 
     </span>
     <span class='ocr_line' id='line_1_12' title="bbox 224 762 1734 842; baseline -0.001 -18"><span class='ocrx_word' id='word_1_30' title='bbox 224 763 532 825; x_wconf 83' lang='lat' dir='ltr'>Rolandus</span> <span class='ocrx_word' id='word_1_31' title='bbox 565 762 731 842; x_wconf 87' lang='lat' dir='ltr'>apud</span> <span class='ocrx_word' id='word_1_32' title='bbox 760 762 1023 822; x_wconf 80' lang='lat' dir='ltr'><strong>Dianam</strong></span> <span class='ocrx_word' id='word_1_33' title='bbox 1071 762 1177 822; x_wconf 90' lang='lat' dir='ltr'>ubi</span> <span class='ocrx_word' id='word_1_34' title='bbox 1232 781 1426 841; x_wconf 90' lang='lat' dir='ltr'>supra</span> <span class='ocrx_word' id='word_1_35' title='bbox 1481 762 1734 823; x_wconf 88' lang='lat' dir='ltr'>resolut.</span> 
     </span>
     <span class='ocr_line' id='line_1_13' title="bbox 224 855 1743 935; baseline -0.001 -17"><span class='ocrx_word' id='word_1_36' title='bbox 224 860 304 918; x_wconf 64' lang='lat'>24.</span> <span class='ocrx_word' id='word_1_37' title='bbox 341 856 736 919; x_wconf 79' lang='lat' dir='ltr'>Contrarium</span> <span class='ocrx_word' id='word_1_38' title='bbox 759 861 969 916; x_wconf 78' lang='lat' dir='ltr'>tamen</span> <span class='ocrx_word' id='word_1_39' title='bbox 1000 856 1060 915; x_wconf 88' lang='lat' dir='ltr'>in</span> <span class='ocrx_word' id='word_1_40' title='bbox 1094 855 1267 935; x_wconf 77' lang='lat' dir='ltr'>praxi</span> <span class='ocrx_word' id='word_1_41' title='bbox 1294 856 1529 916; x_wconf 81' lang='lat' dir='ltr'>servari</span> <span class='ocrx_word' id='word_1_42' title='bbox 1560 855 1743 917; x_wconf 86' lang='lat' dir='ltr'>docet</span> 
     </span>
     <span class='ocr_line' id='line_1_14' title="bbox 226 946 1733 1011; baseline -0.001 -1"><span class='ocrx_word' id='word_1_43' title='bbox 226 950 565 1011; x_wconf 80' lang='lat' dir='ltr'>Felicianus</span> <span class='ocrx_word' id='word_1_44' title='bbox 596 948 672 1007; x_wconf 89' lang='lat' dir='ltr'>de</span> <span class='ocrx_word' id='word_1_45' title='bbox 703 949 848 1008; x_wconf 89' lang='lat' dir='ltr'>solis</span> <span class='ocrx_word' id='word_1_46' title='bbox 878 951 1058 1010; x_wconf 87' lang='lat' dir='ltr'>tract.</span> <span class='ocrx_word' id='word_1_47' title='bbox 1093 946 1162 1008; x_wconf 84' lang='lat' dir='ltr'>de</span> <span class='ocrx_word' id='word_1_48' title='bbox 1216 946 1426 1010; x_wconf 78' lang='lat' dir='ltr'>censib.</span> <span class='ocrx_word' id='word_1_49' title='bbox 1462 952 1613 1009; x_wconf 90' lang='lat' dir='ltr'>tom.</span> <span class='ocrx_word' id='word_1_50' title='bbox 1667 964 1733 1009; x_wconf 90' lang='lat'>11.</span> 
     </span>
     <span class='ocr_line' id='line_1_15' title="bbox 223 1040 1743 1119; baseline -0.002 -15"><span class='ocrx_word' id='word_1_51' title='bbox 223 1044 275 1104; x_wconf 94' lang='lat' dir='ltr'>in</span> <span class='ocrx_word' id='word_1_52' title='bbox 303 1042 504 1103; x_wconf 81' lang='lat' dir='ltr'><strong>addit.</strong></span> <span class='ocrx_word' id='word_1_53' title='bbox 539 1041 649 1101; x_wconf 90' lang='lat' dir='ltr'>lib.</span> <span class='ocrx_word' id='word_1_54' title='bbox 685 1058 727 1101; x_wconf 89' lang='lat'>1.</span> <span class='ocrx_word' id='word_1_55' title='bbox 764 1040 823 1100; x_wconf 93' lang='lat' dir='ltr'>in</span> <span class='ocrx_word' id='word_1_56' title='bbox 856 1042 1102 1119; x_wconf 81' lang='lat' dir='ltr'>praet&#39;at.</span> <span class='ocrx_word' id='word_1_57' title='bbox 1146 1060 1250 1101; x_wconf 91' lang='lat' dir='ltr'>nu.</span> <span class='ocrx_word' id='word_1_58' title='bbox 1289 1044 1345 1102; x_wconf 83' lang='lat'>1.</span> <span class='ocrx_word' id='word_1_59' title='bbox 1382 1045 1444 1101; x_wconf 91' lang='lat' dir='ltr'>et</span> <span class='ocrx_word' id='word_1_60' title='bbox 1471 1059 1743 1119; x_wconf 88' lang='lat' dir='ltr'>sequen-</span> 
     </span>
     <span class='ocr_line' id='line_1_16' title="bbox 224 1133 1734 1212; baseline -0.001 -16"><span class='ocrx_word' id='word_1_61' title='bbox 224 1135 319 1196; x_wconf 84' lang='lat' dir='ltr'>tib.</span> <span class='ocrx_word' id='word_1_62' title='bbox 353 1135 453 1196; x_wconf 84' lang='lat' dir='ltr'>cui</span> <span class='ocrx_word' id='word_1_63' title='bbox 484 1135 719 1209; x_wconf 79' lang='lat' dir='ltr'>favent,</span> <span class='ocrx_word' id='word_1_64' title='bbox 753 1152 892 1212; x_wconf 75' lang='lat' dir='ltr'>quae</span> <span class='ocrx_word' id='word_1_65' title='bbox 924 1133 1218 1194; x_wconf 89' lang='lat' dir='ltr'>dicuntur</span> <span class='ocrx_word' id='word_1_66' title='bbox 1269 1133 1331 1192; x_wconf 90' lang='lat' dir='ltr'>in</span> <span class='ocrx_word' id='word_1_67' title='bbox 1387 1133 1617 1194; x_wconf 68' lang='lat' dir='ltr'>consilso</span> <span class='ocrx_word' id='word_1_68' title='bbox 1666 1150 1734 1195; x_wconf 89' lang='lat'>11.</span> 
     </span>
     <span class='ocr_line' id='line_1_17' title="bbox 225 1225 1735 1307; baseline -0.001 -18"><span class='ocrx_word' id='word_1_69' title='bbox 225 1228 378 1307; x_wconf 89' lang='lat' dir='ltr'>quod</span> <span class='ocrx_word' id='word_1_70' title='bbox 409 1227 677 1289; x_wconf 87' lang='lat' dir='ltr'>habetur</span> <span class='ocrx_word' id='word_1_71' title='bbox 696 1231 848 1287; x_wconf 90' lang='lat' dir='ltr'>tom.</span> <span class='ocrx_word' id='word_1_72' title='bbox 892 1244 1002 1287; x_wconf 69' lang='grc' dir='ltr'>ΧΠ.</span> <span class='ocrx_word' id='word_1_73' title='bbox 1037 1230 1421 1287; x_wconf 74' lang='lat' dir='ltr'>tractatuum</span> <span class='ocrx_word' id='word_1_74' title='bbox 1475 1225 1589 1287; x_wconf 90' lang='lat' dir='ltr'>sol.</span> <span class='ocrx_word' id='word_1_75' title='bbox 1636 1230 1735 1288; x_wconf 84' lang='lat'>99.</span> 
     </span>
     <span class='ocr_line' id='line_1_18' title="bbox 225 1317 1739 1397; baseline -0.001 -17"><span class='ocrx_word' id='word_1_76' title='bbox 225 1321 439 1381; x_wconf 89' lang='lat' dir='ltr'>colum.</span> <span class='ocrx_word' id='word_1_77' title='bbox 473 1323 533 1381; x_wconf 88' lang='lat'>3.</span> <span class='ocrx_word' id='word_1_78' title='bbox 570 1324 633 1381; x_wconf 89' lang='lat' dir='ltr'>et</span> <span class='ocrx_word' id='word_1_79' title='bbox 659 1319 943 1397; x_wconf 85' lang='lat' dir='ltr'>sequitur</span> <span class='ocrx_word' id='word_1_80' title='bbox 995 1320 1194 1379; x_wconf 84' lang='lat' dir='ltr'>Diana</span> <span class='ocrx_word' id='word_1_81' title='bbox 1240 1317 1496 1380; x_wconf 87' lang='lat' dir='ltr'>ibidem.</span> <span class='ocrx_word' id='word_1_82' title='bbox 1560 1318 1739 1380; x_wconf 82' lang='lat' dir='ltr'>Ratio</span> 
     </span>
     <span class='ocr_line' id='line_1_19' title="bbox 223 1410 1742 1490; baseline -0.001 -16"><span class='ocrx_word' id='word_1_83' title='bbox 223 1418 422 1475; x_wconf 86' lang='lat' dir='ltr'>autem</span> <span class='ocrx_word' id='word_1_84' title='bbox 452 1431 587 1472; x_wconf 87' lang='lat' dir='ltr'>esse</span> <span class='ocrx_word' id='word_1_85' title='bbox 642 1414 866 1490; x_wconf 85' lang='lat' dir='ltr'>potest,</span> <span class='ocrx_word' id='word_1_86' title='bbox 929 1410 1076 1490; x_wconf 89' lang='lat' dir='ltr'>quia</span> <span class='ocrx_word' id='word_1_87' title='bbox 1130 1410 1340 1471; x_wconf 88' lang='lat' dir='ltr'>adhuc</span> <span class='ocrx_word' id='word_1_88' title='bbox 1395 1411 1742 1472; x_wconf 89' lang='lat' dir='ltr'>dominium</span> 
     </span>
     <span class='ocr_line' id='line_1_20' title="bbox 226 1503 1744 1583; baseline -0.001 -19"><span class='ocrx_word' id='word_1_89' title='bbox 226 1505 519 1566; x_wconf 88' lang='lat' dir='ltr'>directum</span> <span class='ocrx_word' id='word_1_90' title='bbox 539 1509 755 1566; x_wconf 88' lang='lat' dir='ltr'>manet</span> <span class='ocrx_word' id='word_1_91' title='bbox 781 1505 949 1583; x_wconf 85' lang='lat' dir='ltr'>apud</span> <span class='ocrx_word' id='word_1_92' title='bbox 985 1503 1351 1565; x_wconf 70' lang='lat' dir='ltr'><strong>Ecclesiam.</strong></span> <span class='ocrx_word' id='word_1_93' title='bbox 1389 1503 1573 1564; x_wconf 85' lang='lat' dir='ltr'>Aliud</span> <span class='ocrx_word' id='word_1_94' title='bbox 1635 1523 1744 1566; x_wconf 78' lang='lat' dir='ltr'>ve-</span> 
     </span>
     <span class='ocr_line' id='line_1_21' title="bbox 227 1596 1744 1676; baseline 0 -20"><span class='ocrx_word' id='word_1_95' title='bbox 227 1616 283 1657; x_wconf 88' lang='lat' dir='ltr'>ro</span> <span class='ocrx_word' id='word_1_96' title='bbox 313 1602 497 1673; x_wconf 88' lang='lat' dir='ltr'>esset,</span> <span class='ocrx_word' id='word_1_97' title='bbox 531 1596 784 1676; x_wconf 88' lang='lat' dir='ltr'>quando</span> <span class='ocrx_word' id='word_1_98' title='bbox 816 1596 1164 1657; x_wconf 86' lang='lat' dir='ltr'>dominium</span> <span class='ocrx_word' id='word_1_99' title='bbox 1196 1596 1384 1657; x_wconf 89' lang='lat' dir='ltr'>etiam</span> <span class='ocrx_word' id='word_1_100' title='bbox 1433 1596 1744 1657; x_wconf 88' lang='lat' dir='ltr'>directum</span> 
     </span>
     <span class='ocr_line' id='line_1_22' title="bbox 226 1688 1741 1767; baseline -0.003 -14"><span class='ocrx_word' id='word_1_101' title='bbox 226 1691 605 1766; x_wconf 71' lang='lat' dir='ltr'><strong>transfertur,</strong></span> <span class='ocrx_word' id='word_1_102' title='bbox 646 1689 938 1767; x_wconf 85' lang='lat' dir='ltr'>imposito</span> <span class='ocrx_word' id='word_1_103' title='bbox 970 1688 1172 1749; x_wconf 89' lang='lat' dir='ltr'>solum</span> <span class='ocrx_word' id='word_1_104' title='bbox 1216 1706 1404 1749; x_wconf 90' lang='lat' dir='ltr'>onere</span> <span class='ocrx_word' id='word_1_105' title='bbox 1461 1689 1741 1750; x_wconf 79' lang='lat' dir='ltr'>solvendi</span> 
     </span>
     <span class='ocr_line' id='line_1_23' title="bbox 225 1782 1743 1857; baseline -0.002 -13"><span class='ocrx_word' id='word_1_106' title='bbox 225 1803 470 1845; x_wconf 87' lang='lat' dir='ltr'>censum</span> <span class='ocrx_word' id='word_1_107' title='bbox 500 1802 777 1842; x_wconf 88' lang='lat' dir='ltr'>annuum</span> <span class='ocrx_word' id='word_1_108' title='bbox 793 1782 1108 1857; x_wconf 62' lang='lat' dir='ltr'>Ecclesiae,</span> <span class='ocrx_word' id='word_1_109' title='bbox 1143 1786 1211 1842; x_wconf 88' lang='lat' dir='ltr'>ut</span> <span class='ocrx_word' id='word_1_110' title='bbox 1239 1782 1603 1843; x_wconf 87' lang='lat' dir='ltr'>docetidem</span> <span class='ocrx_word' id='word_1_111' title='bbox 1634 1785 1743 1842; x_wconf 86' lang='lat' dir='ltr'>Fe-</span> 
     </span>
     <span class='ocr_line' id='line_1_24' title="bbox 224 1873 1736 1955; baseline -0.001 -17"><span class='ocrx_word' id='word_1_112' title='bbox 224 1878 474 1938; x_wconf 88' lang='lat' dir='ltr'>licianus</span> <span class='ocrx_word' id='word_1_113' title='bbox 521 1874 627 1935; x_wconf 91' lang='lat' dir='ltr'>ubi</span> <span class='ocrx_word' id='word_1_114' title='bbox 676 1893 866 1953; x_wconf 87' lang='lat' dir='ltr'>supra</span> <span class='ocrx_word' id='word_1_115' title='bbox 895 1878 958 1936; x_wconf 89' lang='lat' dir='ltr'>et</span> <span class='ocrx_word' id='word_1_116' title='bbox 1007 1879 1160 1935; x_wconf 89' lang='lat' dir='ltr'>tom.</span> <span class='ocrx_word' id='word_1_117' title='bbox 1198 1876 1244 1935; x_wconf 90' lang='lat'>1.</span> <span class='ocrx_word' id='word_1_118' title='bbox 1279 1873 1387 1934; x_wconf 90' lang='lat' dir='ltr'>lib.</span> <span class='ocrx_word' id='word_1_119' title='bbox 1425 1891 1469 1937; x_wconf 91' lang='lat'>1.</span> <span class='ocrx_word' id='word_1_120' title='bbox 1505 1894 1643 1955; x_wconf 88' lang='lat' dir='ltr'>cap.</span> <span class='ocrx_word' id='word_1_121' title='bbox 1676 1892 1736 1936; x_wconf 85' lang='lat' dir='ltr'>x.</span> 
     </span>
     <span class='ocr_line' id='line_1_25' title="bbox 226 1971 690 2031; baseline -0.002 0"><span class='ocrx_word' id='word_1_122' title='bbox 226 1989 387 2031; x_wconf 86' lang='lat' dir='ltr'>num.</span> <span class='ocrx_word' id='word_1_123' title='bbox 421 1973 481 2031; x_wconf 89' lang='grc'>5.</span> <span class='ocrx_word' id='word_1_124' title='bbox 517 1971 690 2030; x_wconf 68' lang='lat' dir='ltr'>etis.</span> 
     </span>
    </p>

    <p class='ocr_par' dir='ltr' id='par_1_7' title="bbox 204 2060 1749 5291">
     <span class='ocr_line' id='line_1_26' title="bbox 292 2060 1746 2136; baseline -0.003 -10"><span class='ocrx_word' id='word_1_125' title='bbox 292 2063 628 2126; x_wconf 85' lang='lat' dir='ltr'>Dubitatur</span> <span class='ocrx_word' id='word_1_126' title='bbox 654 2064 851 2136; x_wconf 84' lang='lat' dir='ltr'>sext0‚</span> <span class='ocrx_word' id='word_1_127' title='bbox 886 2079 967 2120; x_wconf 89' lang='lat' dir='ltr'>an</span> <span class='ocrx_word' id='word_1_128' title='bbox 1016 2060 1471 2123; x_wconf 80' lang='lat' dir='ltr'>ecclesiasticus</span> <span class='ocrx_word' id='word_1_129' title='bbox 1517 2061 1746 2121; x_wconf 87' lang='lat' dir='ltr'>debeat</span> 
     </span>
     <span class='ocr_line' id='line_1_27' title="bbox 225 2153 1745 2233; baseline -0.004 -14"><span class='ocrx_word' id='word_1_130' title='bbox 225 2157 458 2219; x_wconf 74' lang='lat' dir='ltr'>solvero</span> <span class='ocrx_word' id='word_1_131' title='bbox 498 2153 810 2233; x_wconf 84' lang='lat' dir='ltr'>gabellam</span> <span class='ocrx_word' id='word_1_132' title='bbox 841 2172 918 2213; x_wconf 85' lang='lat' dir='ltr'>ex</span> <span class='ocrx_word' id='word_1_133' title='bbox 945 2153 1125 2214; x_wconf 90' lang='lat' dir='ltr'>bonis</span> <span class='ocrx_word' id='word_1_134' title='bbox 1167 2154 1388 2215; x_wconf 86' lang='lat' dir='ltr'>saltem</span> <span class='ocrx_word' id='word_1_135' title='bbox 1445 2153 1745 2231; x_wconf 88' lang='lat' dir='ltr'>patrimo-</span> 
     </span>
     <span class='ocr_line' id='line_1_28' title="bbox 226 2245 1744 2325; baseline -0.003 -16"><span class='ocrx_word' id='word_1_136' title='bbox 226 2248 526 2311; x_wconf 79' lang='lat' dir='ltr'>nialibus?</span> <span class='ocrx_word' id='word_1_137' title='bbox 549 2246 904 2309; x_wconf 83' lang='lat' dir='ltr'>Affirmavit</span> <span class='ocrx_word' id='word_1_138' title='bbox 930 2264 1075 2306; x_wconf 89' lang='lat' dir='ltr'>cum</span> <span class='ocrx_word' id='word_1_139' title='bbox 1105 2246 1241 2306; x_wconf 87' lang='lat' dir='ltr'>aliis</span> <span class='ocrx_word' id='word_1_140' title='bbox 1275 2245 1511 2325; x_wconf 82' lang='lat' dir='ltr'>juristis</span> <span class='ocrx_word' id='word_1_141' title='bbox 1540 2246 1744 2307; x_wconf 89' lang='lat' dir='ltr'>Boba-</span> 
     </span>
     <span class='ocr_line' id='line_1_29' title="bbox 225 2338 1737 2423; baseline -0.003 -22"><span class='ocrx_word' id='word_1_142' title='bbox 225 2342 363 2401; x_wconf 87' lang='lat' dir='ltr'>dilla</span> <span class='ocrx_word' id='word_1_143' title='bbox 392 2341 453 2400; x_wconf 82' lang='lat' dir='ltr'>in</span> <span class='ocrx_word' id='word_1_144' title='bbox 477 2339 644 2423; x_wconf 76' lang='lat' dir='ltr'>polit.</span> <span class='ocrx_word' id='word_1_145' title='bbox 681 2345 833 2401; x_wconf 88' lang='lat' dir='ltr'>tom.</span> <span class='ocrx_word' id='word_1_146' title='bbox 868 2356 910 2400; x_wconf 90' lang='lat'>1.</span> <span class='ocrx_word' id='word_1_147' title='bbox 944 2338 1050 2400; x_wconf 89' lang='lat' dir='ltr'>lib.</span> <span class='ocrx_word' id='word_1_148' title='bbox 1088 2355 1157 2400; x_wconf 91' lang='lat'>11.</span> <span class='ocrx_word' id='word_1_149' title='bbox 1192 2356 1329 2418; x_wconf 83' lang='lat' dir='ltr'>cap.</span> <span class='ocrx_word' id='word_1_150' title='bbox 1351 2356 1529 2401; x_wconf 75' lang='lat' dir='ltr'>xv111.</span> <span class='ocrx_word' id='word_1_151' title='bbox 1566 2356 1737 2398; x_wconf 87' lang='lat' dir='ltr'>num.</span> 
     </span>
     <span class='ocr_line' id='line_1_30' title="bbox 223 2432 1738 2513; baseline -0.003 -17"><span class='ocrx_word' id='word_1_152' title='bbox 223 2439 347 2497; x_wconf 72' lang='lat'><strong>260.</strong></span> <span class='ocrx_word' id='word_1_153' title='bbox 385 2433 495 2513; x_wconf 90' lang='lat' dir='ltr'>qui</span> <span class='ocrx_word' id='word_1_154' title='bbox 522 2439 732 2495; x_wconf 81' lang='lat' dir='ltr'>tamen</span> <span class='ocrx_word' id='word_1_155' title='bbox 781 2433 1009 2510; x_wconf 84' lang='lat' dir='ltr'>excipit</span> <span class='ocrx_word' id='word_1_156' title='bbox 1043 2432 1213 2492; x_wconf 91' lang='lat' dir='ltr'>bona</span> <span class='ocrx_word' id='word_1_157' title='bbox 1255 2432 1738 2510; x_wconf 83' lang='lat' dir='ltr'>patrimonialia,</span> 
     </span>
     <span class='ocr_line' id='line_1_31' title="bbox 224 2524 1742 2607; baseline -0.003 -18"><span class='ocrx_word' id='word_1_158' title='bbox 224 2530 294 2589; x_wconf 87' lang='lat' dir='ltr'>ad</span> <span class='ocrx_word' id='word_1_159' title='bbox 339 2547 610 2607; x_wconf 91' lang='lat' dir='ltr'>quorum</span> <span class='ocrx_word' id='word_1_160' title='bbox 636 2526 889 2588; x_wconf 87' lang='lat' dir='ltr'>titulum</span> <span class='ocrx_word' id='word_1_161' title='bbox 946 2524 1271 2586; x_wconf 87' lang='lat' dir='ltr'>ordinatus</span> <span class='ocrx_word' id='word_1_162' title='bbox 1319 2530 1433 2587; x_wconf 88' lang='lat' dir='ltr'>est.</span> <span class='ocrx_word' id='word_1_163' title='bbox 1490 2528 1742 2587; x_wconf 84' lang='lat' dir='ltr'>Contra·</span> 
     </span>
     <span class='ocr_line' id='line_1_32' title="bbox 222 2618 1743 2697; baseline -0.002 -15"><span class='ocrx_word' id='word_1_164' title='bbox 222 2623 373 2682; x_wconf 90' lang='lat' dir='ltr'>rium</span> <span class='ocrx_word' id='word_1_165' title='bbox 403 2626 616 2682; x_wconf 82' lang='lat' dir='ltr'>tamen</span> <span class='ocrx_word' id='word_1_166' title='bbox 646 2637 837 2697; x_wconf 87' lang='lat' dir='ltr'>supra</span> <span class='ocrx_word' id='word_1_167' title='bbox 883 2638 1028 2680; x_wconf 87' lang='lat' dir='ltr'>cum</span> <span class='ocrx_word' id='word_1_168' title='bbox 1084 2619 1405 2680; x_wconf 87' lang='lat' dir='ltr'>communi</span> <span class='ocrx_word' id='word_1_169' title='bbox 1462 2618 1743 2680; x_wconf 90' lang='lat' dir='ltr'>omnium</span> 
     </span>
     <span class='ocr_line' id='line_1_33' title="bbox 220 2712 1735 2795; baseline -0.002 -19"><span class='ocrx_word' id='word_1_170' title='bbox 220 2714 675 2795; x_wconf 84' lang='lat' dir='ltr'>supposuimus,</span> <span class='ocrx_word' id='word_1_171' title='bbox 727 2730 884 2792; x_wconf 88' lang='lat' dir='ltr'>quos</span> <span class='ocrx_word' id='word_1_172' title='bbox 923 2712 1049 2773; x_wconf 79' lang='lat' dir='ltr'>late</span> <span class='ocrx_word' id='word_1_173' title='bbox 1093 2712 1379 2791; x_wconf 81' lang='lat' dir='ltr'>congerit</span> <span class='ocrx_word' id='word_1_174' title='bbox 1436 2712 1656 2773; x_wconf 86' lang='lat' dir='ltr'>Diana.</span> <span class='ocrx_word' id='word_1_175' title='bbox 1693 2728 1735 2773; x_wconf 90' lang='lat'>1.</span> 
     </span>
     <span class='ocr_line' id='line_1_34' title="bbox 221 2804 1743 2871; baseline -0.005 0"><span class='ocrx_word' id='word_1_176' title='bbox 221 2814 363 2871; x_wconf 78' lang='lat' dir='ltr'>tom.</span> <span class='ocrx_word' id='word_1_177' title='bbox 399 2809 567 2868; x_wconf 86' lang='lat' dir='ltr'>dicto</span> <span class='ocrx_word' id='word_1_178' title='bbox 598 2810 778 2867; x_wconf 89' lang='lat' dir='ltr'>tract.</span> <span class='ocrx_word' id='word_1_179' title='bbox 814 2821 883 2865; x_wconf 90' lang='lat'>11.</span> <span class='ocrx_word' id='word_1_180' title='bbox 921 2804 1105 2868; x_wconf 84' lang='lat' dir='ltr'>resol.</span> <span class='ocrx_word' id='word_1_181' title='bbox 1124 2808 1223 2867; x_wconf 83' lang='lat'>39.</span> <span class='ocrx_word' id='word_1_182' title='bbox 1263 2807 1545 2868; x_wconf 87' lang='lat' dir='ltr'>Canones</span> <span class='ocrx_word' id='word_1_183' title='bbox 1576 2804 1743 2864; x_wconf 91' lang='lat' dir='ltr'>enim</span> 
     </span>
     <span class='ocr_line' id='line_1_35' title="bbox 221 2897 1742 2981; baseline -0.004 -18"><span class='ocrx_word' id='word_1_184' title='bbox 221 2919 504 2981; x_wconf 81' lang='lat' dir='ltr'><strong>expresse</strong></span> <span class='ocrx_word' id='word_1_185' title='bbox 533 2903 598 2960; x_wconf 90' lang='lat' dir='ltr'>et</span> <span class='ocrx_word' id='word_1_186' title='bbox 621 2898 999 2978; x_wconf 77' lang='lat' dir='ltr'>generaliter</span> <span class='ocrx_word' id='word_1_187' title='bbox 1024 2897 1371 2979; x_wconf 87' lang='lat' dir='ltr'>loquuntur</span> <span class='ocrx_word' id='word_1_188' title='bbox 1401 2915 1526 2958; x_wconf 92' lang='lat' dir='ltr'>non</span> <span class='ocrx_word' id='word_1_189' title='bbox 1539 2902 1742 2958; x_wconf 90' lang='lat' dir='ltr'>solum</span> 
     </span>
     <span class='ocr_line' id='line_1_36' title="bbox 221 2990 1736 3066; baseline -0.005 -10"><span class='ocrx_word' id='word_1_190' title='bbox 221 2996 291 3056; x_wconf 88' lang='lat' dir='ltr'>de</span> <span class='ocrx_word' id='word_1_191' title='bbox 318 2994 501 3056; x_wconf 90' lang='lat' dir='ltr'>bonis</span> <span class='ocrx_word' id='word_1_192' title='bbox 530 2990 846 3066; x_wconf 79' lang='lat' dir='ltr'>Ecclesioe,</span> <span class='ocrx_word' id='word_1_193' title='bbox 882 2990 992 3050; x_wconf 90' lang='lat' dir='ltr'>sed</span> <span class='ocrx_word' id='word_1_194' title='bbox 1041 2990 1118 3050; x_wconf 88' lang='lat' dir='ltr'>de</span> <span class='ocrx_word' id='word_1_195' title='bbox 1147 2990 1330 3053; x_wconf 88' lang='lat' dir='ltr'>bonis</span> <span class='ocrx_word' id='word_1_196' title='bbox 1359 2990 1736 3052; x_wconf 84' lang='lat' dir='ltr'>ecclesiasti-</span> 
     </span>
     <span class='ocr_line' id='line_1_37' title="bbox 220 3082 1744 3163; baseline -0.005 -12"><span class='ocrx_word' id='word_1_197' title='bbox 220 3107 451 3163; x_wconf 90' lang='lat' dir='ltr'>corum,</span> <span class='ocrx_word' id='word_1_198' title='bbox 480 3104 594 3147; x_wconf 90' lang='lat' dir='ltr'>nec</span> <span class='ocrx_word' id='word_1_199' title='bbox 621 3085 688 3144; x_wconf 90' lang='lat' dir='ltr'>id</span> <span class='ocrx_word' id='word_1_200' title='bbox 716 3085 906 3145; x_wconf 87' lang='lat' dir='ltr'>debet</span> <span class='ocrx_word' id='word_1_201' title='bbox 936 3082 1191 3145; x_wconf 84' lang='lat' dir='ltr'>limitari</span> <span class='ocrx_word' id='word_1_202' title='bbox 1224 3084 1306 3145; x_wconf 86' lang='lat' dir='ltr'>ad</span> <span class='ocrx_word' id='word_1_203' title='bbox 1335 3102 1588 3145; x_wconf 88' lang='lat' dir='ltr'>sensum</span> <span class='ocrx_word' id='word_1_204' title='bbox 1620 3083 1744 3145; x_wconf 82' lang='lat' dir='ltr'>for-</span> 
     </span>
     <span class='ocr_line' id='line_1_38' title="bbox 217 3176 1736 3258; baseline -0.003 -15"><span class='ocrx_word' id='word_1_205' title='bbox 217 3183 463 3258; x_wconf 89' lang='lat' dir='ltr'>malem,</span> <span class='ocrx_word' id='word_1_206' title='bbox 498 3197 721 3257; x_wconf 89' lang='lat' dir='ltr'>nempe</span> <span class='ocrx_word' id='word_1_207' title='bbox 751 3180 1059 3258; x_wconf 87' lang='lat' dir='ltr'>quatenus</span> <span class='ocrx_word' id='word_1_208' title='bbox 1091 3176 1498 3240; x_wconf 88' lang='lat' dir='ltr'>ecclesiastici</span> <span class='ocrx_word' id='word_1_209' title='bbox 1557 3182 1736 3240; x_wconf 90' lang='lat' dir='ltr'>sunt:</span> 
     </span>
     <span class='ocr_line' id='line_1_39' title="bbox 218 3270 1743 3350; baseline -0.004 -13"><span class='ocrx_word' id='word_1_210' title='bbox 218 3277 373 3338; x_wconf 90' lang='lat' dir='ltr'>sicut</span> <span class='ocrx_word' id='word_1_211' title='bbox 398 3274 684 3346; x_wconf 80' lang='lat' dir='ltr'>comites,</span> <span class='ocrx_word' id='word_1_212' title='bbox 719 3276 827 3332; x_wconf 90' lang='lat' dir='ltr'>aut</span> <span class='ocrx_word' id='word_1_213' title='bbox 847 3270 1242 3331; x_wconf 78' lang='lat' dir='ltr'>marchiones</span> <span class='ocrx_word' id='word_1_214' title='bbox 1265 3270 1540 3350; x_wconf 84' lang='lat' dir='ltr'>exempti</span> <span class='ocrx_word' id='word_1_215' title='bbox 1566 3289 1603 3330; x_wconf 88' lang='lat' dir='ltr'>a</span> <span class='ocrx_word' id='word_1_216' title='bbox 1630 3289 1743 3349; x_wconf 83' lang='lat' dir='ltr'>ga-</span> 
     </span>
     <span class='ocr_line' id='line_1_40' title="bbox 217 3362 1745 3445; baseline -0.003 -16"><span class='ocrx_word' id='word_1_217' title='bbox 217 3364 693 3445; x_wconf 83' lang='lat' dir='ltr'>bellis,exempti</span> <span class='ocrx_word' id='word_1_218' title='bbox 713 3368 859 3424; x_wconf 88' lang='lat' dir='ltr'>sunt</span> <span class='ocrx_word' id='word_1_219' title='bbox 879 3383 1003 3424; x_wconf 92' lang='lat' dir='ltr'>non</span> <span class='ocrx_word' id='word_1_220' title='bbox 1019 3362 1220 3424; x_wconf 89' lang='lat' dir='ltr'>solum</span> <span class='ocrx_word' id='word_1_221' title='bbox 1245 3362 1453 3442; x_wconf 88' lang='lat' dir='ltr'>quoad</span> <span class='ocrx_word' id='word_1_222' title='bbox 1469 3364 1637 3425; x_wconf 89' lang='lat' dir='ltr'>hona</span> <span class='ocrx_word' id='word_1_223' title='bbox 1650 3369 1745 3427; x_wconf 86' lang='lat' dir='ltr'>ta-</span> 
     </span>
     <span class='ocr_line' id='line_1_41' title="bbox 216 3454 1743 3536; baseline -0.003 -14"><span class='ocrx_word' id='word_1_224' title='bbox 216 3461 287 3522; x_wconf 91' lang='lat' dir='ltr'>lis</span> <span class='ocrx_word' id='word_1_225' title='bbox 315 3460 649 3523; x_wconf 83' lang='lat' dir='ltr'>comitatus</span> <span class='ocrx_word' id='word_1_226' title='bbox 680 3457 778 3517; x_wconf 82' lang='lat' dir='ltr'>vel</span> <span class='ocrx_word' id='word_1_227' title='bbox 824 3460 1024 3517; x_wconf 84' lang='lat' dir='ltr'>status</span> <span class='ocrx_word' id='word_1_228' title='bbox 1052 3501 1068 3532; x_wconf 92' lang='lat'>,</span> <span class='ocrx_word' id='word_1_229' title='bbox 1128 3456 1239 3517; x_wconf 88' lang='lat' dir='ltr'>sed</span> <span class='ocrx_word' id='word_1_230' title='bbox 1288 3456 1476 3518; x_wconf 87' lang='lat' dir='ltr'>etiam</span> <span class='ocrx_word' id='word_1_231' title='bbox 1535 3454 1743 3536; x_wconf 88' lang='lat' dir='ltr'>quoad</span> 
     </span>
     <span class='ocr_line' id='line_1_42' title="bbox 218 3548 1742 3629; baseline -0.004 -12"><span class='ocrx_word' id='word_1_232' title='bbox 218 3554 425 3618; x_wconf 87' lang='lat' dir='ltr'>omnia</span> <span class='ocrx_word' id='word_1_233' title='bbox 452 3554 622 3613; x_wconf 90' lang='lat' dir='ltr'>bona</span> <span class='ocrx_word' id='word_1_234' title='bbox 651 3568 790 3629; x_wconf 81' lang='lat' dir='ltr'>quoe</span> <span class='ocrx_word' id='word_1_235' title='bbox 819 3548 1074 3609; x_wconf 89' lang='lat' dir='ltr'>habent.</span> <span class='ocrx_word' id='word_1_236' title='bbox 1108 3550 1186 3608; x_wconf 88' lang='lat' dir='ltr'>Et</span> <span class='ocrx_word' id='word_1_237' title='bbox 1213 3548 1466 3627; x_wconf 84' lang='lat' dir='ltr'>quidem</span> <span class='ocrx_word' id='word_1_238' title='bbox 1490 3548 1742 3627; x_wconf 90' lang='lat' dir='ltr'>quando</span> 
     </span>
     <span class='ocr_line' id='line_1_43' title="bbox 215 3641 1738 3724; baseline -0.004 -16"><span class='ocrx_word' id='word_1_239' title='bbox 215 3645 526 3724; x_wconf 81' lang='lat' dir='ltr'>exemptio</span> <span class='ocrx_word' id='word_1_240' title='bbox 557 3644 743 3704; x_wconf 85' lang='lat' dir='ltr'>datur</span> <span class='ocrx_word' id='word_1_241' title='bbox 771 3641 981 3722; x_wconf 89' lang='lat' dir='ltr'>quoad</span> <span class='ocrx_word' id='word_1_242' title='bbox 1030 3641 1239 3720; x_wconf 87' lang='lat' dir='ltr'>aliqua</span> <span class='ocrx_word' id='word_1_243' title='bbox 1294 3642 1495 3702; x_wconf 89' lang='lat' dir='ltr'>solum</span> <span class='ocrx_word' id='word_1_244' title='bbox 1550 3641 1738 3718; x_wconf 87' lang='lat' dir='ltr'>bona,</span> 
     </span>
     <span class='ocr_line' id='line_1_44' title="bbox 214 3734 1741 3816; baseline -0.005 -15"><span class='ocrx_word' id='word_1_245' title='bbox 214 3744 370 3803; x_wconf 87' lang='lat' dir='ltr'>solet</span> <span class='ocrx_word' id='word_1_246' title='bbox 398 3739 461 3798; x_wconf 90' lang='lat' dir='ltr'>id</span> <span class='ocrx_word' id='word_1_247' title='bbox 492 3736 810 3816; x_wconf 85' lang='lat' dir='ltr'>explicari,</span> <span class='ocrx_word' id='word_1_248' title='bbox 846 3739 915 3796; x_wconf 90' lang='lat' dir='ltr'>ut</span> <span class='ocrx_word' id='word_1_249' title='bbox 944 3735 1006 3794; x_wconf 92' lang='lat' dir='ltr'>in</span> <span class='ocrx_word' id='word_1_250' title='bbox 1037 3734 1591 3795; x_wconf 88' lang='lat' dir='ltr'>commendatariis</span> <span class='ocrx_word' id='word_1_251' title='bbox 1646 3753 1741 3794; x_wconf 90' lang='lat' dir='ltr'>or-</span> 
     </span>
     <span class='ocr_line' id='line_1_45' title="bbox 217 3827 1741 3907; baseline -0.005 -13"><span class='ocrx_word' id='word_1_252' title='bbox 217 3834 431 3894; x_wconf 88' lang='lat' dir='ltr'>dinum</span> <span class='ocrx_word' id='word_1_253' title='bbox 462 3829 829 3891; x_wconf 84' lang='lat' dir='ltr'>militiarum</span> <span class='ocrx_word' id='word_1_254' title='bbox 858 3828 957 3888; x_wconf 83' lang='lat' dir='ltr'>lex</span> <span class='ocrx_word' id='word_1_255' title='bbox 985 3827 1253 3905; x_wconf 79' lang='lat' dir='ltr'>explicat</span> <span class='ocrx_word' id='word_1_256' title='bbox 1282 3827 1741 3907; x_wconf 83' lang='lat' dir='ltr'>exemptionem</span> 
     </span>
     <span class='ocr_line' id='line_1_46' title="bbox 215 3919 1743 4007; baseline -0.006 -19"><span class='ocrx_word' id='word_1_257' title='bbox 215 3926 419 4007; x_wconf 87' lang='lat' dir='ltr'>quoad</span> <span class='ocrx_word' id='word_1_258' title='bbox 464 3925 632 3984; x_wconf 88' lang='lat' dir='ltr'>bona</span> <span class='ocrx_word' id='word_1_259' title='bbox 661 3920 1092 3984; x_wconf 80' lang='lat' dir='ltr'>commendae:</span> <span class='ocrx_word' id='word_1_260' title='bbox 1148 3919 1254 3981; x_wconf 91' lang='lat' dir='ltr'>ubi</span> <span class='ocrx_word' id='word_1_261' title='bbox 1286 3939 1435 3998; x_wconf 88' lang='lat' dir='ltr'>crgo</span> <span class='ocrx_word' id='word_1_262' title='bbox 1462 3922 1610 4001; x_wconf 70' lang='grc'>1000</span> <span class='ocrx_word' id='word_1_263' title='bbox 1668 3920 1743 3979; x_wconf 87' lang='grc'>11-</span> 
     </span>
     <span class='ocr_line' id='line_1_47' title="bbox 212 4012 1745 4094; baseline -0.007 -12"><span class='ocrx_word' id='word_1_264' title='bbox 212 4020 490 4094; x_wconf 62' lang='lat' dir='ltr'>minatur,</span> <span class='ocrx_word' id='word_1_265' title='bbox 526 4016 713 4077; x_wconf 89' lang='lat' dir='ltr'>debet</span> <span class='ocrx_word' id='word_1_266' title='bbox 742 4012 1178 4076; x_wconf 87' lang='lat' dir='ltr'>universaliter</span> <span class='ocrx_word' id='word_1_267' title='bbox 1206 4013 1518 4092; x_wconf 84' lang='lat' dir='ltr'>exemptio</span> <span class='ocrx_word' id='word_1_268' title='bbox 1564 4013 1745 4075; x_wconf 90' lang='lat' dir='ltr'>intel-</span> 
     </span>
     <span class='ocr_line' id='line_1_48' title="bbox 210 4104 1741 4192; baseline -0.005 -19"><span class='ocrx_word' id='word_1_269' title='bbox 210 4112 318 4192; x_wconf 83' lang='lat' dir='ltr'>ligi</span> <span class='ocrx_word' id='word_1_270' title='bbox 349 4109 562 4192; x_wconf 86' lang='lat' dir='ltr'>quoad</span> <span class='ocrx_word' id='word_1_271' title='bbox 593 4107 803 4169; x_wconf 89' lang='lat' dir='ltr'>omnia</span> <span class='ocrx_word' id='word_1_272' title='bbox 831 4106 1018 4166; x_wconf 85' lang='lat' dir='ltr'>bona.</span> <span class='ocrx_word' id='word_1_273' title='bbox 1065 4104 1244 4166; x_wconf 85' lang='lat' dir='ltr'>Unde</span> <span class='ocrx_word' id='word_1_274' title='bbox 1277 4123 1401 4165; x_wconf 88' lang='lat' dir='ltr'>non</span> <span class='ocrx_word' id='word_1_275' title='bbox 1442 4106 1645 4165; x_wconf 90' lang='lat' dir='ltr'>solum</span> <span class='ocrx_word' id='word_1_276' title='bbox 1678 4105 1741 4165; x_wconf 89' lang='lat' dir='ltr'>in</span> 
     </span>
     <span class='ocr_line' id='line_1_49' title="bbox 206 4197 1740 4284; baseline -0.007 -16"><span class='ocrx_word' id='word_1_277' title='bbox 206 4206 392 4267; x_wconf 87' lang='lat' dir='ltr'>bonis</span> <span class='ocrx_word' id='word_1_278' title='bbox 409 4202 659 4284; x_wconf 85' lang='lat' dir='ltr'>proprie</span> <span class='ocrx_word' id='word_1_279' title='bbox 687 4197 1231 4279; x_wconf 80' lang='lat' dir='ltr'>patrimonialibus</span> <span class='ocrx_word' id='word_1_280' title='bbox 1247 4197 1365 4259; x_wconf 87' lang='lat' dir='ltr'>hoc</span> <span class='ocrx_word' id='word_1_281' title='bbox 1387 4198 1597 4258; x_wconf 88' lang='lat' dir='ltr'>locum</span> <span class='ocrx_word' id='word_1_282' title='bbox 1630 4198 1740 4258; x_wconf 91' lang='lat' dir='ltr'>ha-</span> 
     </span>
     <span class='ocr_line' id='line_1_50' title="bbox 208 4290 1739 4376; baseline -0.005 -16"><span class='ocrx_word' id='word_1_283' title='bbox 208 4299 340 4376; x_wconf 80' lang='lat' dir='ltr'>bet,</span> <span class='ocrx_word' id='word_1_284' title='bbox 399 4296 509 4357; x_wconf 89' lang='lat' dir='ltr'>sed</span> <span class='ocrx_word' id='word_1_285' title='bbox 569 4293 758 4355; x_wconf 87' lang='lat' dir='ltr'>etiam</span> <span class='ocrx_word' id='word_1_286' title='bbox 806 4292 869 4353; x_wconf 92' lang='lat' dir='ltr'>in</span> <span class='ocrx_word' id='word_1_287' title='bbox 952 4290 1132 4352; x_wconf 90' lang='lat' dir='ltr'>bonis</span> <span class='ocrx_word' id='word_1_288' title='bbox 1216 4310 1292 4350; x_wconf 78' lang='lat' dir='ltr'>ex</span> <span class='ocrx_word' id='word_1_289' title='bbox 1380 4291 1739 4369; x_wconf 86' lang='lat' dir='ltr'>donatione,</span> 
     </span>
     <span class='ocr_line' id='line_1_51' title="bbox 210 4383 1742 4469; baseline -0.005 -18"><span class='ocrx_word' id='word_1_290' title='bbox 210 4390 548 4469; x_wconf 81' lang='lat' dir='ltr'>emptione,</span> <span class='ocrx_word' id='word_1_291' title='bbox 580 4386 680 4447; x_wconf 83' lang='lat' dir='ltr'>vel</span> <span class='ocrx_word' id='word_1_292' title='bbox 712 4384 833 4445; x_wconf 87' lang='lat' dir='ltr'>alio</span> <span class='ocrx_word' id='word_1_293' title='bbox 864 4383 1040 4446; x_wconf 90' lang='lat' dir='ltr'>titulo</span> <span class='ocrx_word' id='word_1_294' title='bbox 1070 4383 1145 4444; x_wconf 86' lang='lat' dir='ltr'>ad</span> <span class='ocrx_word' id='word_1_295' title='bbox 1179 4401 1514 4464; x_wconf 83' lang='lat' dir='ltr'>personam</span> <span class='ocrx_word' id='word_1_296' title='bbox 1545 4384 1742 4445; x_wconf 90' lang='lat' dir='ltr'>eccle-</span> 
     </span>
     <span class='ocr_line' id='line_1_52' title="bbox 205 4475 1742 4559; baseline -0.005 -14"><span class='ocrx_word' id='word_1_297' title='bbox 205 4483 522 4545; x_wconf 86' lang='lat' dir='ltr'>siasticam</span> <span class='ocrx_word' id='word_1_298' title='bbox 552 4475 1031 4559; x_wconf 77' lang='lat' dir='ltr'>pertinentibuS‚</span> <span class='ocrx_word' id='word_1_299' title='bbox 1068 4476 1147 4537; x_wconf 91' lang='lat' dir='ltr'>de</span> <span class='ocrx_word' id='word_1_300' title='bbox 1180 4476 1407 4555; x_wconf 89' lang='lat' dir='ltr'>quibus</span> <span class='ocrx_word' id='word_1_301' title='bbox 1452 4476 1742 4537; x_wconf 89' lang='lat' dir='ltr'>omnibus</span> 
     </span>
     <span class='ocr_line' id='line_1_53' title="bbox 211 4570 1742 4648; baseline -0.006 -10"><span class='ocrx_word' id='word_1_302' title='bbox 211 4576 436 4638; x_wconf 86' lang='lat' dir='ltr'>eadem</span> <span class='ocrx_word' id='word_1_303' title='bbox 474 4577 568 4634; x_wconf 89' lang='lat' dir='ltr'>est</span> <span class='ocrx_word' id='word_1_304' title='bbox 602 4572 789 4633; x_wconf 89' lang='lat' dir='ltr'>rati0.</span> <span class='ocrx_word' id='word_1_305' title='bbox 826 4572 1142 4632; x_wconf 85' lang='lat' dir='ltr'>Statutum</span> <span class='ocrx_word' id='word_1_306' title='bbox 1170 4573 1407 4646; x_wconf 89' lang='lat' dir='ltr'>autem,</span> <span class='ocrx_word' id='word_1_307' title='bbox 1443 4570 1614 4648; x_wconf 89' lang='lat' dir='ltr'>quod</span> <span class='ocrx_word' id='word_1_308' title='bbox 1645 4588 1742 4629; x_wconf 88' lang='lat' dir='ltr'>re·</span> 
     </span>
     <span class='ocr_line' id='line_1_54' title="bbox 209 4661 1743 4744; baseline -0.005 -14"><span class='ocrx_word' id='word_1_309' title='bbox 209 4670 414 4730; x_wconf 82' lang='lat' dir='ltr'>fertur</span> <span class='ocrx_word' id='word_1_310' title='bbox 457 4666 635 4744; x_wconf 88' lang='lat' dir='ltr'>regni</span> <span class='ocrx_word' id='word_1_311' title='bbox 691 4661 1114 4741; x_wconf 89' lang='lat' dir='ltr'>Neapolitani,</span> <span class='ocrx_word' id='word_1_312' title='bbox 1172 4662 1342 4741; x_wconf 88' lang='lat' dir='ltr'>quod</span> <span class='ocrx_word' id='word_1_313' title='bbox 1395 4662 1607 4722; x_wconf 89' lang='lat' dir='ltr'>clerici</span> <span class='ocrx_word' id='word_1_314' title='bbox 1665 4661 1743 4723; x_wconf 92' lang='lat' dir='ltr'>de</span> 
     </span>
     <span class='ocr_line' id='line_1_55' title="bbox 207 4754 1738 4834; baseline -0.005 -9"><span class='ocrx_word' id='word_1_315' title='bbox 207 4762 397 4826; x_wconf 87' lang='lat' dir='ltr'>bonis</span> <span class='ocrx_word' id='word_1_316' title='bbox 414 4760 528 4820; x_wconf 88' lang='lat' dir='ltr'>sibi</span> <span class='ocrx_word' id='word_1_317' title='bbox 557 4755 804 4819; x_wconf 89' lang='lat' dir='ltr'>donatis</span> <span class='ocrx_word' id='word_1_318' title='bbox 824 4754 1098 4822; x_wconf 83' lang='lat' dir='ltr'>debeant</span> <span class='ocrx_word' id='word_1_319' title='bbox 1121 4755 1438 4833; x_wconf 85' lang='lat' dir='ltr'>gabellam</span> <span class='ocrx_word' id='word_1_320' title='bbox 1474 4756 1738 4834; x_wconf 88' lang='lat' dir='ltr'>solvere,</span> 
     </span>
     <span class='ocr_line' id='line_1_56' title="bbox 207 4847 1747 4931; baseline -0.007 -13"><span class='ocrx_word' id='word_1_321' title='bbox 207 4853 506 4918; x_wconf 78' lang='lat' dir='ltr'>sustineri</span> <span class='ocrx_word' id='word_1_322' title='bbox 533 4853 761 4931; x_wconf 90' lang='lat' dir='ltr'>potest,</span> <span class='ocrx_word' id='word_1_323' title='bbox 808 4848 859 4909; x_wconf 91' lang='lat' dir='ltr'>si</span> <span class='ocrx_word' id='word_1_324' title='bbox 920 4847 1152 4908; x_wconf 87' lang='lat' dir='ltr'>habeat</span> <span class='ocrx_word' id='word_1_325' title='bbox 1208 4865 1580 4909; x_wconf 87' lang='lat' dir='ltr'>consensum</span> <span class='ocrx_word' id='word_1_326' title='bbox 1639 4867 1747 4908; x_wconf 79' lang='lat' dir='ltr'>ex-</span> 
     </span>
     <span class='ocr_line' id='line_1_57' title="bbox 211 4940 1749 5029; baseline -0.005 -20"><span class='ocrx_word' id='word_1_327' title='bbox 211 4965 500 5029; x_wconf 86' lang='lat' dir='ltr'>pressum</span> <span class='ocrx_word' id='word_1_328' title='bbox 546 4945 646 5006; x_wconf 82' lang='lat' dir='ltr'>vel</span> <span class='ocrx_word' id='word_1_329' title='bbox 705 4940 964 5004; x_wconf 88' lang='lat' dir='ltr'>tacitum</span> <span class='ocrx_word' id='word_1_330' title='bbox 1020 4941 1250 5001; x_wconf 90' lang='lat' dir='ltr'>summi</span> <span class='ocrx_word' id='word_1_331' title='bbox 1304 4941 1644 5017; x_wconf 80' lang='lat' dir='ltr'>pontificis,</span> <span class='ocrx_word' id='word_1_332' title='bbox 1680 4945 1749 5002; x_wconf 90' lang='lat' dir='ltr'>ut</span> 
     </span>
     <span class='ocr_line' id='line_1_58' title="bbox 209 5033 1749 5114; baseline -0.006 -10"><span class='ocrx_word' id='word_1_333' title='bbox 209 5044 489 5104; x_wconf 83' lang='lat' dir='ltr'>fatentur</span> <span class='ocrx_word' id='word_1_334' title='bbox 522 5036 833 5112; x_wconf 78' lang='lat' dir='ltr'>DuarduS,</span> <span class='ocrx_word' id='word_1_335' title='bbox 885 5033 1186 5109; x_wconf 87' lang='lat' dir='ltr'>Barbosa‚</span> <span class='ocrx_word' id='word_1_336' title='bbox 1221 5038 1284 5095; x_wconf 91' lang='lat' dir='ltr'>et</span> <span class='ocrx_word' id='word_1_337' title='bbox 1310 5033 1414 5094; x_wconf 89' lang='lat' dir='ltr'>alii</span> <span class='ocrx_word' id='word_1_338' title='bbox 1445 5053 1601 5114; x_wconf 89' lang='lat' dir='ltr'>quos</span> <span class='ocrx_word' id='word_1_339' title='bbox 1654 5052 1749 5094; x_wconf 90' lang='lat' dir='ltr'>re·</span> 
     </span>
     <span class='ocr_line' id='line_1_59' title="bbox 208 5126 1742 5211; baseline -0.006 -14"><span class='ocrx_word' id='word_1_340' title='bbox 208 5137 339 5197; x_wconf 79' lang='lat' dir='ltr'>fert</span> <span class='ocrx_word' id='word_1_341' title='bbox 407 5137 468 5194; x_wconf 91' lang='lat' dir='ltr'>et</span> <span class='ocrx_word' id='word_1_342' title='bbox 539 5129 823 5211; x_wconf 87' lang='lat' dir='ltr'>sequitur</span> <span class='ocrx_word' id='word_1_343' title='bbox 894 5127 1093 5190; x_wconf 88' lang='lat' dir='ltr'>Diana</span> <span class='ocrx_word' id='word_1_344' title='bbox 1163 5126 1328 5188; x_wconf 90' lang='lat' dir='ltr'>dicto</span> <span class='ocrx_word' id='word_1_345' title='bbox 1417 5131 1598 5188; x_wconf 87' lang='lat' dir='ltr'>tract.</span> <span class='ocrx_word' id='word_1_346' title='bbox 1674 5144 1742 5189; x_wconf 89' lang='lat'>11.</span> 
     </span>
     <span class='ocr_line' id='line_1_60' title="bbox 204 5228 539 5291; baseline -0.012 0"><span class='ocrx_word' id='word_1_347' title='bbox 204 5228 401 5291; x_wconf 84' lang='lat' dir='ltr'>resol.</span> <span class='ocrx_word' id='word_1_348' title='bbox 440 5231 539 5288; x_wconf 71' lang='lat'>42.</span> 
     </span>
    </p>

    <p class='ocr_par' dir='ltr' id='par_1_8' title="bbox 209 5312 1754 5587">
     <span class='ocr_line' id='line_1_61' title="bbox 294 5312 1746 5394; baseline -0.008 -11"><span class='ocrx_word' id='word_1_349' title='bbox 294 5320 628 5383; x_wconf 87' lang='lat' dir='ltr'>Dubitatur</span> <span class='ocrx_word' id='word_1_350' title='bbox 666 5314 932 5394; x_wconf 83' lang='lat' dir='ltr'>septimo</span> <span class='ocrx_word' id='word_1_351' title='bbox 957 5359 972 5389; x_wconf 92' lang='lat'>,</span> <span class='ocrx_word' id='word_1_352' title='bbox 1026 5332 1104 5373; x_wconf 88' lang='lat' dir='ltr'>an</span> <span class='ocrx_word' id='word_1_353' title='bbox 1148 5312 1454 5373; x_wconf 85' lang='lat' dir='ltr'>debeatur</span> <span class='ocrx_word' id='word_1_354' title='bbox 1477 5312 1746 5391; x_wconf 90' lang='lat' dir='ltr'>gabella‚</span> 
     </span>
     <span class='ocr_line' id='line_1_62' title="bbox 209 5405 1754 5496; baseline -0.009 -19"><span class='ocrx_word' id='word_1_355' title='bbox 209 5413 466 5496; x_wconf 83' lang='lat' dir='ltr'>quando</span> <span class='ocrx_word' id='word_1_356' title='bbox 509 5412 677 5472; x_wconf 83' lang='lat' dir='ltr'>bona</span> <span class='ocrx_word' id='word_1_357' title='bbox 724 5408 828 5468; x_wconf 89' lang='lat' dir='ltr'>illa</span> <span class='ocrx_word' id='word_1_358' title='bbox 867 5411 1206 5486; x_wconf 81' lang='lat' dir='ltr'>antequam</span> <span class='ocrx_word' id='word_1_359' title='bbox 1254 5405 1331 5464; x_wconf 82' lang='lat' dir='ltr'>nd</span> <span class='ocrx_word' id='word_1_360' title='bbox 1381 5405 1754 5466; x_wconf 86' lang='lat' dir='ltr'>ecclesiasti-</span> 
     </span>
     <span class='ocr_line' id='line_1_63' title="bbox 210 5498 1753 5587; baseline -0.009 -15"><span class='ocrx_word' id='word_1_361' title='bbox 210 5526 360 5572; x_wconf 83' lang='lat' dir='ltr'>cam</span> <span class='ocrx_word' id='word_1_362' title='bbox 387 5522 721 5587; x_wconf 85' lang='lat' dir='ltr'>personam</span> <span class='ocrx_word' id='word_1_363' title='bbox 752 5500 1071 5574; x_wconf 89' lang='lat' dir='ltr'>venirent,</span> <span class='ocrx_word' id='word_1_364' title='bbox 1122 5498 1374 5560; x_wconf 83' lang='lat' dir='ltr'>subdita</span> <span class='ocrx_word' id='word_1_365' title='bbox 1421 5503 1601 5558; x_wconf 88' lang='lat' dir='ltr'>erant</span> <span class='ocrx_word' id='word_1_366' title='bbox 1645 5517 1753 5577; x_wconf 82' lang='lat' dir='ltr'>ga-</span> 
     </span>
    </p>
   </div>
   <div class='ocr_carea' id='block_1_6' title="bbox 3252 316 3368 375">
    <p class='ocr_par' dir='ltr' id='par_1_9' title="bbox 3252 316 3368 375">
     <span class='ocr_line' id='line_1_64' title="bbox 3252 316 3368 375; baseline -0.034 0"><span class='ocrx_word' id='word_1_367' title='bbox 3252 316 3368 375; x_wconf 70' lang='lat'>643</span> 
     </span>
    </p>
   </div>
   <div class='ocr_carea' id='block_1_7' title="bbox 1837 482 3390 5576">
    <p class='ocr_par' dir='ltr' id='par_1_10' title="bbox 1837 482 3387 2142">
     <span class='ocr_line' id='line_1_65' title="bbox 1837 482 3376 563; baseline 0.005 -21"><span class='ocrx_word' id='word_1_368' title='bbox 1837 482 2018 543; x_wconf 83' lang='lat' dir='ltr'>bellae</span> <span class='ocrx_word' id='word_1_369' title='bbox 2089 484 2427 546; x_wconf 65' lang='lat' dir='ltr'>solvendae.</span> <span class='ocrx_word' id='word_1_370' title='bbox 2503 484 2904 563; x_wconf 68' lang='lat' dir='ltr'>Distinguunt</span> <span class='ocrx_word' id='word_1_371' title='bbox 2959 487 3376 549; x_wconf 83' lang='lat' dir='ltr'>communiter</span> 
     </span>
     <span class='ocr_line' id='line_1_66' title="bbox 1841 577 3377 651; baseline 0.005 -16"><span class='ocrx_word' id='word_1_372' title='bbox 1841 592 2057 637; x_wconf 88' lang='lat' dir='ltr'>omnes</span> <span class='ocrx_word' id='word_1_373' title='bbox 2102 577 2418 651; x_wconf 81' lang='lat' dir='ltr'>doctores3</span> <span class='ocrx_word' id='word_1_374' title='bbox 2480 596 2625 641; x_wconf 87' lang='lat' dir='ltr'>nam</span> <span class='ocrx_word' id='word_1_375' title='bbox 2656 578 2705 638; x_wconf 89' lang='lat' dir='ltr'>si</span> <span class='ocrx_word' id='word_1_376' title='bbox 2737 577 2901 641; x_wconf 86' lang='lat' dir='ltr'>bona</span> <span class='ocrx_word' id='word_1_377' title='bbox 2931 578 3034 644; x_wconf 87' lang='lat' dir='ltr'>illa</span> <span class='ocrx_word' id='word_1_378' title='bbox 3058 578 3377 643; x_wconf 83' lang='lat' dir='ltr'>habebant</span> 
     </span>
     <span class='ocr_line' id='line_1_67' title="bbox 1840 670 3379 751; baseline 0.003 -24"><span class='ocrx_word' id='word_1_379' title='bbox 1840 686 2020 745; x_wconf 87' lang='grc'>0005,</span> <span class='ocrx_word' id='word_1_380' title='bbox 2054 670 2150 731; x_wconf 81' lang='lat' dir='ltr'>vel</span> <span class='ocrx_word' id='word_1_381' title='bbox 2180 670 2481 732; x_wconf 89' lang='lat' dir='ltr'>tributum</span> <span class='ocrx_word' id='word_1_382' title='bbox 2508 689 2823 731; x_wconf 82' lang='lat' dir='ltr'>annexum</span> <span class='ocrx_word' id='word_1_383' title='bbox 2855 676 3224 751; x_wconf 87' lang='lat' dir='ltr'>perpetuum</span> <span class='ocrx_word' id='word_1_384' title='bbox 3245 719 3260 749; x_wconf 94' lang='lat'>,</span> <span class='ocrx_word' id='word_1_385' title='bbox 3317 678 3379 745; x_wconf 82' lang='lat' dir='ltr'>et</span> 
     </span>
     <span class='ocr_line' id='line_1_68' title="bbox 1839 763 3379 838; baseline 0.001 -18"><span class='ocrx_word' id='word_1_386' title='bbox 1839 779 2011 822; x_wconf 90' lang='lat' dir='ltr'>mere</span> <span class='ocrx_word' id='word_1_387' title='bbox 2041 764 2209 823; x_wconf 90' lang='lat' dir='ltr'>reale</span> <span class='ocrx_word' id='word_1_388' title='bbox 2229 809 2243 838; x_wconf 87' lang='lat'>,</span> <span class='ocrx_word' id='word_1_389' title='bbox 2292 782 2433 824; x_wconf 90' lang='lat' dir='ltr'>cum</span> <span class='ocrx_word' id='word_1_390' title='bbox 2463 763 2565 824; x_wconf 91' lang='lat' dir='ltr'>illo</span> <span class='ocrx_word' id='word_1_391' title='bbox 2597 782 2785 824; x_wconf 90' lang='lat' dir='ltr'>onere</span> <span class='ocrx_word' id='word_1_392' title='bbox 2813 769 3141 827; x_wconf 87' lang='lat' dir='ltr'>transeunt</span> <span class='ocrx_word' id='word_1_393' title='bbox 3166 766 3245 825; x_wconf 88' lang='lat' dir='ltr'>ad</span> <span class='ocrx_word' id='word_1_394' title='bbox 3276 785 3379 826; x_wconf 84' lang='lat' dir='ltr'>ec.-</span> 
     </span>
     <span class='ocr_line' id='line_1_69' title="bbox 1841 854 3378 936; baseline 0.005 -22"><span class='ocrx_word' id='word_1_395' title='bbox 1841 854 2095 916; x_wconf 90' lang='lat' dir='ltr'>clesiam</span> <span class='ocrx_word' id='word_1_396' title='bbox 2118 902 2135 931; x_wconf 90' lang='lat'>‚</span> <span class='ocrx_word' id='word_1_397' title='bbox 2187 856 2286 915; x_wconf 89' lang='lat' dir='ltr'>vel</span> <span class='ocrx_word' id='word_1_398' title='bbox 2333 856 2786 917; x_wconf 76' lang='lat' dir='ltr'>ecclesiasticas</span> <span class='ocrx_word' id='word_1_399' title='bbox 2814 876 3113 936; x_wconf 87' lang='lat' dir='ltr'>personas</span> <span class='ocrx_word' id='word_1_400' title='bbox 3150 878 3378 921; x_wconf 82' lang='lat' dir='ltr'>:secus</span> 
     </span>
     <span class='ocr_line' id='line_1_70' title="bbox 1841 948 3377 1030; baseline 0.002 -22"><span class='ocrx_word' id='word_1_401' title='bbox 1841 948 1893 1007; x_wconf 86' lang='lat' dir='ltr'>si</span> <span class='ocrx_word' id='word_1_402' title='bbox 1923 967 2080 1009; x_wconf 90' lang='lat' dir='ltr'>onus</span> <span class='ocrx_word' id='word_1_403' title='bbox 2106 949 2259 1009; x_wconf 90' lang='lat' dir='ltr'>illud</span> <span class='ocrx_word' id='word_1_404' title='bbox 2285 968 2407 1009; x_wconf 92' lang='lat' dir='ltr'>non</span> <span class='ocrx_word' id='word_1_405' title='bbox 2440 959 2573 1010; x_wconf 85' lang='lat' dir='ltr'>erat</span> <span class='ocrx_word' id='word_1_406' title='bbox 2601 950 2790 1027; x_wconf 88' lang='lat' dir='ltr'>reale,</span> <span class='ocrx_word' id='word_1_407' title='bbox 2827 951 2937 1011; x_wconf 90' lang='lat' dir='ltr'>sed</span> <span class='ocrx_word' id='word_1_408' title='bbox 2968 951 3207 1012; x_wconf 83' lang='lat' dir='ltr'>ratione</span> <span class='ocrx_word' id='word_1_409' title='bbox 3243 972 3377 1030; x_wconf 70' lang='lat' dir='ltr'>per-</span> 
     </span>
     <span class='ocr_line' id='line_1_71' title="bbox 1841 1042 3378 1123; baseline 0.001 -22"><span class='ocrx_word' id='word_1_410' title='bbox 1841 1059 2034 1117; x_wconf 84' lang='lat' dir='ltr'>sonae,</span> <span class='ocrx_word' id='word_1_411' title='bbox 2068 1046 2137 1103; x_wconf 91' lang='lat' dir='ltr'>ut</span> <span class='ocrx_word' id='word_1_412' title='bbox 2164 1042 2216 1101; x_wconf 89' lang='lat' dir='ltr'>si</span> <span class='ocrx_word' id='word_1_413' title='bbox 2233 1042 2594 1103; x_wconf 82' lang='lat' dir='ltr'>solvebatur</span> <span class='ocrx_word' id='word_1_414' title='bbox 2621 1062 2695 1101; x_wconf 85' lang='lat' dir='ltr'>ex</span> <span class='ocrx_word' id='word_1_415' title='bbox 2725 1042 2814 1104; x_wconf 90' lang='lat' dir='ltr'>eis</span> <span class='ocrx_word' id='word_1_416' title='bbox 2843 1042 3143 1104; x_wconf 87' lang='lat' dir='ltr'>tributum</span> <span class='ocrx_word' id='word_1_417' title='bbox 3174 1064 3247 1103; x_wconf 87' lang='lat' dir='ltr'>ex</span> <span class='ocrx_word' id='word_1_418' title='bbox 3275 1063 3378 1123; x_wconf 83' lang='lat' dir='ltr'>ge-</span> 
     </span>
     <span class='ocr_line' id='line_1_72' title="bbox 1844 1135 3380 1214; baseline 0.002 -21"><span class='ocrx_word' id='word_1_419' title='bbox 1844 1135 2038 1194; x_wconf 87' lang='lat' dir='ltr'>nerali</span> <span class='ocrx_word' id='word_1_420' title='bbox 2067 1136 2204 1214; x_wconf 87' lang='lat' dir='ltr'>lege</span> <span class='ocrx_word' id='word_1_421' title='bbox 2235 1142 2297 1195; x_wconf 91' lang='lat' dir='ltr'>et</span> <span class='ocrx_word' id='word_1_422' title='bbox 2324 1135 2705 1211; x_wconf 81' lang='lat' dir='ltr'>obligatione</span> <span class='ocrx_word' id='word_1_423' title='bbox 2727 1182 2742 1212; x_wconf 94' lang='lat'>,</span> <span class='ocrx_word' id='word_1_424' title='bbox 2790 1154 2915 1214; x_wconf 90' lang='lat' dir='ltr'>qua</span> <span class='ocrx_word' id='word_1_425' title='bbox 2961 1136 3126 1196; x_wconf 90' lang='lat' dir='ltr'>bona</span> <span class='ocrx_word' id='word_1_426' title='bbox 3166 1136 3380 1197; x_wconf 89' lang='lat' dir='ltr'>subdi-</span> 
     </span>
     <span class='ocr_line' id='line_1_73' title="bbox 1842 1227 3380 1308; baseline 0 -19"><span class='ocrx_word' id='word_1_427' title='bbox 1842 1232 2047 1289; x_wconf 87' lang='lat' dir='ltr'>torum</span> <span class='ocrx_word' id='word_1_428' title='bbox 2077 1233 2223 1288; x_wconf 91' lang='lat' dir='ltr'>sunt</span> <span class='ocrx_word' id='word_1_429' title='bbox 2252 1227 2547 1305; x_wconf 86' lang='lat' dir='ltr'>obligata,</span> <span class='ocrx_word' id='word_1_430' title='bbox 2575 1232 2636 1288; x_wconf 90' lang='lat' dir='ltr'>et</span> <span class='ocrx_word' id='word_1_431' title='bbox 2661 1227 3087 1305; x_wconf 79' lang='lat' dir='ltr'>hypothecata</span> <span class='ocrx_word' id='word_1_432' title='bbox 3114 1228 3380 1308; x_wconf 90' lang='lat' dir='ltr'>principi</span> 
     </span>
     <span class='ocr_line' id='line_1_74' title="bbox 1842 1319 3382 1401; baseline 0.003 -22"><span class='ocrx_word' id='word_1_433' title='bbox 1842 1338 1953 1398; x_wconf 92' lang='lat' dir='ltr'>pro</span> <span class='ocrx_word' id='word_1_434' title='bbox 1984 1319 2232 1381; x_wconf 89' lang='lat' dir='ltr'>tributis</span> <span class='ocrx_word' id='word_1_435' title='bbox 2275 1320 2393 1401; x_wconf 90' lang='lat' dir='ltr'>ipsi</span> <span class='ocrx_word' id='word_1_436' title='bbox 2441 1319 2688 1381; x_wconf 83' lang='lat' dir='ltr'>debitis.</span> <span class='ocrx_word' id='word_1_437' title='bbox 2749 1321 2839 1380; x_wconf 89' lang='lat' dir='ltr'>Ita</span> <span class='ocrx_word' id='word_1_438' title='bbox 2892 1320 3120 1383; x_wconf 90' lang='lat' dir='ltr'>docent</span> <span class='ocrx_word' id='word_1_439' title='bbox 3164 1340 3382 1383; x_wconf 88' lang='lat' dir='ltr'>omnes</span> 
     </span>
     <span class='ocr_line' id='line_1_75' title="bbox 1844 1411 3376 1495; baseline 0.002 -23"><span class='ocrx_word' id='word_1_440' title='bbox 1844 1432 2000 1492; x_wconf 86' lang='lat' dir='ltr'>quos</span> <span class='ocrx_word' id='word_1_441' title='bbox 2028 1413 2151 1473; x_wconf 89' lang='lat' dir='ltr'>late</span> <span class='ocrx_word' id='word_1_442' title='bbox 2182 1411 2462 1491; x_wconf 74' lang='lat' dir='ltr'>congerit</span> <span class='ocrx_word' id='word_1_443' title='bbox 2494 1418 2555 1473; x_wconf 91' lang='lat' dir='ltr'>et</span> <span class='ocrx_word' id='word_1_444' title='bbox 2582 1412 2866 1491; x_wconf 88' lang='lat' dir='ltr'>sequitur</span> <span class='ocrx_word' id='word_1_445' title='bbox 2894 1415 3122 1475; x_wconf 87' lang='lat' dir='ltr'>Sanch.</span> <span class='ocrx_word' id='word_1_446' title='bbox 3159 1414 3376 1495; x_wconf 89' lang='lat' dir='ltr'>d.cap.</span> 
     </span>
     <span class='ocr_line' id='line_1_76' title="bbox 1841 1505 3382 1585; baseline 0.002 -18"><span class='ocrx_word' id='word_1_447' title='bbox 1841 1507 1943 1567; x_wconf 89' lang='lat' dir='ltr'>1v.</span> <span class='ocrx_word' id='word_1_448' title='bbox 1976 1505 2128 1566; x_wconf 87' lang='lat' dir='ltr'>dub.</span> <span class='ocrx_word' id='word_1_449' title='bbox 2165 1523 2313 1567; x_wconf 78' lang='lat' dir='ltr'>Lvn.</span> <span class='ocrx_word' id='word_1_450' title='bbox 2367 1510 2428 1566; x_wconf 89' lang='lat' dir='ltr'>et</span> <span class='ocrx_word' id='word_1_451' title='bbox 2476 1505 2641 1564; x_wconf 90' lang='lat' dir='ltr'>idem</span> <span class='ocrx_word' id='word_1_452' title='bbox 2687 1524 2830 1565; x_wconf 90' lang='lat' dir='ltr'>cum</span> <span class='ocrx_word' id='word_1_453' title='bbox 2862 1507 3263 1585; x_wconf 88' lang='lat' dir='ltr'>proportione</span> <span class='ocrx_word' id='word_1_454' title='bbox 3292 1508 3382 1571; x_wconf 84' lang='lat' dir='ltr'>in-</span> 
     </span>
     <span class='ocr_line' id='line_1_77' title="bbox 1843 1598 3383 1679; baseline 0.003 -22"><span class='ocrx_word' id='word_1_455' title='bbox 1843 1598 2120 1676; x_wconf 69' lang='lat' dir='ltr'>venitur,</span> <span class='ocrx_word' id='word_1_456' title='bbox 2134 1598 2383 1678; x_wconf 88' lang='lat' dir='ltr'>quando</span> <span class='ocrx_word' id='word_1_457' title='bbox 2412 1598 2623 1677; x_wconf 88' lang='lat' dir='ltr'>aliqua</span> <span class='ocrx_word' id='word_1_458' title='bbox 2651 1598 2838 1675; x_wconf 87' lang='lat' dir='ltr'>bona,</span> <span class='ocrx_word' id='word_1_459' title='bbox 2861 1618 2933 1657; x_wconf 83' lang='lat' dir='ltr'>ex</span> <span class='ocrx_word' id='word_1_460' title='bbox 2956 1599 3183 1679; x_wconf 88' lang='lat' dir='ltr'>quibus</span> <span class='ocrx_word' id='word_1_461' title='bbox 3211 1600 3383 1679; x_wconf 90' lang='lat' dir='ltr'>igno-</span> 
     </span>
     <span class='ocr_line' id='line_1_78' title="bbox 1845 1690 3384 1767; baseline 0.003 -17"><span class='ocrx_word' id='word_1_462' title='bbox 1845 1690 1982 1750; x_wconf 89' lang='lat' dir='ltr'>bilis</span> <span class='ocrx_word' id='word_1_463' title='bbox 2010 1691 2294 1753; x_wconf 87' lang='lat' dir='ltr'>solvebat</span> <span class='ocrx_word' id='word_1_464' title='bbox 2321 1691 2645 1767; x_wconf 89' lang='lat' dir='ltr'>tributum,</span> <span class='ocrx_word' id='word_1_465' title='bbox 2666 1695 2993 1752; x_wconf 78' lang='lat' dir='ltr'>transeunt</span> <span class='ocrx_word' id='word_1_466' title='bbox 3013 1693 3092 1752; x_wconf 89' lang='lat' dir='ltr'>ad</span> <span class='ocrx_word' id='word_1_467' title='bbox 3111 1694 3384 1755; x_wconf 88' lang='lat' dir='ltr'>nobilem</span> 
     </span>
     <span class='ocr_line' id='line_1_79' title="bbox 1845 1783 3387 1861; baseline 0.003 -18"><span class='ocrx_word' id='word_1_468' title='bbox 1845 1787 2205 1861; x_wconf 80' lang='lat' dir='ltr'>exemptum</span> <span class='ocrx_word' id='word_1_469' title='bbox 2232 1802 2270 1844; x_wconf 85' lang='lat' dir='ltr'>a</span> <span class='ocrx_word' id='word_1_470' title='bbox 2300 1783 2532 1844; x_wconf 88' lang='lat' dir='ltr'>tributo</span> <span class='ocrx_word' id='word_1_471' title='bbox 2567 1803 2580 1843; x_wconf 91' lang='lat'>:</span> <span class='ocrx_word' id='word_1_472' title='bbox 2629 1802 2773 1844; x_wconf 88' lang='lat' dir='ltr'>nam</span> <span class='ocrx_word' id='word_1_473' title='bbox 2803 1785 2855 1844; x_wconf 92' lang='lat' dir='ltr'>si</span> <span class='ocrx_word' id='word_1_474' title='bbox 2882 1803 3039 1846; x_wconf 91' lang='lat' dir='ltr'>onus</span> <span class='ocrx_word' id='word_1_475' title='bbox 3070 1786 3218 1846; x_wconf 92' lang='lat' dir='ltr'>illud</span> <span class='ocrx_word' id='word_1_476' title='bbox 3250 1792 3387 1849; x_wconf 83' lang='lat' dir='ltr'>erat</span> 
     </span>
     <span class='ocr_line' id='line_1_80' title="bbox 1843 1875 3383 1954; baseline 0.005 -19"><span class='ocrx_word' id='word_1_477' title='bbox 1843 1876 2011 1936; x_wconf 86' lang='lat' dir='ltr'>reale</span> <span class='ocrx_word' id='word_1_478' title='bbox 2049 1876 2305 1936; x_wconf 84' lang='lat' dir='ltr'>affixum</span> <span class='ocrx_word' id='word_1_479' title='bbox 2352 1876 2471 1954; x_wconf 91' lang='lat' dir='ltr'>ipsi</span> <span class='ocrx_word' id='word_1_480' title='bbox 2513 1875 2639 1953; x_wconf 90' lang='lat' dir='ltr'>rei,</span> <span class='ocrx_word' id='word_1_481' title='bbox 2700 1877 2924 1938; x_wconf 86' lang='lat' dir='ltr'>transit</span> <span class='ocrx_word' id='word_1_482' title='bbox 2971 1897 3116 1938; x_wconf 91' lang='lat' dir='ltr'>cum</span> <span class='ocrx_word' id='word_1_483' title='bbox 3158 1879 3383 1942; x_wconf 88' lang='lat' dir='ltr'>eodem</span> 
     </span>
     <span class='ocr_line' id='line_1_81' title="bbox 1843 1969 3384 2051; baseline 0.003 -23"><span class='ocrx_word' id='word_1_484' title='bbox 1843 1986 2033 2029; x_wconf 91' lang='lat' dir='ltr'>onere</span> <span class='ocrx_word' id='word_1_485' title='bbox 2063 1969 2141 2029; x_wconf 90' lang='lat' dir='ltr'>ad</span> <span class='ocrx_word' id='word_1_486' title='bbox 2176 1969 2470 2045; x_wconf 89' lang='lat' dir='ltr'>nobilem,</span> <span class='ocrx_word' id='word_1_487' title='bbox 2521 1969 2572 2029; x_wconf 89' lang='lat' dir='ltr'>si</span> <span class='ocrx_word' id='word_1_488' title='bbox 2603 1988 2752 2031; x_wconf 86' lang='lat' dir='ltr'>vero</span> <span class='ocrx_word' id='word_1_489' title='bbox 2785 1975 2920 2032; x_wconf 84' lang='lat' dir='ltr'>erat</span> <span class='ocrx_word' id='word_1_490' title='bbox 2964 1972 3208 2032; x_wconf 91' lang='lat' dir='ltr'>ratione</span> <span class='ocrx_word' id='word_1_491' title='bbox 3242 1990 3384 2051; x_wconf 89' lang='lat' dir='ltr'>per-</span> 
     </span>
     <span class='ocr_line' id='line_1_82' title="bbox 1844 2061 3303 2142; baseline 0.001 -20"><span class='ocrx_word' id='word_1_492' title='bbox 1844 2080 2037 2138; x_wconf 85' lang='lat' dir='ltr'>sonae,</span> <span class='ocrx_word' id='word_1_493' title='bbox 2073 2080 2193 2122; x_wconf 90' lang='lat' dir='ltr'>non</span> <span class='ocrx_word' id='word_1_494' title='bbox 2225 2061 2448 2123; x_wconf 84' lang='lat' dir='ltr'>transit</span> <span class='ocrx_word' id='word_1_495' title='bbox 2475 2079 2632 2122; x_wconf 90' lang='lat' dir='ltr'>onus</span> <span class='ocrx_word' id='word_1_496' title='bbox 2661 2080 2804 2122; x_wconf 87' lang='lat' dir='ltr'>curn</span> <span class='ocrx_word' id='word_1_497' title='bbox 2834 2081 2901 2123; x_wconf 90' lang='lat' dir='ltr'>re</span> <span class='ocrx_word' id='word_1_498' title='bbox 2935 2063 3090 2142; x_wconf 87' lang='lat' dir='ltr'>ipsa.</span> <span class='ocrx_word' id='word_1_499' title='bbox 3124 2064 3303 2126; x_wconf 87' lang='lat' dir='ltr'>Unde</span> 
     </span>
    </p>

    <p class='ocr_par' dir='ltr' id='par_1_11' title="bbox 1840 2154 3387 4816">
     <span class='ocr_line' id='line_1_83' title="bbox 1925 2154 3384 2236; baseline 0.003 -20"><span class='ocrx_word' id='word_1_500' title='bbox 1925 2155 2128 2216; x_wconf 82' lang='lat' dir='ltr'>lni&#39;ero</span> <span class='ocrx_word' id='word_1_501' title='bbox 2161 2154 2359 2232; x_wconf 88' lang='lat' dir='ltr'>primo</span> <span class='ocrx_word' id='word_1_502' title='bbox 2381 2201 2396 2230; x_wconf 87' lang='lat'>‚</span> <span class='ocrx_word' id='word_1_503' title='bbox 2449 2172 2575 2214; x_wconf 91' lang='lat' dir='ltr'>non</span> <span class='ocrx_word' id='word_1_504' title='bbox 2603 2155 2838 2235; x_wconf 90' lang='lat' dir='ltr'>requiri</span> <span class='ocrx_word' id='word_1_505' title='bbox 2871 2157 3041 2236; x_wconf 88' lang='lat' dir='ltr'>quod</span> <span class='ocrx_word' id='word_1_506' title='bbox 3073 2157 3192 2218; x_wconf 89' lang='lat' dir='ltr'>hoc</span> <span class='ocrx_word' id='word_1_507' title='bbox 3227 2177 3384 2221; x_wconf 80' lang='lat' dir='ltr'>onus</span> 
     </span>
     <span class='ocr_line' id='line_1_84' title="bbox 1844 2248 3387 2330; baseline 0.001 -20"><span class='ocrx_word' id='word_1_508' title='bbox 1844 2249 1925 2311; x_wconf 88' lang='lat' dir='ltr'>sit</span> <span class='ocrx_word' id='word_1_509' title='bbox 1952 2253 2192 2309; x_wconf 89' lang='lat' dir='ltr'>certum</span> <span class='ocrx_word' id='word_1_510' title='bbox 2223 2253 2283 2308; x_wconf 90' lang='lat' dir='ltr'>et</span> <span class='ocrx_word' id='word_1_511' title='bbox 2310 2248 2796 2309; x_wconf 87' lang='lat' dir='ltr'>determinatum</span> <span class='ocrx_word' id='word_1_512' title='bbox 2817 2295 2832 2325; x_wconf 92' lang='lat'>,</span> <span class='ocrx_word' id='word_1_513' title='bbox 2884 2250 3271 2330; x_wconf 87' lang='lat' dir='ltr'>invariabile,</span> <span class='ocrx_word' id='word_1_514' title='bbox 3324 2256 3387 2312; x_wconf 85' lang='lat' dir='ltr'>et</span> 
     </span>
     <span class='ocr_line' id='line_1_85' title="bbox 1847 2340 3384 2423; baseline 0.002 -21"><span class='ocrx_word' id='word_1_515' title='bbox 1847 2340 2181 2422; x_wconf 88' lang='lat' dir='ltr'>quotannis</span> <span class='ocrx_word' id='word_1_516' title='bbox 2210 2340 2609 2420; x_wconf 83' lang='lat' dir='ltr'>solvendum,</span> <span class='ocrx_word' id='word_1_517' title='bbox 2660 2345 2728 2402; x_wconf 90' lang='lat' dir='ltr'>ut</span> <span class='ocrx_word' id='word_1_518' title='bbox 2759 2343 2954 2420; x_wconf 87' lang='lat' dir='ltr'>possit</span> <span class='ocrx_word' id='word_1_519' title='bbox 2981 2362 3124 2405; x_wconf 89' lang='lat' dir='ltr'>cum</span> <span class='ocrx_word' id='word_1_520' title='bbox 3152 2363 3219 2404; x_wconf 90' lang='lat' dir='ltr'>re</span> <span class='ocrx_word' id='word_1_521' title='bbox 3250 2344 3384 2423; x_wconf 88' lang='lat' dir='ltr'>ipsa</span> 
     </span>
     <span class='ocr_line' id='line_1_86' title="bbox 1845 2433 3377 2516; baseline 0.002 -20"><span class='ocrx_word' id='word_1_522' title='bbox 1845 2434 2113 2497; x_wconf 87' lang='lat' dir='ltr'>transire</span> <span class='ocrx_word' id='word_1_523' title='bbox 2138 2480 2153 2510; x_wconf 91' lang='lat'>,</span> <span class='ocrx_word' id='word_1_524' title='bbox 2213 2437 2283 2493; x_wconf 86' lang='lat' dir='ltr'>ut</span> <span class='ocrx_word' id='word_1_525' title='bbox 2309 2433 2506 2494; x_wconf 90' lang='lat' dir='ltr'>Diana</span> <span class='ocrx_word' id='word_1_526' title='bbox 2534 2433 2767 2516; x_wconf 87' lang='lat' dir='ltr'>requiri</span> <span class='ocrx_word' id='word_1_527' title='bbox 2806 2434 2961 2496; x_wconf 87' lang='lat' dir='ltr'>dixit</span> <span class='ocrx_word' id='word_1_528' title='bbox 3000 2437 3166 2499; x_wconf 88' lang='lat' dir='ltr'>dicto</span> <span class='ocrx_word' id='word_1_529' title='bbox 3195 2442 3377 2499; x_wconf 89' lang='lat' dir='ltr'>tract.</span> 
     </span>
     <span class='ocr_line' id='line_1_87' title="bbox 1847 2526 3383 2601; baseline 0.001 -11"><span class='ocrx_word' id='word_1_530' title='bbox 1847 2546 1914 2590; x_wconf 86' lang='lat'>11.</span> <span class='ocrx_word' id='word_1_531' title='bbox 1949 2527 2135 2588; x_wconf 89' lang='lat' dir='ltr'>resol.</span> <span class='ocrx_word' id='word_1_532' title='bbox 2168 2529 2265 2587; x_wconf 81' lang='lat'>42.</span> <span class='ocrx_word' id='word_1_533' title='bbox 2303 2526 2551 2601; x_wconf 89' lang='lat' dir='ltr'>dicens,</span> <span class='ocrx_word' id='word_1_534' title='bbox 2599 2546 2722 2587; x_wconf 93' lang='lat' dir='ltr'>non</span> <span class='ocrx_word' id='word_1_535' title='bbox 2771 2529 3037 2589; x_wconf 86' lang='lat' dir='ltr'>transire</span> <span class='ocrx_word' id='word_1_536' title='bbox 3067 2531 3147 2589; x_wconf 88' lang='lat' dir='ltr'>ad</span> <span class='ocrx_word' id='word_1_537' title='bbox 3189 2531 3383 2591; x_wconf 89' lang='lat' dir='ltr'>eccle·</span> 
     </span>
     <span class='ocr_line' id='line_1_88' title="bbox 1845 2618 3383 2702; baseline 0.003 -21"><span class='ocrx_word' id='word_1_538' title='bbox 1845 2621 2003 2681; x_wconf 85' lang='lat' dir='ltr'>siam</span> <span class='ocrx_word' id='word_1_539' title='bbox 2031 2637 2189 2681; x_wconf 90' lang='lat' dir='ltr'>onus</span> <span class='ocrx_word' id='word_1_540' title='bbox 2218 2618 2391 2694; x_wconf 92' lang='lat' dir='ltr'>illud,</span> <span class='ocrx_word' id='word_1_541' title='bbox 2427 2618 2680 2698; x_wconf 91' lang='lat' dir='ltr'>quando</span> <span class='ocrx_word' id='word_1_542' title='bbox 2711 2620 2875 2680; x_wconf 87' lang='lat' dir='ltr'>bona</span> <span class='ocrx_word' id='word_1_543' title='bbox 2900 2625 3078 2682; x_wconf 88' lang='lat' dir='ltr'>erant</span> <span class='ocrx_word' id='word_1_544' title='bbox 3108 2622 3383 2702; x_wconf 83' lang='lat' dir='ltr'>obligata</span> 
     </span>
     <span class='ocr_line' id='line_1_89' title="bbox 1844 2711 3383 2790; baseline 0.002 -16"><span class='ocrx_word' id='word_1_545' title='bbox 1844 2713 1926 2774; x_wconf 90' lang='lat' dir='ltr'>ad</span> <span class='ocrx_word' id='word_1_546' title='bbox 1955 2712 2247 2773; x_wconf 85' lang='lat' dir='ltr'>collectas</span> <span class='ocrx_word' id='word_1_547' title='bbox 2277 2711 2655 2790; x_wconf 83' lang='lat' dir='ltr'>obligatione</span> <span class='ocrx_word' id='word_1_548' title='bbox 2681 2712 3162 2776; x_wconf 87' lang='lat' dir='ltr'>indeterminata</span> <span class='ocrx_word' id='word_1_549' title='bbox 3192 2720 3253 2777; x_wconf 89' lang='lat' dir='ltr'>et</span> <span class='ocrx_word' id='word_1_550' title='bbox 3280 2735 3383 2784; x_wconf 81' lang='lat' dir='ltr'>va-</span> 
     </span>
     <span class='ocr_line' id='line_1_90' title="bbox 1844 2803 3383 2883; baseline 0.002 -17"><span class='ocrx_word' id='word_1_551' title='bbox 1844 2805 2048 2866; x_wconf 89' lang='lat' dir='ltr'>riabili</span> <span class='ocrx_word' id='word_1_552' title='bbox 2108 2804 2189 2864; x_wconf 87' lang='lat' dir='ltr'>ad</span> <span class='ocrx_word' id='word_1_553' title='bbox 2235 2808 2483 2883; x_wconf 89' lang='lat' dir='ltr'>tempus</span> <span class='ocrx_word' id='word_1_554' title='bbox 2504 2849 2520 2881; x_wconf 92' lang='lat'>,</span> <span class='ocrx_word' id='word_1_555' title='bbox 2583 2803 2875 2865; x_wconf 90' lang='lat' dir='ltr'>nimirum</span> <span class='ocrx_word' id='word_1_556' title='bbox 2923 2805 3003 2866; x_wconf 89' lang='lat' dir='ltr'>ad</span> <span class='ocrx_word' id='word_1_557' title='bbox 3050 2808 3383 2869; x_wconf 87' lang='lat' dir='ltr'>solvendas</span> 
     </span>
     <span class='ocr_line' id='line_1_91' title="bbox 1844 2896 3384 2976; baseline 0.002 -17"><span class='ocrx_word' id='word_1_558' title='bbox 1844 2899 2135 2960; x_wconf 83' lang='lat' dir='ltr'>collectas</span> <span class='ocrx_word' id='word_1_559' title='bbox 2164 2915 2275 2975; x_wconf 91' lang='lat' dir='ltr'>pro</span> <span class='ocrx_word' id='word_1_560' title='bbox 2304 2896 2606 2958; x_wconf 72' lang='lat' dir='ltr'>varietate</span> <span class='ocrx_word' id='word_1_561' title='bbox 2637 2898 2936 2976; x_wconf 89' lang='lat' dir='ltr'>temporis</span> <span class='ocrx_word' id='word_1_562' title='bbox 2966 2903 3028 2960; x_wconf 90' lang='lat' dir='ltr'>et</span> <span class='ocrx_word' id='word_1_563' title='bbox 3057 2902 3384 2962; x_wconf 83' lang='lat' dir='ltr'>necessita-</span> 
     </span>
     <span class='ocr_line' id='line_1_92' title="bbox 1842 2989 3382 3055; baseline 0.002 -3"><span class='ocrx_word' id='word_1_564' title='bbox 1842 2997 1975 3053; x_wconf 90' lang='lat' dir='ltr'>tum</span> <span class='ocrx_word' id='word_1_565' title='bbox 2005 2989 2489 3051; x_wconf 88' lang='lat' dir='ltr'>occurrentium.</span> <span class='ocrx_word' id='word_1_566' title='bbox 2523 2992 2670 3050; x_wconf 82' lang='lat' dir='ltr'>Haec</span> <span class='ocrx_word' id='word_1_567' title='bbox 2699 2994 2908 3051; x_wconf 87' lang='lat' dir='ltr'>tamen</span> <span class='ocrx_word' id='word_1_568' title='bbox 2939 2990 3250 3053; x_wconf 88' lang='lat' dir='ltr'>distinctio</span> <span class='ocrx_word' id='word_1_569' title='bbox 3281 3013 3382 3055; x_wconf 88' lang='lat' dir='ltr'>ve-</span> 
     </span>
     <span class='ocr_line' id='line_1_93' title="bbox 1842 3082 3383 3163; baseline 0.002 -18"><span class='ocrx_word' id='word_1_570' title='bbox 1842 3104 1913 3145; x_wconf 87' lang='lat' dir='ltr'>ra</span> <span class='ocrx_word' id='word_1_571' title='bbox 1943 3102 2067 3144; x_wconf 90' lang='lat' dir='ltr'>non</span> <span class='ocrx_word' id='word_1_572' title='bbox 2096 3087 2227 3146; x_wconf 88' lang='lat' dir='ltr'>est:</span> <span class='ocrx_word' id='word_1_573' title='bbox 2255 3082 2402 3162; x_wconf 88' lang='lat' dir='ltr'>quia</span> <span class='ocrx_word' id='word_1_574' title='bbox 2429 3100 2551 3142; x_wconf 92' lang='lat' dir='ltr'>non</span> <span class='ocrx_word' id='word_1_575' title='bbox 2579 3086 2892 3161; x_wconf 86' lang='lat' dir='ltr'>repugnat</span> <span class='ocrx_word' id='word_1_576' title='bbox 2923 3085 3089 3163; x_wconf 92' lang='lat' dir='ltr'>quod</span> <span class='ocrx_word' id='word_1_577' title='bbox 3120 3086 3200 3147; x_wconf 89' lang='lat' dir='ltr'>sit</span> <span class='ocrx_word' id='word_1_578' title='bbox 3226 3105 3383 3148; x_wconf 90' lang='lat' dir='ltr'>onus</span> 
     </span>
     <span class='ocr_line' id='line_1_94' title="bbox 1842 3175 3381 3257; baseline 0.002 -18"><span class='ocrx_word' id='word_1_579' title='bbox 1842 3178 2033 3253; x_wconf 84' lang='lat' dir='ltr'>reale,</span> <span class='ocrx_word' id='word_1_580' title='bbox 2068 3180 2130 3239; x_wconf 88' lang='lat' dir='ltr'>et</span> <span class='ocrx_word' id='word_1_581' title='bbox 2160 3175 2397 3255; x_wconf 79' lang='lat' dir='ltr'>proedio</span> <span class='ocrx_word' id='word_1_582' title='bbox 2428 3175 2524 3236; x_wconf 87' lang='lat' dir='ltr'>vel</span> <span class='ocrx_word' id='word_1_583' title='bbox 2555 3176 2693 3237; x_wconf 89' lang='lat' dir='ltr'>aliis</span> <span class='ocrx_word' id='word_1_584' title='bbox 2723 3176 2904 3238; x_wconf 90' lang='lat' dir='ltr'>bonis</span> <span class='ocrx_word' id='word_1_585' title='bbox 2933 3178 3214 3257; x_wconf 85' lang='lat' dir='ltr'>affixum,</span> <span class='ocrx_word' id='word_1_586' title='bbox 3258 3200 3381 3243; x_wconf 93' lang='lat' dir='ltr'>non</span> 
     </span>
     <span class='ocr_line' id='line_1_95' title="bbox 1842 3268 3384 3351; baseline 0.002 -19"><span class='ocrx_word' id='word_1_587' title='bbox 1842 3276 2052 3333; x_wconf 83' lang='lat' dir='ltr'>tamen</span> <span class='ocrx_word' id='word_1_588' title='bbox 2100 3269 2473 3329; x_wconf 91' lang='lat' dir='ltr'>solvendum</span> <span class='ocrx_word' id='word_1_589' title='bbox 2521 3268 2935 3331; x_wconf 87' lang='lat' dir='ltr'>determinate</span> <span class='ocrx_word' id='word_1_590' title='bbox 2987 3272 3247 3351; x_wconf 90' lang='lat' dir='ltr'>singulis</span> <span class='ocrx_word' id='word_1_591' title='bbox 3278 3294 3384 3335; x_wconf 91' lang='lat' dir='ltr'>an-</span> 
     </span>
     <span class='ocr_line' id='line_1_96' title="bbox 1843 3361 3385 3436; baseline 0.003 -12"><span class='ocrx_word' id='word_1_592' title='bbox 1843 3363 1960 3436; x_wconf 86' lang='grc'>015,</span> <span class='ocrx_word' id='word_1_593' title='bbox 1993 3363 2103 3422; x_wconf 88' lang='lat' dir='ltr'>sed</span> <span class='ocrx_word' id='word_1_594' title='bbox 2129 3362 2192 3421; x_wconf 92' lang='lat' dir='ltr'>in</span> <span class='ocrx_word' id='word_1_595' title='bbox 2225 3362 2329 3422; x_wconf 86' lang='lat' dir='ltr'>tali</span> <span class='ocrx_word' id='word_1_596' title='bbox 2360 3362 2457 3421; x_wconf 86' lang='lat' dir='ltr'>vel</span> <span class='ocrx_word' id='word_1_597' title='bbox 2487 3361 2593 3422; x_wconf 90' lang='lat' dir='ltr'>tali</span> <span class='ocrx_word' id='word_1_598' title='bbox 2625 3364 3016 3425; x_wconf 87' lang='lat' dir='ltr'>occurrentia</span> <span class='ocrx_word' id='word_1_599' title='bbox 3049 3385 3063 3426; x_wconf 90' lang='lat'><strong>:</strong></span> <span class='ocrx_word' id='word_1_600' title='bbox 3098 3370 3167 3427; x_wconf 91' lang='lat' dir='ltr'>ut</span> <span class='ocrx_word' id='word_1_601' title='bbox 3196 3367 3248 3426; x_wconf 91' lang='lat' dir='ltr'>si</span> <span class='ocrx_word' id='word_1_602' title='bbox 3273 3367 3385 3430; x_wconf 90' lang='lat' dir='ltr'>ali-</span> 
     </span>
     <span class='ocr_line' id='line_1_97' title="bbox 1843 3453 3384 3539; baseline 0.003 -23"><span class='ocrx_word' id='word_1_603' title='bbox 1843 3456 1980 3537; x_wconf 89' lang='lat' dir='ltr'>quis</span> <span class='ocrx_word' id='word_1_604' title='bbox 2033 3454 2226 3515; x_wconf 88' lang='lat' dir='ltr'>fundo</span> <span class='ocrx_word' id='word_1_605' title='bbox 2252 3499 2267 3530; x_wconf 90' lang='lat'>‚</span> <span class='ocrx_word' id='word_1_606' title='bbox 2318 3454 2415 3514; x_wconf 85' lang='lat' dir='ltr'>vel</span> <span class='ocrx_word' id='word_1_607' title='bbox 2446 3453 2677 3533; x_wconf 90' lang='lat' dir='ltr'>oppido</span> <span class='ocrx_word' id='word_1_608' title='bbox 2706 3474 2819 3516; x_wconf 91' lang='lat' dir='ltr'>suo</span> <span class='ocrx_word' id='word_1_609' title='bbox 2853 3456 2971 3518; x_wconf 91' lang='lat' dir='ltr'>hoc</span> <span class='ocrx_word' id='word_1_610' title='bbox 3001 3477 3159 3518; x_wconf 91' lang='lat' dir='ltr'>onus</span> <span class='ocrx_word' id='word_1_611' title='bbox 3187 3478 3384 3539; x_wconf 90' lang='lat' dir='ltr'>oppo-</span> 
     </span>
     <span class='ocr_line' id='line_1_98' title="bbox 1841 3546 3383 3630; baseline 0.002 -20"><span class='ocrx_word' id='word_1_612' title='bbox 1841 3549 1966 3611; x_wconf 86' lang='lat' dir='ltr'>suit</span> <span class='ocrx_word' id='word_1_613' title='bbox 1985 3594 2000 3624; x_wconf 98' lang='lat'>,</span> <span class='ocrx_word' id='word_1_614' title='bbox 2034 3553 2103 3608; x_wconf 91' lang='lat' dir='ltr'>ut</span> <span class='ocrx_word' id='word_1_615' title='bbox 2131 3547 2359 3608; x_wconf 88' lang='lat' dir='ltr'>debeat</span> <span class='ocrx_word' id='word_1_616' title='bbox 2388 3546 2523 3626; x_wconf 88' lang='lat' dir='ltr'>ejus</span> <span class='ocrx_word' id='word_1_617' title='bbox 2555 3566 2877 3625; x_wconf 87' lang='lat' dir='ltr'>possessor</span> <span class='ocrx_word' id='word_1_618' title='bbox 2901 3596 2917 3625; x_wconf 89' lang='lat'>,</span> <span class='ocrx_word' id='word_1_619' title='bbox 2971 3551 3219 3630; x_wconf 89' lang='lat' dir='ltr'>quoties</span> <span class='ocrx_word' id='word_1_620' title='bbox 3248 3552 3383 3613; x_wconf 90' lang='lat' dir='ltr'>bel-</span> 
     </span>
     <span class='ocr_line' id='line_1_99' title="bbox 1840 3639 3382 3716; baseline 0.003 -14"><span class='ocrx_word' id='word_1_621' title='bbox 1840 3640 1971 3702; x_wconf 89' lang='lat' dir='ltr'>lum</span> <span class='ocrx_word' id='word_1_622' title='bbox 2004 3642 2332 3715; x_wconf 87' lang='lat' dir='ltr'>occurrat,</span> <span class='ocrx_word' id='word_1_623' title='bbox 2382 3639 2479 3698; x_wconf 87' lang='lat' dir='ltr'>vel</span> <span class='ocrx_word' id='word_1_624' title='bbox 2508 3639 2727 3716; x_wconf 86' lang='lat' dir='ltr'>fames,</span> <span class='ocrx_word' id='word_1_625' title='bbox 2781 3639 2931 3701; x_wconf 87' lang='lat' dir='ltr'>dare</span> <span class='ocrx_word' id='word_1_626' title='bbox 2961 3643 3129 3703; x_wconf 87' lang='lat' dir='ltr'>mille</span> <span class='ocrx_word' id='word_1_627' title='bbox 3158 3663 3382 3706; x_wconf 85' lang='lat' dir='ltr'>aureos</span> 
     </span>
     <span class='ocr_line' id='line_1_100' title="bbox 1842 3731 3376 3799; baseline 0.002 -4"><span class='ocrx_word' id='word_1_628' title='bbox 1842 3733 1922 3795; x_wconf 84' lang='lat' dir='ltr'>ad</span> <span class='ocrx_word' id='word_1_629' title='bbox 1948 3733 2117 3793; x_wconf 87' lang='lat' dir='ltr'>illam</span> <span class='ocrx_word' id='word_1_630' title='bbox 2150 3731 2603 3794; x_wconf 88' lang='lat' dir='ltr'>necessitatem.</span> <span class='ocrx_word' id='word_1_631' title='bbox 2672 3733 2851 3794; x_wconf 88' lang='lat' dir='ltr'>Unde</span> <span class='ocrx_word' id='word_1_632' title='bbox 2871 3734 3101 3797; x_wconf 89' lang='lat' dir='ltr'>Sanch.</span> <span class='ocrx_word' id='word_1_633' title='bbox 3125 3737 3186 3797; x_wconf 91' lang='lat' dir='ltr'>d.</span> <span class='ocrx_word' id='word_1_634' title='bbox 3225 3737 3376 3799; x_wconf 88' lang='lat' dir='ltr'>dub.</span> 
     </span>
     <span class='ocr_line' id='line_1_101' title="bbox 1843 3824 3383 3907; baseline 0.003 -20"><span class='ocrx_word' id='word_1_635' title='bbox 1843 3843 1990 3887; x_wconf 78' lang='lat' dir='ltr'>Lvn.</span> <span class='ocrx_word' id='word_1_636' title='bbox 2025 3845 2108 3885; x_wconf 92' lang='lat' dir='ltr'>nu</span> <span class='ocrx_word' id='word_1_637' title='bbox 2140 3827 2234 3885; x_wconf 83' lang='grc'>10.</span> <span class='ocrx_word' id='word_1_638' title='bbox 2269 3824 2430 3884; x_wconf 90' lang='lat' dir='ltr'>bene</span> <span class='ocrx_word' id='word_1_639' title='bbox 2459 3824 2691 3885; x_wconf 85' lang='lat' dir='ltr'>fatetur</span> <span class='ocrx_word' id='word_1_640' title='bbox 2718 3844 2900 3904; x_wconf 90' lang='lat' dir='ltr'>posse</span> <span class='ocrx_word' id='word_1_641' title='bbox 2929 3846 3167 3907; x_wconf 87' lang='lat' dir='ltr'>regem,</span> <span class='ocrx_word' id='word_1_642' title='bbox 3189 3849 3383 3907; x_wconf 86' lang='lat' dir='ltr'>quan-</span> 
     </span>
     <span class='ocr_line' id='line_1_102' title="bbox 1843 3917 3384 3999; baseline 0.003 -19"><span class='ocrx_word' id='word_1_643' title='bbox 1843 3920 1924 3980; x_wconf 88' lang='lat' dir='ltr'>do</span> <span class='ocrx_word' id='word_1_644' title='bbox 1957 3917 2234 3980; x_wconf 73' lang='lat' dir='ltr'>ecclesiae</span> <span class='ocrx_word' id='word_1_645' title='bbox 2275 3918 2469 3979; x_wconf 86' lang='lat' dir='ltr'>donat</span> <span class='ocrx_word' id='word_1_646' title='bbox 2498 3917 2751 3997; x_wconf 87' lang='lat' dir='ltr'>aliquod</span> <span class='ocrx_word' id='word_1_647' title='bbox 2785 3920 3109 3999; x_wconf 92' lang='lat' dir='ltr'>oppidum,</span> <span class='ocrx_word' id='word_1_648' title='bbox 3143 3922 3241 3982; x_wconf 80' lang='lat' dir='ltr'>vel</span> <span class='ocrx_word' id='word_1_649' title='bbox 3272 3941 3384 3984; x_wconf 87' lang='lat' dir='ltr'>an-</span> 
     </span>
     <span class='ocr_line' id='line_1_103' title="bbox 1840 4011 3385 4093; baseline 0.002 -19"><span class='ocrx_word' id='word_1_650' title='bbox 1840 4016 1967 4088; x_wconf 88' lang='lat' dir='ltr'>tea,</span> <span class='ocrx_word' id='word_1_651' title='bbox 1998 4028 2313 4091; x_wconf 88' lang='lat' dir='ltr'>apponere</span> <span class='ocrx_word' id='word_1_652' title='bbox 2344 4011 2400 4070; x_wconf 91' lang='lat' dir='ltr'>ei</span> <span class='ocrx_word' id='word_1_653' title='bbox 2431 4011 2554 4072; x_wconf 87' lang='lat' dir='ltr'>tale</span> <span class='ocrx_word' id='word_1_654' title='bbox 2586 4029 2741 4071; x_wconf 89' lang='lat' dir='ltr'>onus</span> <span class='ocrx_word' id='word_1_655' title='bbox 2769 4012 3047 4088; x_wconf 84' lang='lat' dir='ltr'>reale,ut</span> <span class='ocrx_word' id='word_1_656' title='bbox 3064 4032 3385 4093; x_wconf 88' lang='lat' dir='ltr'>possessor</span> 
     </span>
     <span class='ocr_line' id='line_1_104' title="bbox 1841 4102 3387 4186; baseline 0.003 -21"><span class='ocrx_word' id='word_1_657' title='bbox 1841 4105 2222 4186; x_wconf 88' lang='lat' dir='ltr'>quicumque</span> <span class='ocrx_word' id='word_1_658' title='bbox 2269 4102 2382 4180; x_wconf 89' lang='lat' dir='ltr'>sit,</span> <span class='ocrx_word' id='word_1_659' title='bbox 2438 4103 2667 4164; x_wconf 88' lang='lat' dir='ltr'>debeat</span> <span class='ocrx_word' id='word_1_660' title='bbox 2711 4104 3109 4167; x_wconf 89' lang='lat' dir='ltr'>contribuere</span> <span class='ocrx_word' id='word_1_661' title='bbox 3158 4108 3238 4168; x_wconf 89' lang='lat' dir='ltr'>ad</span> <span class='ocrx_word' id='word_1_662' title='bbox 3293 4112 3387 4170; x_wconf 87' lang='lat' dir='ltr'>tot</span> 
     </span>
     <span class='ocr_line' id='line_1_105' title="bbox 1841 4195 3382 4275; baseline 0.003 -16"><span class='ocrx_word' id='word_1_663' title='bbox 1841 4196 2067 4260; x_wconf 86' lang='lat' dir='ltr'>milites</span> <span class='ocrx_word' id='word_1_664' title='bbox 2096 4195 2517 4272; x_wconf 87' lang='lat' dir='ltr'>sustinendos,</span> <span class='ocrx_word' id='word_1_665' title='bbox 2553 4197 2797 4275; x_wconf 89' lang='lat' dir='ltr'>quoties</span> <span class='ocrx_word' id='word_1_666' title='bbox 2826 4196 2972 4258; x_wconf 89' lang='lat' dir='ltr'>belli</span> <span class='ocrx_word' id='word_1_667' title='bbox 3003 4201 3246 4262; x_wconf 88' lang='lat' dir='ltr'>occasio</span> <span class='ocrx_word' id='word_1_668' title='bbox 3283 4220 3382 4263; x_wconf 91' lang='grc'>00-</span> 
     </span>
     <span class='ocr_line' id='line_1_106' title="bbox 1842 4285 3381 4370; baseline 0.005 -17"><span class='ocrx_word' id='word_1_669' title='bbox 1842 4289 2126 4361; x_wconf 88' lang='lat' dir='ltr'>currerit,</span> <span class='ocrx_word' id='word_1_670' title='bbox 2163 4288 2330 4368; x_wconf 86' lang='lat' dir='ltr'>quod</span> <span class='ocrx_word' id='word_1_671' title='bbox 2361 4285 2539 4363; x_wconf 79' lang='grc'>0005,</span> <span class='ocrx_word' id='word_1_672' title='bbox 2595 4289 2741 4369; x_wconf 88' lang='lat' dir='ltr'>quia</span> <span class='ocrx_word' id='word_1_673' title='bbox 2767 4290 2934 4351; x_wconf 89' lang='lat' dir='ltr'>reale</span> <span class='ocrx_word' id='word_1_674' title='bbox 2966 4297 3086 4370; x_wconf 89' lang='lat' dir='ltr'>est,</span> <span class='ocrx_word' id='word_1_675' title='bbox 3117 4293 3381 4360; x_wconf 80' lang='lat' dir='ltr'>transire</span> 
     </span>
     <span class='ocr_line' id='line_1_107' title="bbox 1841 4381 3381 4465; baseline 0.003 -20"><span class='ocrx_word' id='word_1_676' title='bbox 1841 4386 2047 4464; x_wconf 88' lang='lat' dir='ltr'>potest</span> <span class='ocrx_word' id='word_1_677' title='bbox 2072 4400 2217 4444; x_wconf 86' lang='lat' dir='ltr'>cum</span> <span class='ocrx_word' id='word_1_678' title='bbox 2247 4381 2428 4443; x_wconf 90' lang='lat' dir='ltr'>dietis</span> <span class='ocrx_word' id='word_1_679' title='bbox 2469 4381 2649 4443; x_wconf 92' lang='lat' dir='ltr'>bonis</span> <span class='ocrx_word' id='word_1_680' title='bbox 2691 4383 2771 4443; x_wconf 88' lang='lat' dir='ltr'>ad</span> <span class='ocrx_word' id='word_1_681' title='bbox 2819 4383 3145 4465; x_wconf 86' lang='lat' dir='ltr'>episcopos</span> <span class='ocrx_word' id='word_1_682' title='bbox 3193 4388 3381 4449; x_wconf 86' lang='lat' dir='ltr'>etiam</span> 
     </span>
     <span class='ocr_line' id='line_1_108' title="bbox 1842 4477 3379 4560; baseline 0.003 -23"><span class='ocrx_word' id='word_1_683' title='bbox 1842 4494 2060 4539; x_wconf 89' lang='lat' dir='ltr'>eorum</span> <span class='ocrx_word' id='word_1_684' title='bbox 2087 4492 2501 4554; x_wconf 74' lang='lat' dir='ltr'>possessores·</span> <span class='ocrx_word' id='word_1_685' title='bbox 2561 4477 2689 4536; x_wconf 93' lang='lat' dir='ltr'>Nec</span> <span class='ocrx_word' id='word_1_686' title='bbox 2734 4482 2998 4555; x_wconf 89' lang='lat' dir='ltr'>apparet</span> <span class='ocrx_word' id='word_1_687' title='bbox 3039 4479 3164 4539; x_wconf 90' lang='lat' dir='ltr'>ulla</span> <span class='ocrx_word' id='word_1_688' title='bbox 3195 4480 3379 4560; x_wconf 83' lang='lat' dir='ltr'>ratio,</span> 
     </span>
     <span class='ocr_line' id='line_1_109' title="bbox 1843 4570 3379 4651; baseline 0.003 -22"><span class='ocrx_word' id='word_1_689' title='bbox 1843 4587 1955 4629; x_wconf 86' lang='lat' dir='ltr'>cur</span> <span class='ocrx_word' id='word_1_690' title='bbox 1999 4586 2159 4629; x_wconf 89' lang='lat' dir='ltr'>onus</span> <span class='ocrx_word' id='word_1_691' title='bbox 2203 4571 2444 4628; x_wconf 87' lang='lat' dir='ltr'>certum</span> <span class='ocrx_word' id='word_1_692' title='bbox 2493 4585 2771 4628; x_wconf 88' lang='lat' dir='ltr'>annuum</span> <span class='ocrx_word' id='word_1_693' title='bbox 2801 4570 2969 4630; x_wconf 87' lang='lat' dir='ltr'>reale</span> <span class='ocrx_word' id='word_1_694' title='bbox 2999 4589 3134 4632; x_wconf 83' lang='lat' dir='ltr'>esse</span> <span class='ocrx_word' id='word_1_695' title='bbox 3163 4573 3379 4651; x_wconf 89' lang='lat' dir='ltr'>possit,</span> 
     </span>
     <span class='ocr_line' id='line_1_110' title="bbox 1844 4659 3383 4743; baseline 0.003 -20"><span class='ocrx_word' id='word_1_696' title='bbox 1844 4680 1967 4723; x_wconf 92' lang='lat' dir='ltr'>non</span> <span class='ocrx_word' id='word_1_697' title='bbox 1996 4679 2146 4722; x_wconf 81' lang='lat' dir='ltr'>vero</span> <span class='ocrx_word' id='word_1_698' title='bbox 2176 4678 2334 4721; x_wconf 91' lang='lat' dir='ltr'>onus</span> <span class='ocrx_word' id='word_1_699' title='bbox 2372 4659 2924 4724; x_wconf 77' lang='lat' dir='ltr'>indeterminatum</span> <span class='ocrx_word' id='word_1_700' title='bbox 2957 4681 3068 4741; x_wconf 91' lang='lat' dir='ltr'>pro</span> <span class='ocrx_word' id='word_1_701' title='bbox 3098 4668 3383 4743; x_wconf 82' lang='lat' dir='ltr'>tempore</span> 
     </span>
     <span class='ocr_line' id='line_1_111' title="bbox 1842 4755 2103 4816; baseline -0.004 -1"><span class='ocrx_word' id='word_1_702' title='bbox 1842 4755 2103 4816; x_wconf 89' lang='lat' dir='ltr'>incert0.</span> 
     </span>
    </p>

    <p class='ocr_par' dir='ltr' id='par_1_12' title="bbox 1845 4845 3390 5576">
     <span class='ocr_line' id='line_1_112' title="bbox 1925 4845 3386 4926; baseline 0.002 -18"><span class='ocrx_word' id='word_1_703' title='bbox 1925 4846 2128 4908; x_wconf 87' lang='lat' dir='ltr'>Infero</span> <span class='ocrx_word' id='word_1_704' title='bbox 2160 4846 2457 4923; x_wconf 82' lang='lat' dir='ltr'>secunde,</span> <span class='ocrx_word' id='word_1_705' title='bbox 2493 4845 2642 4924; x_wconf 89' lang='lat' dir='ltr'>quid</span> <span class='ocrx_word' id='word_1_706' title='bbox 2674 4845 3011 4907; x_wconf 89' lang='lat' dir='ltr'>dicendum</span> <span class='ocrx_word' id='word_1_707' title='bbox 3042 4849 3143 4926; x_wconf 87' lang='lat' dir='ltr'>sit,</span> <span class='ocrx_word' id='word_1_708' title='bbox 3177 4851 3224 4910; x_wconf 90' lang='lat' dir='ltr'>si</span> <span class='ocrx_word' id='word_1_709' title='bbox 3258 4850 3386 4911; x_wconf 90' lang='lat' dir='ltr'>cle-</span> 
     </span>
     <span class='ocr_line' id='line_1_113' title="bbox 1845 4938 3383 5019; baseline 0.003 -20"><span class='ocrx_word' id='word_1_710' title='bbox 1845 4939 2012 5001; x_wconf 90' lang='lat' dir='ltr'>ricus</span> <span class='ocrx_word' id='word_1_711' title='bbox 2042 4958 2167 5000; x_wconf 92' lang='lat' dir='ltr'>non</span> <span class='ocrx_word' id='word_1_712' title='bbox 2200 4939 2400 5000; x_wconf 88' lang='lat' dir='ltr'>solvat</span> <span class='ocrx_word' id='word_1_713' title='bbox 2427 4938 2798 5017; x_wconf 80' lang='lat' dir='ltr'>praedictum</span> <span class='ocrx_word' id='word_1_714' title='bbox 2856 4957 3011 5000; x_wconf 91' lang='lat' dir='ltr'>onus</span> <span class='ocrx_word' id='word_1_715' title='bbox 3064 4943 3267 5019; x_wconf 90' lang='lat' dir='ltr'>reale,</span> <span class='ocrx_word' id='word_1_716' title='bbox 3319 4944 3383 5003; x_wconf 93' lang='lat' dir='ltr'>in</span> 
     </span>
     <span class='ocr_line' id='line_1_114' title="bbox 1848 5032 3388 5116; baseline 0.003 -23"><span class='ocrx_word' id='word_1_717' title='bbox 1848 5052 1970 5113; x_wconf 90' lang='lat' dir='ltr'>quo</span> <span class='ocrx_word' id='word_1_718' title='bbox 2001 5052 2151 5093; x_wconf 90' lang='lat' dir='ltr'>casu</span> <span class='ocrx_word' id='word_1_719' title='bbox 2179 5032 2369 5112; x_wconf 86' lang='lat' dir='ltr'>aliqui</span> <span class='ocrx_word' id='word_1_720' title='bbox 2403 5032 2733 5108; x_wconf 86' lang='lat' dir='ltr'>dixerunt,</span> <span class='ocrx_word' id='word_1_721' title='bbox 2783 5051 2965 5111; x_wconf 88' lang='lat' dir='ltr'>posse</span> <span class='ocrx_word' id='word_1_722' title='bbox 3012 5033 3216 5112; x_wconf 89' lang='lat' dir='ltr'>ipsum</span> <span class='ocrx_word' id='word_1_723' title='bbox 3246 5037 3388 5116; x_wconf 90' lang='lat' dir='ltr'>cogi</span> 
     </span>
     <span class='ocr_line' id='line_1_115' title="bbox 1850 5123 3390 5205; baseline 0.003 -21"><span class='ocrx_word' id='word_1_724' title='bbox 1850 5145 1884 5185; x_wconf 84' lang='lat' dir='ltr'>a</span> <span class='ocrx_word' id='word_1_725' title='bbox 1910 5123 2125 5204; x_wconf 87' lang='lat' dir='ltr'>judice</span> <span class='ocrx_word' id='word_1_726' title='bbox 2157 5124 2472 5201; x_wconf 83' lang='lat' dir='ltr'>saeculari‚</span> <span class='ocrx_word' id='word_1_727' title='bbox 2508 5125 2656 5203; x_wconf 85' lang='lat' dir='ltr'>quia</span> <span class='ocrx_word' id='word_1_728' title='bbox 2685 5130 2833 5186; x_wconf 89' lang='lat' dir='ltr'>tunc</span> <span class='ocrx_word' id='word_1_729' title='bbox 2862 5127 3062 5205; x_wconf 86' lang='lat' dir='ltr'>magis</span> <span class='ocrx_word' id='word_1_730' title='bbox 3094 5130 3390 5189; x_wconf 84' lang='lat' dir='ltr'>conveni-</span> 
     </span>
     <span class='ocr_line' id='line_1_116' title="bbox 1849 5217 3387 5300; baseline 0.005 -22"><span class='ocrx_word' id='word_1_731' title='bbox 1849 5223 1950 5279; x_wconf 91' lang='lat' dir='ltr'>tur</span> <span class='ocrx_word' id='word_1_732' title='bbox 1978 5236 2078 5278; x_wconf 92' lang='lat' dir='ltr'>res</span> <span class='ocrx_word' id='word_1_733' title='bbox 2108 5217 2265 5296; x_wconf 88' lang='lat' dir='ltr'>ipsa,</span> <span class='ocrx_word' id='word_1_734' title='bbox 2301 5237 2491 5298; x_wconf 90' lang='lat' dir='ltr'>quam</span> <span class='ocrx_word' id='word_1_735' title='bbox 2523 5237 2814 5298; x_wconf 88' lang='lat' dir='ltr'>persona.</span> <span class='ocrx_word' id='word_1_736' title='bbox 2874 5221 2967 5280; x_wconf 88' lang='lat' dir='ltr'>Ita</span> <span class='ocrx_word' id='word_1_737' title='bbox 2997 5221 3387 5300; x_wconf 88' lang='lat' dir='ltr'>Guilielmus‚</span> 
     </span>
     <span class='ocr_line' id='line_1_117' title="bbox 1849 5311 3389 5394; baseline 0.003 -23"><span class='ocrx_word' id='word_1_738' title='bbox 1849 5311 2161 5387; x_wconf 83' lang='lat' dir='ltr'>BartoluS,</span> <span class='ocrx_word' id='word_1_739' title='bbox 2199 5313 2455 5388; x_wconf 88' lang='lat' dir='ltr'>Gregor.</span> <span class='ocrx_word' id='word_1_740' title='bbox 2490 5313 2730 5390; x_wconf 90' lang='lat' dir='ltr'>Lopez,</span> <span class='ocrx_word' id='word_1_741' title='bbox 2764 5312 3018 5388; x_wconf 77' lang='lat' dir='ltr'>OlanuS,</span> <span class='ocrx_word' id='word_1_742' title='bbox 3055 5315 3389 5394; x_wconf 87' lang='lat' dir='ltr'>Guttierez‚</span> 
     </span>
     <span class='ocr_line' id='line_1_118' title="bbox 1850 5403 3389 5483; baseline 0.005 -19"><span class='ocrx_word' id='word_1_743' title='bbox 1850 5403 2199 5479; x_wconf 83' lang='lat' dir='ltr'>Albericus,</span> <span class='ocrx_word' id='word_1_744' title='bbox 2235 5408 2294 5464; x_wconf 90' lang='lat' dir='ltr'>et</span> <span class='ocrx_word' id='word_1_745' title='bbox 2324 5403 2667 5466; x_wconf 82' lang='lat' dir='ltr'>Hostiensis</span> <span class='ocrx_word' id='word_1_746' title='bbox 2688 5451 2703 5482; x_wconf 91' lang='lat'>‚</span> <span class='ocrx_word' id='word_1_747' title='bbox 2755 5423 2910 5483; x_wconf 88' lang='lat' dir='ltr'>quos</span> <span class='ocrx_word' id='word_1_748' title='bbox 2941 5406 3131 5468; x_wconf 82' lang='lat' dir='ltr'>refert</span> <span class='ocrx_word' id='word_1_749' title='bbox 3160 5408 3389 5471; x_wconf 85' lang='lat' dir='ltr'>Sanch.</span> 
     </span>
     <span class='ocr_line' id='line_1_119' title="bbox 1850 5496 3389 5576; baseline 0.006 -21"><span class='ocrx_word' id='word_1_750' title='bbox 1850 5497 1958 5557; x_wconf 88' lang='lat' dir='ltr'>lib.</span> <span class='ocrx_word' id='word_1_751' title='bbox 1995 5498 2096 5557; x_wconf 91' lang='lat' dir='ltr'>Ill.</span> <span class='ocrx_word' id='word_1_752' title='bbox 2138 5496 2358 5558; x_wconf 68' lang='lat' dir='ltr'>Con-sil.</span> <span class='ocrx_word' id='word_1_753' title='bbox 2396 5515 2534 5576; x_wconf 85' lang='lat' dir='ltr'>cap.</span> <span class='ocrx_word' id='word_1_754' title='bbox 2562 5498 2779 5574; x_wconf 74' lang='lat' dir='ltr'>uniCO,</span> <span class='ocrx_word' id='word_1_755' title='bbox 2815 5499 2964 5559; x_wconf 84' lang='lat' dir='ltr'>dub.</span> <span class='ocrx_word' id='word_1_756' title='bbox 2992 5517 3133 5562; x_wconf 81' lang='lat' dir='ltr'>xxx.</span> <span class='ocrx_word' id='word_1_757' title='bbox 3160 5522 3266 5563; x_wconf 92' lang='lat' dir='ltr'>nu.</span> <span class='ocrx_word' id='word_1_758' title='bbox 3296 5507 3389 5565; x_wconf 91' lang='grc'>10.</span> 
     </span>
    </p>
   </div>
   <div class='ocr_carea' id='block_1_8' title="bbox 3437 505 3705 656">
    <p class='ocr_par' dir='ltr' id='par_1_13' title="bbox 3437 505 3705 656">
     <span class='ocr_line' id='line_1_120' title="bbox 3479 505 3664 557; baseline 0.011 -12"><span class='ocrx_word' id='word_1_759' title='bbox 3479 505 3563 557; x_wconf 66' lang='lat' dir='ltr'>eni(</span> <span class='ocrx_word' id='word_1_760' title='bbox 3570 507 3580 546; x_wconf 73' lang='grc' dir='ltr'>Ι</span> <span class='ocrx_word' id='word_1_761' title='bbox 3587 539 3597 557; x_wconf 67' lang='grc'>,</span> <span class='ocrx_word' id='word_1_762' title='bbox 3629 506 3664 547; x_wconf 58' lang='grc' dir='ltr'>’ἰ</span> 
     </span>
     <span class='ocr_line' id='line_1_121' title="bbox 3437 559 3705 602; baseline 0.007 -1"><span class='ocrx_word' id='word_1_763' title='bbox 3437 559 3543 601; x_wconf 76' lang='lat' dir='ltr'>bom</span> <span class='ocrx_word' id='word_1_764' title='bbox 3565 561 3705 602; x_wconf 68' lang='lat' dir='ltr'>solve·</span> 
     </span>
     <span class='ocr_line' id='line_1_122' title="bbox 3450 613 3698 656; baseline -0.004 -2"><span class='ocrx_word' id='word_1_765' title='bbox 3450 613 3548 655; x_wconf 70' lang='lat' dir='ltr'>bant</span> <span class='ocrx_word' id='word_1_766' title='bbox 3564 619 3698 656; x_wconf 71' lang='lat' dir='ltr'>miton.</span> 
     </span>
    </p>
   </div>
   <div class='ocr_carea' id='block_1_9' title="bbox 3486 2167 3675 2344">
    <p class='ocr_par' dir='ltr' id='par_1_14' title="bbox 3486 2167 3675 2344">
     <span class='ocr_line' id='line_1_123' title="bbox 3534 2167 3648 2226; baseline 0.018 -2"><span class='ocrx_word' id='word_1_767' title='bbox 3534 2167 3648 2226; x_wconf 91' lang='grc'>110</span> 
     </span>
     <span class='ocr_line' id='line_1_124' title="bbox 3486 2291 3675 2344; baseline 0 -11"><span class='ocrx_word' id='word_1_768' title='bbox 3486 2291 3606 2344; x_wconf 63' lang='lat' dir='ltr'>Qui-1,</span> <span class='ocrx_word' id='word_1_769' title='bbox 3639 2291 3675 2333; x_wconf 63' lang='grc' dir='ltr'>ιι</span> 
     </span>
    </p>
   </div>
   <div class='ocr_carea' id='block_1_10' title="bbox 3434 2347 3729 2442">
    <p class='ocr_par' dir='ltr' id='par_1_15' title="bbox 3434 2347 3729 2442">
     <span class='ocr_line' id='line_1_125' title="bbox 3434 2347 3729 2389; baseline 0 -1"><span class='ocrx_word' id='word_1_770' title='bbox 3434 2357 3538 2388; x_wconf 79' lang='lat' dir='ltr'>onus</span> <span class='ocrx_word' id='word_1_771' title='bbox 3556 2351 3641 2389; x_wconf 75' lang='lat' dir='ltr'>erat</span> <span class='ocrx_word' id='word_1_772' title='bbox 3659 2347 3729 2388; x_wconf 86' lang='lat' dir='ltr'>in—</span> 
     </span>
     <span class='ocr_line' id='line_1_126' title="bbox 3450 2399 3708 2442; baseline -0.008 0"><span class='ocrx_word' id='word_1_773' title='bbox 3450 2399 3708 2442; x_wconf 74' lang='lat' dir='ltr'>determina-</span> 
     </span>
    </p>
   </div>
   <div class='ocr_carea' id='block_1_11' title="bbox 3535 4857 3642 4917">
    <p class='ocr_par' dir='ltr' id='par_1_16' title="bbox 3535 4857 3642 4917">
     <span class='ocr_line' id='line_1_127' title="bbox 3535 4857 3642 4917; baseline -0.009 0"><span class='ocrx_word' id='word_1_774' title='bbox 3535 4857 3642 4917; x_wconf 91' lang='grc'>111</span> 
     </span>
    </p>
   </div>
   <div class='ocr_carea' id='block_1_12' title="bbox 3432 4981 3734 5036">
    <p class='ocr_par' dir='ltr' id='par_1_17' title="bbox 3432 4981 3734 5036">
     <span class='ocr_line' id='line_1_128' title="bbox 3432 4981 3734 5036; baseline -0.003 -12"><span class='ocrx_word' id='word_1_775' title='bbox 3432 4981 3471 5024; x_wconf 83' lang='grc' dir='ltr'><strong>Α</strong></span> <span class='ocrx_word' id='word_1_776' title='bbox 3491 4994 3570 5036; x_wconf 86' lang='lat' dir='ltr'>quo</span> <span class='ocrx_word' id='word_1_777' title='bbox 3596 4981 3734 5036; x_wconf 78' lang='lat' dir='ltr'>iudice</span> 
     </span>
    </p>
   </div>
   <div class='ocr_carea' id='block_1_13' title="bbox 3458 5143 3714 5240">
    <p class='ocr_par' dir='ltr' id='par_1_18' title="bbox 3458 5143 3714 5240">
     <span class='ocr_line' id='line_1_129' title="bbox 3512 5143 3654 5185; baseline 0.007 -1"><span class='ocrx_word' id='word_1_778' title='bbox 3512 5155 3585 5184; x_wconf 73' lang='lat' dir='ltr'>eus</span> <span class='ocrx_word' id='word_1_779' title='bbox 3604 5143 3654 5185; x_wconf 67' lang='lat' dir='ltr'>ad</span> 
     </span>
     <span class='ocr_line' id='line_1_130' title="bbox 3458 5196 3714 5240; baseline 0.008 -2"><span class='ocrx_word' id='word_1_780' title='bbox 3458 5196 3714 5240; x_wconf 72' lang='lat' dir='ltr'>solvendum.</span> 
     </span>
    </p>
   </div>
  </div>
 </body>
</html>
