4263 6376
623 5491 729 5553 141

849 311 967 369 220

2005 312 2107 372 DE
2148 312 2500 373 JUSTITIA
2544 312 2644 373 ET
2684 313 2883 374 JURE

850 488 1037 561 geute
1067 502 1144 544 ex
1175 483 1472 545 dilatione
1505 486 1724 563 pretii,
1768 505 2095 546 reservare
2142 487 2381 548 fructus
2479 486 2692 565 guitur
2718 505 2756 546 a
2784 486 3083 563 dominic,
3119 505 3190 549 eo
3219 487 3355 566 ipso
3378 486 3551 567 quod
3577 485 3888 546 venditor
3909 486 4035 544 vult
4108 503 4155 544 sa

850 577 1150 655 temporis
1198 576 1364 637 illius
1411 596 1610 657 usque
1656 579 1734 638 ad
1766 580 1949 657 pretii
1978 579 2376 640 solutionem.

850 669 1126 729 Adverto
1148 670 1446 745 secundo,
1482 671 1892 747 venditorem,
1927 672 1977 732 si
2008 691 2130 731 non
2156 671 2385 733 habeat

852 760 1129 820 animum
1159 762 1580 822 transferendi
1611 763 1960 823 dominium
1988 765 2081 824 rei
2109 764 2382 825 venditae

850 852 910 911 in
945 858 1327 930 emptorem,
1374 855 1563 915 etiam
1594 874 1667 915 ea
1698 856 1926 917 tradita
1947 903 1961 932 ,
2011 856 2210 916 donec
2243 875 2386 934 pre-

851 945 1006 1006 tium
1037 945 1306 1022 habeat,
1357 966 1542 1026 posse
1579 949 1723 1026 jure
1769 967 1880 1009 suo
1915 968 2238 1009 reservare
2267 949 2385 1009 sibi

852 1036 1092 1097 fructus
1122 1038 1285 1099 illius
1313 1040 1654 1118 temporiS,
1706 1060 1849 1102 cum
1895 1061 1996 1102 res
2050 1041 2258 1102 adhuc
2308 1042 2387 1103 sit

851 1148 985 1190 sua.
1021 1131 1134 1189 Hic
1164 1135 1371 1190 autem
1403 1133 1650 1192 animus
1679 1138 1772 1194 est
1793 1134 1975 1213 juxta
2003 1133 2176 1211 leges
2196 1181 2210 1209 ,
2246 1153 2385 1213 quae

853 1222 1194 1300 disponunt
1246 1242 1381 1283 rem
1433 1243 1558 1285 non
1615 1227 1878 1286 transire
1925 1227 1988 1286 in
2037 1227 2386 1286 dominium

853 1317 1152 1392 emptoris
1200 1322 1342 1376 ante
1373 1318 1747 1380 solutionem
1777 1320 1959 1399 pretii
1986 1366 1999 1395 ‚
2057 1321 2157 1379 vel
2207 1323 2382 1380 ante-

854 1426 1045 1488 quam
1100 1409 1407 1470 habeatur
1463 1430 1573 1488 pro
1630 1413 1831 1474 soluto
1853 1459 1867 1488 ,
1929 1417 1996 1474 ut
2052 1412 2381 1489 contingit,

855 1501 1107 1579 quando
1136 1502 1292 1561 fides
1324 1502 1400 1561 de
1431 1505 1629 1582 pretio
1676 1505 1964 1576 habetur,
2020 1510 2083 1565 et
2125 1523 2225 1565 res
2253 1523 2389 1565 cre-

855 1592 983 1653 dito
1014 1595 1307 1655 venditur
1329 1642 1344 1672 ,
1379 1601 1447 1656 ut
1475 1602 1720 1657 constat
1747 1616 1821 1657 ex
1849 1599 1903 1675 ἓ.
1955 1597 2211 1658 Vendz'toe
2234 1644 2248 1673 ,
2285 1601 2387 1659 In-

854 1685 979 1746 stit.
1014 1684 1082 1745 de
1108 1705 1302 1746 rerum
1331 1687 1628 1750 divisione.
1680 1690 1952 1749 Dubium
1998 1708 2147 1767 ergo
2180 1690 2383 1749 solum

853 1779 1164 1856 procedit,
1218 1781 1469 1858 quando
1503 1782 1829 1857 venditor,
1890 1782 2104 1842 habita
2134 1782 2259 1842 fide
2305 1782 2384 1840 de

852 1871 1076 1949 pretiO,
1112 1873 1391 1933 animum
1423 1874 1642 1935 habuit
1669 1875 2086 1935 transferendi
2117 1894 2190 1934 ex
2221 1891 2387 1935 nunc

855 1963 1202 2024 dominium
1231 1966 1319 2025 rei
1352 1967 1415 2026 in
1438 1972 1807 2046 emptorem,
1842 1987 1920 2027 an
1945 1967 2185 2028 secluso
2218 1967 2385 2027 omni

853 2056 975 2116 alio
1007 2056 1237 2118 damno
1286 2044 1645 2137 emergente
1670 2106 1684 2135 ,
1739 2060 1839 2119 vel
1868 2060 2043 2120 lucro
2076 2065 2381 2135 cessante,

853 2148 1050 2228 possit
1090 2150 1206 2210 sibi
1255 2170 1574 2211 reservare
1621 2153 1858 2212 fructus
1890 2171 2086 2231 usque
2114 2152 2194 2211 ad
2225 2151 2386 2211 solu-

852 2240 1091 2301 tionem
1125 2243 1355 2319 pretii?

936 2333 1085 2393 Dico
1141 2334 1333 2411 igitur
1356 2381 1371 2411 ,
1432 2336 1774 2397 secundam
1829 2336 2203 2397 sententiam
2232 2336 2385 2396 mihi

853 2426 1004 2486 satis
1033 2426 1425 2504 probabilem
1453 2428 1692 2506 videri,
1726 2430 1779 2489 si
1811 2430 2068 2490 intentio
2099 2429 2386 2490 vendito-

853 2516 938 2577 ris
968 2518 1178 2579 debito
1209 2521 1395 2580 modo
1427 2522 1804 2599 explicetur,
1857 2540 1996 2600 quae
2042 2541 2164 2582 non
2199 2522 2387 2583 debet

854 2628 988 2670 esse
1018 2612 1364 2690 accipiendi
1394 2614 1631 2674 fructus
1661 2634 1772 2693 pro
1805 2615 2101 2675 dilatione
2134 2615 2383 2675 solutio-

854 2702 970 2778 niS,
1008 2710 1171 2766 esset
1200 2707 1366 2765 enim
1397 2726 1585 2766 usura
1622 2727 1637 2777 ς
1687 2725 1805 2767 nec
1836 2708 2023 2767 etiam
2052 2726 2167 2787 pro
2195 2708 2387 2766 bene-

852 2796 992 2856 ficio
1023 2797 1310 2858 tradendi
1342 2817 1497 2875 rem,
1533 2804 1593 2860 et
1624 2798 1757 2877 ejus
1788 2799 2156 2875 dominium,
2193 2818 2385 2877 quan-

854 2887 934 2949 do
966 2889 1211 2949 tradere
1243 2908 1366 2950 non
1397 2891 1707 2969 debebat,
1758 2911 1871 2951 nec
1921 2910 2031 2969 pro
2056 2891 2199 2971 jure
2238 2891 2383 2953 dato

856 2981 1122 3059 emptori
1151 2982 1231 3042 ad
1261 2983 1597 3044 fruendum
1633 3002 1701 3043 re
1732 2984 1959 3045 tradita
1983 3031 1998 3055 ,
2052 2983 2148 3063 cuj
2161 3002 2229 3043 us
2258 2984 2386 3043 fru-

855 3076 992 3134 ctus
1030 3073 1109 3133 ad
1157 3076 1548 3136 venditorem
1594 3075 1908 3137 debebant
1955 3077 2262 3154 pertinere
2312 3093 2384 3135 eo

855 3172 1161 3246 tempore,
1198 3173 1384 3248 atque
1414 3169 1571 3230 adeo
1603 3169 1750 3250 quia
1778 3169 1914 3231 haec
1934 3190 2123 3231 usura
2154 3188 2277 3231 non
2308 3169 2389 3232 sit

854 3261 1214 3338 lucratoria,
1248 3263 1359 3322 sed
1386 3263 1908 3342 compensatoria,
1942 3270 2012 3325 ut
2039 3264 2290 3340 Molina,
2327 3267 2389 3324 et

857 3354 1139 3414 Sanchez
1168 3373 1312 3415 cum
1346 3356 1722 3416 Covarruvia
1771 3360 1831 3417 et
1874 3356 2008 3416 aliis
2052 3357 2381 3428 dixerunt3

856 3445 1011 3506 nihil
1041 3447 1230 3509 etiam
1263 3447 1595 3526 invenitur,
1630 3450 1798 3528 quod
1828 3449 2222 3528 compensari
2251 3467 2388 3525 pos·

854 3539 939 3600 sit
964 3558 1127 3600 novo
1156 3540 1377 3618 pretio,
1414 3560 1556 3601 cum
1588 3541 1856 3620 pretium
1871 3541 2112 3620 justum
2140 3541 2228 3600 rei
2259 3560 2391 3602 cor-

854 3632 1235 3710 respondeat
1288 3634 1401 3694 toti
1455 3634 1546 3693 rei
1602 3639 1664 3694 et
1717 3634 2039 3695 traditioni
2074 3681 2089 3711 ,
2153 3639 2214 3694 et
2260 3633 2387 3714 juri

856 3724 1105 3785 fruendi
1149 3743 1217 3785 re
1256 3725 1426 3805 quod
1470 3745 1509 3786 a
1551 3725 1828 3786 dominio
1875 3726 1966 3785 rei
2006 3725 2282 3803 perfecto
2330 3730 2392 3787 et

853 3816 1099 3896 integro
1156 3837 1281 3879 non
1330 3818 1753 3897 distinguitur.
1816 3818 1941 3880 Sed
1987 3818 2145 3878 ratio
2205 3818 2392 3880 debet

855 3929 991 3971 esse
1011 3958 1027 3987 ‚
1082 3912 1228 3990 quia
1257 3912 1568 3988 venditor,
1602 3912 1747 3972 licet
1775 3912 1925 3972 velit
1947 3912 2098 3971 dare
2120 3911 2390 3991 emptori

857 4021 930 4063 ex
962 4022 1127 4064 nunc
1154 4004 1244 4063 rei
1275 4003 1643 4079 dominium,
1677 4008 2029 4065 nontamen
2051 4005 2386 4082 integrum,

858 4114 974 4156 nec
995 4096 1099 4175 jus
1129 4097 1515 4175 percipiendi
1549 4097 1665 4156 sibi
1695 4098 1932 4158 fructus
1957 4143 1971 4172 ,
2019 4097 2220 4158 donec
2251 4116 2393 4175 pre-

859 4188 1015 4250 tium
1044 4189 1264 4264 solvat,
1300 4190 1409 4249 sed
1439 4190 1558 4251 hoc
1579 4190 1684 4269 jus
1708 4209 1821 4268 pro
1854 4195 1981 4252 toto
2005 4208 2079 4250 eo
2110 4193 2391 4267 tempore

858 4283 978 4343 sibi
1022 4288 1342 4355 reservat;
1403 4283 1564 4344 SIcut
1617 4285 1784 4344 enim
1839 4288 2049 4364 posset
2102 4285 2267 4345 nolle
2317 4303 2390 4344 ex

860 4394 1026 4436 nunc
1056 4376 1207 4435 dare
1239 4376 1584 4436 dominium
1616 4377 1702 4437 rei
1736 4378 2034 4456 emptori,
2073 4378 2161 4438 ita
2190 4381 2395 4455 potest

861 4468 1024 4528 nolle
1055 4468 1204 4528 dare
1235 4469 1581 4529 dominium
1612 4470 1924 4548 integrum
1955 4475 2017 4531 et
2044 4471 2393 4548 perfectum

859 4561 970 4622 sed
991 4561 1391 4637 diminutum,
1414 4562 1669 4637 scilicet,
1694 4563 1825 4622 sine
1840 4564 1983 4640 jure
2004 4562 2389 4643 percipiendi

858 4655 1095 4715 fructus
1140 4654 1258 4715 hoc
1303 4659 1609 4732 tempore.
1673 4658 1889 4733 Itaque
1937 4655 2228 4715 venditor
2268 4674 2393 4715 non

858 4747 1087 4826 accipit
1115 4766 1220 4808 eos
1244 4749 1484 4809 fructus
1515 4747 1593 4808 ab
1625 4752 1905 4826 emptore
1938 4748 1999 4807 in
2021 4766 2392 4826 compensa-

857 4840 1098 4902 tionem
1128 4840 1333 4919 pretii,
1368 4841 1469 4900 vel
1499 4840 1763 4918 alicujus
1794 4840 2048 4901 alterius
2076 4840 2389 4916 beneficii,

857 4933 967 4995 sed
999 4953 1073 4993 ex
1109 4933 1354 4994 defectu
1387 4933 1550 4994 tituli
1593 4934 1655 4992 in
1687 4939 1967 5011 emptore
1996 4933 2077 4994 ad
2108 4952 2215 4994 eos
2244 4934 2392 4994 reti-

859 5027 1100 5087 nendos
1123 5073 1137 5102 ,
1187 5027 1333 5105 quia
1361 5026 1507 5086 licet
1538 5025 1616 5086 sit
1644 5026 1937 5086 dominus
1961 5073 1975 5102 ,
2030 5045 2156 5086 non
2184 5031 2393 5087 tamen

860 5121 1051 5181 habet
1079 5120 1286 5179 adhuc
1308 5118 1413 5198 jus
1435 5118 1822 5196 percipiendi
1853 5124 1914 5180 et
1944 5119 2252 5180 retinendi
2272 5119 2395 5178 fru-

862 5218 997 5274 ctus
1022 5260 1037 5288 ,
1090 5231 1163 5272 eo
1213 5212 1381 5290 quod
1411 5212 1697 5272 venditor
1743 5211 1862 5271 hoc
1904 5212 2007 5288 jus
2038 5211 2244 5271 adhuc
2269 5228 2395 5270 non

863 5305 1249 5366 transtulerit
1302 5304 1364 5363 in
1411 5299 1767 5383 'emptorem
1794 5351 1808 5380 ,
1871 5305 2070 5363 donec
2124 5303 2394 5381 pretium

867 5398 1277 5477 persolvatur.

948 5492 1148 5568 Dice5‚
1180 5491 1229 5550 si
1253 5492 1357 5572 ‚ius
1379 5490 1762 5571 percipiendi
1785 5491 2020 5551 fructus
2037 5508 2160 5550 non
2183 5489 2394 5550 distin-

2478 580 2817 641 transferre
2839 580 3185 641 dominium
3206 580 3265 639 in
3279 585 3658 659 emptorem,
3678 578 3824 638 vult
3845 577 4035 637 etiam

2481 672 2818 732 transferre
2840 671 2944 750 jus
2973 672 3053 732 ad
3082 673 3339 746 fructuS,
3373 690 3519 732 cum
3552 671 3759 731 omnis
3792 689 3906 730 res
3936 670 4037 729 do-

2482 763 2653 823 mino
2710 764 3061 825 fructificet.
3129 764 3571 841 Respondetur
3594 810 3609 837 ‚
3672 762 4039 822 dominium

2484 855 2828 934 perfectum
2860 861 2922 917 et
2948 857 3329 935 completum
3360 855 3687 916 includere
3707 855 3919 914 etiam
3943 854 4041 933 jus

2486 946 2564 1006 ad
2613 947 2889 1020 fructus;
2952 966 3077 1008 non
3130 952 3343 1009 tamen
3391 948 3749 1007 dominium
3807 948 4043 1024 imper-

2483 1041 2715 1100 fectum
2746 1044 2808 1100 et
2834 1059 3006 1100 mere
3036 1040 3345 1101 directum
3373 1040 3511 1099 sine
3542 1040 3679 1100 utili
3705 1060 3719 1112 ;
3771 1058 4043 1119 possum

2485 1132 2652 1192 enim
2673 1132 2784 1193 tibi
2800 1133 2952 1193 dare
2975 1133 3321 1193 dominium
3340 1133 3654 1193 directum
3677 1133 3809 1191 mei
3837 1131 4040 1205 fundi,

2485 1225 2862 1286 reservando
2892 1226 3045 1285 mihi
3071 1272 3085 1301 ,
3132 1226 3233 1285 vel*
3270 1226 3448 1286 alteri
3480 1225 3544 1285 in
3577 1226 3781 1285 vitam
3823 1243 4044 1284 usum·

2483 1318 2779 1379 fructum.
2842 1319 2943 1379 Sic
2989 1336 3138 1396 ergo
3192 1318 3481 1378 venditor
3535 1319 3932 1378 transferret
3973 1336 4043 1376 ex

2487 1429 2650 1470 nunc
2679 1410 3025 1470 dominium
3057 1410 3366 1470 directum
3397 1412 3461 1469 in
3489 1417 3865 1488 emptorem
3894 1429 3912 1481 ;
3948 1428 4045 1469 re-

2486 1507 2694 1563 servat
2738 1506 2948 1563 tamen
2993 1503 3112 1563 sibi
3142 1503 3490 1563 dominium
3522 1504 3678 1564 utile
3703 1551 3719 1578 ,
3775 1521 3904 1562 seu
3941 1504 4045 1580 jus

2487 1595 2567 1654 ad
2598 1596 2855 1671 fructuS,
2893 1596 3060 1674 quod
3092 1614 3213 1655 non
3233 1597 3528 1656 transfert
3556 1596 3620 1655 in
3644 1602 4041 1675 emptorem,

2486 1687 2687 1747 donec
2714 1688 2984 1766 pretium
3014 1688 3236 1748 solvat.

2566 1774 2744 1840 Dices
2772 1780 2997 1841 iterum
3018 1826 3034 1857 ,
3096 1781 3362 1858 pretium
3412 1781 3599 1841 datur
3628 1781 3712 1841 ab
3743 1785 4047 1859 emptore

2486 1891 2611 1933 non
2642 1874 2843 1932 solum
2873 1891 2987 1951 pro
3027 1873 3300 1934 dominio
3344 1874 3578 1935 directo
3603 1922 3619 1950 ,
3675 1874 3799 1933 sed
3852 1875 4045 1933 etiam

2486 1983 2598 2044 pro
2628 1964 2797 2035 utili;
2861 1965 3011 2026 emit
3050 1965 3217 2025 enim
3262 1984 3393 2025 rem
3427 1967 3606 2044 plene
3654 1971 3721 2026 et
3749 1984 3881 2044 pro
3914 1969 4045 2026 tota

2483 2057 2591 2117 illa
2617 2057 2952 2136 paciscitur
2980 2057 3057 2117 de
3086 2059 3284 2135 pretio
3322 2058 3489 2135 justo
3521 2059 3737 2119 dando
3811 2080 3829 2120 ε
3894 2078 4043 2135 ergo

2485 2168 2610 2209 non
2640 2154 2845 2229 potest
2858 2150 3145 2211 venditor
3164 2150 3443 2209 dividere
3462 2170 3658 2210 unum
3672 2151 4044 2211 dominium

2486 2242 2564 2302 ab
2596 2242 2739 2303 alio,
2789 2242 3226 2320 Respondetur
3248 2290 3262 2318 ,
3313 2243 3706 2303 venditorem
3738 2244 3951 2303 etiam
3982 2263 4043 2302 se

2486 2335 2763 2413 obligare
2785 2334 2864 2394 ad
2885 2340 3220 2413 utrumque
3240 2335 3584 2395 dominium
3601 2336 3912 2395 dandum
3925 2355 4047 2395 em·

2486 2427 2681 2506 ptori;
2704 2446 2825 2487 non
2849 2432 3059 2488 tamen
3089 2427 3165 2486 ad
3194 2427 3470 2487 dandum
3489 2447 3680 2503 nunc,
3698 2429 3826 2488 sed
3846 2448 4044 2507 quan·

2486 2519 2565 2579 do
2596 2519 2782 2579 debet
2809 2520 2982 2595 dare,
3015 2520 3249 2579 scilicet
3272 2520 3473 2580 soluto
3501 2522 3708 2598 pretio
3763 2542 3782 2582 ε
3846 2541 4043 2600 quare

2485 2612 2644 2672 sicut
2695 2617 2903 2691 posset
2950 2618 3238 2673 neutrum
3285 2612 3629 2673 dominium
3682 2614 3850 2675 dare
3899 2622 4042 2675 ante

2486 2706 2755 2783 pretium
2812 2693 3179 2782 receptum,
3247 2707 3334 2767 ita
3384 2711 3592 2784 potest
3650 2708 3828 2767 nolle
3892 2708 4041 2767 dare

2483 2801 2843 2874 utrumque,
2877 2798 2986 2857 sed
3020 2817 3209 2857 unum
3237 2803 3513 2874 tantum,
3563 2818 3802 2878 nempe
3837 2801 4044 2859 domi-

2484 2891 2656 2949 nium
2674 2890 3000 2966 directum,
3021 2891 3079 2950 in
3106 2910 3228 2970 quo
3251 2891 3744 2970 nullamirrogat
3756 2895 4040 2973 emptori

2481 2981 2797 3061 injuriam.

2565 3075 2832 3154 Objicies
2847 3075 3030 3137 tertio
3053 3094 3126 3135 ex
3145 3076 3356 3136 Lessio
3379 3095 3441 3139 n.
3474 3080 3610 3138 109.
3637 3096 3767 3137 non
3791 3077 4037 3137 servari

2484 3168 2904 3246 aequalitatem
2918 3168 2979 3228 in
3002 3168 3120 3229 hoc
3148 3174 3495 3247 contractu,
3522 3170 3673 3250 quia
3704 3191 3813 3231 res
3844 3170 4036 3242 illa,si

2483 3266 2763 3339 tempore
2780 3262 3527 3341 intermedioperiretnon
3550 3264 3794 3343 periret
3818 3263 4039 3324 vendi—

2486 3353 2603 3414 tori
2627 3353 2736 3413 sed
2767 3354 3067 3431 emptori:
3095 3373 3219 3414 non
3236 3359 3329 3415 est
3348 3361 3556 3415 autem
3569 3375 3836 3435 aequum
3859 3364 3931 3417 ut
3953 3364 4044 3417 to-

2487 3451 2619 3507 tum
2648 3447 2993 3525 periculum
3017 3448 3106 3506 rei
3134 3447 3213 3508 sit
3242 3448 3573 3526 emptoris;
3606 3449 3860 3510 [ructus
3890 3469 4039 3510 vero

2487 3539 2710 3600 eodem
2758 3544 3039 3617 tempore
3087 3540 3440 3619 pertincant
3468 3542 3543 3599 ad
3578 3542 3993 3603 venditorem
4023 3563 4037 3602 :

2489 3631 2748 3692 deberet
2777 3651 2922 3710 ergo
2951 3631 3173 3693 saltem
3199 3632 3482 3693 venditor
3501 3652 3613 3712 pro
3635 3653 3709 3693 eo
3740 3640 4039 3714 tempore

2487 3724 2833 3803 periculum
2866 3726 2958 3783 rei
2988 3725 3047 3784 in
3079 3744 3146 3784 se
3178 3725 3516 3803 suscipere,
3554 3732 3620 3785 ut
3650 3728 3939 3804 aequalis
3968 3728 4039 3787 sit

2490 3816 2809 3895 utriusque
2839 3817 3261 3878 contrahentis
3308 3818 3604 3878 conditiO.
3655 3821 4043 3898 Responde-

2488 3912 2616 3984 tur,
2650 3928 2773 3969 non
2796 3928 2936 3973 esse
2965 3909 3452 3989 inaequalitatem
3502 3928 3575 3970 ex
3623 3910 3744 3970 hoc
3791 3914 4038 3991 capite,

2491 4002 2637 4081 quia
2666 4003 2825 4065 sicut
2851 4007 3096 4082 emptor
3121 4003 3287 4063 subit
3314 4003 3658 4082 periculum
3688 4003 3807 4077 rei,
3848 4006 3909 4064 si
3941 4024 4041 4084 pe

2489 4099 2662 4171 reat,
2720 4095 2806 4156 ita
2851 4096 3039 4156 sentit
3087 4096 3486 4156 commodum
3533 4114 3606 4154 ex
3648 4098 4038 4174 emptione:

2489 4192 2622 4250 tum
2651 4234 2666 4264 ,
2717 4188 2863 4267 quia
2909 4188 3101 4249 habet
3121 4187 3225 4266 jus
3255 4188 3334 4248 ad
3365 4206 3498 4247 rem
3525 4187 3696 4248 illam
3726 4188 4044 4250 determi-

2491 4284 2725 4356 natam,
2759 4280 2909 4341 etin
2939 4299 3086 4340 casu
3117 4285 3325 4341 nostro
3372 4280 3565 4341 habet
3600 4279 3789 4341 etiam
3829 4282 4043 4343 domi-

2492 4375 2664 4434 nium
2693 4373 2998 4435 directum
3034 4395 3046 4435 :
3092 4382 3225 4436 tum
3254 4375 3463 4449 etiam,
3500 4374 3642 4453 quia
3673 4375 4043 4436 incremen-

2491 4471 2624 4528 tum
2656 4471 2717 4527 et
2762 4472 3170 4544 augmentum
3201 4466 3603 4527 intrinsecum
3634 4469 3725 4527 rei
3757 4472 3906 4530 toto
3938 4470 4040 4530 illo

2490 4564 2793 4638 tempore,
2827 4560 2956 4619 sive
2978 4560 3186 4639 quoad
3204 4560 3483 4619 valorem
3504 4560 3633 4620 sive
3653 4561 3876 4639 quoad
3902 4563 4045 4622 sub-

2491 4653 2782 4714 stantiam
2810 4653 3004 4731 ipsius
3032 4653 3145 4729 rei,
3178 4657 3377 4714 totum
3408 4657 3499 4713 est
3528 4652 3588 4711 in
3620 4654 4043 4715 commodum

2493 4746 2811 4824 emptoris,
2873 4747 3046 4807 Sicut
3102 4765 3249 4824 ergo
3305 4746 3490 4807 etiam
3513 4793 3529 4821 ,
3589 4746 3849 4824 quando
3918 4767 4041 4808 non

2493 4839 2863 4900 transfertur
2894 4839 3087 4898 ullum
3116 4838 3494 4914 dominium,
3529 4840 3691 4899 fucta
3718 4840 4041 4901 venditio-

2494 4950 2572 4991 ne
2603 4931 2692 4989 rei
2724 4935 2908 4991 certae
2939 4935 3002 4991 et
3030 4931 3456 4992 determinatae
3478 4978 3493 5006 ‚
3528 4932 3716 4992 etiam
3747 4932 4043 4994 infructi-

2497 5025 2671 5100 ferae,
2702 5024 3049 5102 periculum
3096 5023 3185 5083 rei
3229 5023 3500 5102 pertinet
3541 5024 3621 5082 ad
3661 5024 3877 5084 solum
3910 5044 4043 5087 em-

2495 5123 2760 5197 ptorem,
2794 5122 2864 5176 ut
2890 5116 3240 5176 videbimus
3269 5117 3429 5195 disp.
3456 5118 3765 5195 sequenti,
3789 5124 3857 5177 et
3889 5119 4040 5180 sate-

2492 5214 2596 5270 tur
2625 5209 2790 5269 idem
2837 5211 3084 5270 Lessius
3126 5209 3229 5269 illo
3261 5210 3447 5288 capit.
3495 5211 3657 5270 XXI.
3715 5210 3875 5272 dub.
3926 5229 4038 5272 ΧΠ.

2495 5302 2641 5363 licet
2666 5302 2903 5362 nullum
2953 5303 3224 5362 fructum
3255 5303 3352 5362 vel
3399 5302 3925 5364 commoditatem
3969 5324 4038 5364 ex

2496 5415 2563 5455 re
2591 5394 2695 5454 illa
2727 5395 3050 5473 percipiat,
3086 5396 3335 5474 quando
3365 5415 3467 5456 res
3496 5396 3891 5457 infructifera
3923 5406 4036 5472 est,

2498 5507 2698 5571 neque
2730 5488 2791 5547 in
2821 5488 2940 5550 hoc
2967 5487 3477 5570 fitiuaequalitas;
3504 5489 3656 5569 quia
3663 5489 3769 5568 jus
3790 5490 3871 5549 ad
3906 5509 4036 5550 rem

4103 568 4156 596 01!
