4263 6376
1163 318 1633 378 DISPUTATIO
1678 319 1865 393 XXV,
1916 317 2190 377 SECTIO
2235 317 2391 377 VIII.

3228 310 3342 367 219

197 494 808 573 nepretiietiamsine
829 492 1355 571 meraculpahili:
1379 511 1719 573 quamsen-
1814 493 1894 553 sit
1938 493 2091 552 illud
2148 492 2212 550 in
2268 493 2444 570 cujus
2488 488 3064 569 compensationem
3106 485 3343 544 fructus
3393 497 3478 540 nx·
3456 496 3564 539 ιιιι·ιι
3566 502 3662 541 ιιιιιι
3635 510 3685 542 ιιι·

193 588 431 648 tentiam
460 587 594 664 ipse
627 586 909 647 Sanchez
940 586 1328 664 probabilem
1360 585 1507 647 satis
1539 585 1709 646 dicit.

267 679 547 741 Secunda
569 680 883 740 sententia
901 684 1090 757 negat
1105 697 1240 738 esse
1257 697 1511 738 usuram
1529 679 1716 738 etiam

196 774 313 832 sine
357 772 527 831 lucro
559 776 848 832 cessante
873 818 888 847 ,
939 772 1038 831 vel
1069 771 1299 831 damno
1331 774 1711 847 emergente,

141 942 142 957 χ
197 870 253 925 et
274 865 410 924 licet
438 882 538 922 res
568 864 891 924 transierit
917 864 977 923 in
1002 863 1350 923 dominium
1380 863 1712 942 emptoris:

140 5395 152 5452 l

199 958 344 1016 hanc
387 959 603 1015 tenent
633 958 993 1031 NavarruS,
1044 956 1353 1031 Angelus,
1404 955 1712 1029 Bartolus,

199 1049 355 1110 Bald.
390 1048 701 1109 Salicet-us
723 1095 737 1124 ‚
771 1048 1053 1109 Tabiena
1077 1095 1091 1123 ,
1124 1048 1329 1108 Mexia
1354 1094 1369 1123 ,
1402 1050 1621 1109 Covar.
1658 1051 1720 1107 et

201 1141 287 1199 alii
317 1140 474 1218 apud
508 1140 800 1201 Sanehez
853 1141 962 1215 ibi,
1017 1159 1172 1219 quos
1219 1141 1408 1201 etiam
1439 1140 1720 1218 sequitur

201 1234 377 1293 Diana
403 1236 555 1292 tom.
591 1234 700 1293 III.
737 1237 920 1293 tract.
957 1250 1044 1294 zv.
1086 1234 1321 1293 miscel.
1357 1232 1537 1293 resol.
1577 1234 1713 1292 139.

201 1326 293 1404 qui
317 1330 519 1384 tamen
550 1325 1228 1385 omisitlimitationem
1259 1325 1338 1385 ab
1370 1325 1488 1384 illis
1511 1328 1719 1384 aucto-

202 1418 354 1478 ribus
383 1416 702 1492 additam,
739 1435 929 1496 quam
958 1418 1172 1477 retulit
1202 1416 1482 1477 Sanchez
1512 1436 1617 1477 nu.
1656 1419 1714 1477 5.

202 1516 255 1570 et
278 1509 700 1588 sequentibuS,
735 1511 971 1585 dicenS,
998 1510 1370 1571 sententiam
1400 1509 1570 1568 illam
1586 1526 1720 1568 esse

203 1621 359 1681 aeque
410 1603 600 1663 etiam
659 1603 1052 1682 probabilem
1074 1651 1089 1679 ,
1149 1622 1292 1662 cum
1349 1602 1720 1663 limitatione

202 1702 387 1755 tamen
410 1696 488 1755 ab
508 1696 753 1755 eisdem
778 1696 1136 1757 auctoribus
1158 1696 1465 1775 apposita,
1493 1713 1719 1772 nempe

204 1793 264 1849 ut
285 1793 518 1866 emptor
541 1789 756 1847 solum
777 1806 883 1848 eos
905 1788 1142 1848 fructus
1165 1788 1392 1849 debeat
1412 1786 1720 1848 venditori

205 1880 356 1955 dare,
389 1898 542 1959 quos
573 1881 873 1942 venditor
902 1881 1034 1958 ipse
1063 1881 1484 1960 percepisset,
1520 1898 1642 1940 non
1673 1880 1720 1938 si

208 1991 343 2052 quos
366 1973 625 2033 ulterius
657 1980 909 2052 emptor
937 1974 1233 2053 percepit.

277 2066 535 2127 Probant
581 2067 753 2126 hanc
796 2067 1169 2127 sententiam
1219 2066 1419 2145 primo
1468 2084 1541 2125 ex
1584 2065 1722 2142 Iege

213 2152 452 2233 Curabit,
505 2161 571 2219 C.
607 2158 681 2219 de
709 2168 826 2219 act.
873 2168 1049 2239 empt.
1098 2160 1138 2219 l.
1189 2176 1257 2218 11.
1303 2161 1368 2219 C.
1403 2156 1473 2217 de
1506 2157 1717 2217 usur-ts.

210 2253 244 2311 l.
270 2251 546 2325 Julianus,
579 2254 640 2331 ἓ.
675 2251 788 2311 Ea:
813 2252 1075 2327 vendz'w,
1111 2253 1174 2311 ff.
1207 2250 1277 2311 de
1302 2260 1417 2312 act.
1450 2260 1625 2332 empt.
1659 2251 1723 2310 in

211 2343 410 2423 quihus
437 2344 690 2421 dicitur,
727 2363 949 2404 usuras
969 2344 1299 2404 solvendas
1321 2363 1456 2405 esse
1480 2362 1553 2404 eo
1575 2363 1722 2404 casu

211 2437 510 2497 venditori.
554 2438 685 2498 Sed
727 2438 823 2498 hae
853 2437 1022 2515 leges
1053 2455 1274 2515 parum
1299 2436 1525 2514 juvant
1553 2437 1724 2495 illam

212 2530 577 2591 sententiam.
612 2532 850 2606 Primo,
886 2532 1030 2610 quia
1058 2530 1120 2589 in
1152 2531 1225 2589 iis
1254 2530 1633 2608 generaliter
1661 2529 1725 2588 id

214 2624 508 2699 statuitur,
562 2624 700 2683 sive
740 2623 1057 2702 praecedat
1101 2623 1166 2682 in
1211 2623 1573 2683 venditione
1615 2640 1727 2699 pa-

214 2721 357 2774 ctum
416 2716 787 2775 reservandi
853 2717 1090 2778 fructus
1149 2734 1347 2794 usque
1405 2716 1485 2774 ad
1540 2715 1726 2794 pretii

217 2809 553 2869 solutionem
581 2856 597 2879 ,
660 2810 796 2868 sive
835 2828 957 2869 non
989 2810 1308 2887 praecedat
1341 2828 1354 2869 :
1408 2814 1470 2869 et
1512 2812 1724 2869 tamen

217 2907 474 2961 auctores
524 2901 723 2980 hujus
763 2902 1086 2962 sententiae
1130 2901 1440 2978 fatentur,
1488 2901 1727 2960 fructus

221 3013 323 3052 non
366 2993 601 3054 dandos
647 2994 1000 3069 venditori,
1062 2994 1179 3053 nisi
1218 2997 1470 3070 pactum
1501 2993 1578 3051 de
1608 2992 1728 3052 hoc

223 3086 601 3162 praecesserit,
637 3091 712 3147 ut
742 3087 1030 3146 concedit
1060 3086 1227 3145 idem
1260 3086 1541 3147 Sanchez
1571 3105 1632 3145 n.
1664 3088 1723 3146 8.

222 3178 466 3252 Deinde,
527 3180 681 3260 quia
741 3180 801 3238 in
849 3178 924 3239 iis
971 3178 1215 3257 legibus
1262 3198 1387 3239 non
1418 3178 1625 3256 agitur
1648 3178 1726 3239 de

223 3271 491 3331 fructibus
520 3319 535 3347 ,
596 3273 714 3333 sed
747 3273 825 3331 de
857 3273 1097 3344 usuris;
1161 3289 1354 3350 quare
1389 3271 1452 3331 in
1483 3271 1727 3331 duabus

224 3362 426 3423 ultimis
466 3364 716 3442 legibus
763 3383 887 3425 non
934 3364 1140 3442 agitur
1167 3364 1368 3424 solum
1396 3363 1475 3423 de
1504 3382 1571 3423 re
1599 3365 1729 3424 fru-

224 3456 416 3515 ctifera
445 3458 702 3518 vendita
726 3505 741 3532 ‚
777 3457 886 3516 sed
918 3457 995 3516 dc
1027 3475 1450 3535 quacumque.
1501 3457 1727 3517 Mirum

227 3553 407 3608 autem
434 3569 556 3610 non
586 3553 707 3625 est,
743 3550 997 3610 decerni
1026 3549 1112 3609 ibi
1144 3569 1363 3610 usuras
1392 3568 1503 3628 pro
1525 3550 1726 3628 pretio

229 3659 334 3699 non
362 3642 553 3702 soluto
587 3643 949 3718 solvendas,
994 3661 1136 3702 cum
1165 3642 1335 3720 leges
1353 3642 1565 3702 civiles
1583 3661 1727 3702 usu-

229 3751 313 3792 ras
335 3734 600 3811 pluribus
629 3735 884 3795 casibus
913 3736 1339 3814 permiserint,
1375 3754 1531 3814 quas
1559 3736 1727 3814 leges

228 3827 511 3887 canonicae
568 3834 795 3907 postea
848 3827 1168 3908 improbas
1229 3846 1364 3888 esse
1431 3829 1729 3888 decreve-

231 3924 371 3980 runt.

297 4013 565 4073 Secundo
598 4014 873 4093 probant
900 4014 1170 4090 ratione,
1211 4015 1357 4093 quia
1392 4034 1599 4075 usurae
1635 4032 1731 4076 so·

232 4102 338 4162 lum
361 4105 673 4167 lucrativa}
718 4106 945 4167 illicitae
975 4110 1149 4183 sunt,
1202 4126 1326 4168 non
1364 4126 1731 4186 compensa-

233 4197 400 4273 toriae,
429 4200 627 4277 qualis
659 4204 757 4259 est
783 4199 957 4272 haec;
1011 4200 1196 4261 datur
1240 4201 1404 4260 enim
1450 4200 1511 4259 in
1557 4219 1726 4260 com·

233 4292 624 4365 pensationem
681 4297 752 4353 ut
804 4293 1128 4371 aequalitas
1183 4297 1468 4353 servetur
1510 4314 1523 4354 :
1585 4312 1727 4354 cum

235 4381 372 4441 enim
397 4385 680 4445 venditor
709 4385 965 4464 impleat
992 4386 1298 4447 tradendo
1329 4405 1463 4447 rem
1483 4434 1497 4463 ,
1543 4387 1732 4447 debet

235 4472 366 4533 alter
389 4476 642 4555 implere
672 4478 979 4539 tradendo
1013 4479 1321 4557 pretium,
1357 4480 1456 4538 vel
1492 4480 1729 4540 fructus

237 4565 307 4623 rei
333 4576 580 4647 emptae,
631 4589 711 4629 ne
753 4576 1052 4649 sequatur
1095 4571 1504 4651 inaequalitaS.
1546 4575 1723 4647 Item,

238 4658 360 4735 quia
385 4679 517 4721 cum
548 4663 839 4725 venditor
876 4683 1011 4723 rem
1055 4665 1265 4725 tradat
1304 4666 1532 4742 libere,
1585 4684 1729 4726 cum

239 4767 341 4809 uon
359 4758 663 4816 teneretur
686 4757 932 4817 tradere
953 4762 1096 4818 ante
1114 4757 1294 4837 pretii
1316 4758 1688 4819 solutionem
1710 4780 1724 4832 ;

233 4839 438 4917 justum
463 4852 574 4923 est,
610 4849 781 4927 quod
800 4854 1046 4927 emptor
1074 4849 1194 4910 hoc
1221 4851 1276 4910 ei
1300 4859 1731 4929 recompenset

240 4933 416 4998 dando
443 4940 675 5002 fructus
703 4942 790 5002 rei
811 4942 930 5002 sibi
953 4944 1220 5004 traditae.
1255 4944 1362 5003 His
1384 4944 1729 5006 rationibus

238 5028 394 5102 paulo
406 5032 594 5108 aliter,
603 5039 667 5097 et
680 5035 907 5095 clarius
922 5036 1282 5114 compositis
1295 5038 1640 5098 utiturMol.
1655 5055 1722 5099 11.

243 5122 367 5180 tom.
398 5123 454 5183 d
482 5128 618 5187 368.
651 5128 707 5205 ς.
743 5126 814 5187 In
843 5127 1035 5188 eodem
1064 5128 1412 5206 corollamo,
1448 5130 1554 5190 ubi
1583 5149 1727 5191 cum

241 5210 578 5277 Covarruvia
621 5220 680 5278 in
713 5220 998 5280 eamdem
1031 5222 1439 5299 sententiam,
1488 5228 1556 5282 ιιι
1583 5242 1727 5302 pro-

245 5300 571 5369 habiliorem
599 5311 875 5374 inclinat.

312 5396 417 5456 Sed
447 5419 612 5478 v,ere
648 5405 699 5465 si
728 5406 926 5484 magis
955 5426 1076 5467 non
1111 5407 1536 5511 explicantur,
1570 5407 1724 5468 diffi-

248 5486 370 5549 ciles
393 5492 586 5556 adhuc
612 5501 818 5558 sunt:
870 5499 1206 5560 videndum
1237 5500 1401 5561 enim
1454 5505 1550 5562 est
1575 5501 1726 5579 quid

1812 585 1901 645 rei
1923 585 2187 664 emptori
2210 585 2455 645 tiaditae
2487 582 2900 661 accipiuntur,
2935 584 3004 641 ut
3034 596 3153 637 non
3184 575 3343 637 acci-

1814 679 2065 783 piantur
2091 696 2202 755 pro
2233 682 2450 738 mutuo
2472 675 2738 750 formali,
2767 669 3152 733 velvirtuali.
3186 671 3344 728 Nam

1811 771 1873 830 in
1905 771 2120 849 primis
2152 770 2252 829 hie
2283 769 2616 831 intervenit
2645 766 2919 827 venditio
2951 764 3109 842 agri,
3144 760 3343 823 tradi-

1811 864 1922 938 tio,
1957 869 2020 923 et
2040 863 2255 923 dilatio
2278 861 2605 923 solutionis
2632 861 2851 939 pretii;
2891 876 3010 918 non
3034 855 3347 934 accipiun-

1811 959 1917 1016 tur
1944 961 2153 1016 autem
2185 956 2422 1016 fructus
2453 972 2564 1032 pro
2595 952 2893 1012 dilatione
2921 948 3102 1029 pretii
3131 994 3146 1024 ,
3196 945 3343 1026 quia

1815 1048 1934 1108 hoc
1965 1053 2128 1109 esset
2155 1049 2440 1127 accipere
2470 1066 2581 1126 pro
2610 1050 2826 1106 mutuo
2849 1042 3117 1117 virtuali,
3156 1045 3219 1100 et
3245 1056 3344 1099 eo·

1817 1141 1959 1200 dem
1988 1141 2176 1200 modo
2209 1159 2424 1200 omnes
2456 1139 2561 1218 qui
2590 1138 2826 1199 credito
2858 1135 3171 1209 vendunt,
3205 1149 3344 1210 pos-

1816 1238 1954 1294 sent
1981 1233 2218 1311 aliquid
2250 1233 2531 1310 accipere
2552 1250 2664 1309 pro
2695 1229 2992 1289 dilatione
3021 1224 3345 1287 solutionis

1817 1326 1980 1386 ultra
2015 1327 2286 1404 pretium
2321 1327 2583 1403 justum.
2631 1326 2757 1384 Nec
2787 1322 2975 1383 etiam
3004 1318 3204 1397 accipi
3233 1335 3346 1395 po-

1784 1423 1937 1505 ‘test
1992 1418 2226 1497 aliquid
2283 1418 2447 1478 ultra
2502 1417 2771 1495 pretium
2825 1433 2938 1494 pro
2986 1410 3344 1473 venditione

1814 1511 1970 1589 ipsa,
2004 1511 2148 1571 huic
2179 1512 2346 1570 enim
2372 1510 2821 1589 correspondet
2847 1507 3176 1585 adaequate
3208 1522 3346 1580 pre·

1812 1605 1969 1664 tium
1990 1603 2230 1683 justum
2273 1622 2349 1663 ex
2376 1608 2554 1682 parte
2598 1601 2916 1681 emptoris
2960 1598 3085 1660 Sed
3116 1613 3232 1657 nee
3259 1595 3347 1654 vi-

1820 1696 2003 1758 detur
2031 1696 2230 1773 accipi
2270 1715 2380 1774 pro
2420 1696 2755 1757 traditione
2792 1693 2959 1770 agri,
3009 1695 3345 1768 antequam

1819 1790 2090 1868 pretium
2119 1789 2428 1864 solvatur,
2477 1807 2664 1868 quem
2707 1786 2996 1846 venditor
3040 1788 3189 1845 tunc
3220 1799 3346 1840 non

1817 1882 2152 1944 tenebatur
2180 1881 2428 1943 tradere
2453 1927 2468 1956 ,
2503 1885 2572 1941 ut
2599 1880 2736 1940 haec
2772 1877 3081 1939 sententia
3122 1878 3184 1935 et
3212 1872 3347 1952 ejus

1819 1974 2106 2053 probatio
2144 1973 2399 2034 indicat.
2450 1973 2686 2047 PrimO,
2733 1971 2881 2050 quia
2909 1969 3129 2030 eodem
3159 1965 3346 2027 modo

1821 2066 2020 2127 omnis
2063 2067 2169 2145 qui
2218 2066 2455 2126 credito
2504 2064 2756 2140 vendit,
2806 2065 3018 2142 posset
3063 2059 3348 2136 accipere

1821 2161 1983 2220 ultra
2034 2159 2304 2238 pretium
2361 2177 2476 2237 pro
2533 2157 2869 2218 traditione
2915 2154 3002 2214 rei
3051 2152 3344 2227 venditae,

1821 2260 2160 2331 antequam
2204 2252 2472 2329 pretium
2502 2251 2800 2310 solvatur.
2845 2245 3132 2309 Secundo
3153 2291 3169 2321 ,
3203 2243 3351 2323 quia

1819 2345 1881 2406 iu
1915 2344 2227 2422 emptione
2255 2363 2380 2403 non
2410 2343 2598 2404 debet
2625 2340 2927 2421 assignari
2958 2339 3184 2419 duplex
3214 2356 3349 2417 pre-

1818 2439 1998 2514 tium,
2034 2455 2229 2497 unum
2257 2455 2370 2515 pro
2400 2456 2468 2496 re
2500 2440 2742 2514 empta,
2777 2435 3043 2495 alterum
3072 2451 3182 2510 pro
3215 2430 3350 2510 ejus

1819 2530 2158 2607 traditione
2186 2550 2200 2601 ;
2246 2529 2349 2607 qui
2383 2529 2549 2588 enim
2578 2547 2713 2588 rem
2742 2526 2923 2603 emit,
2974 2527 3156 2586 affert
3181 2524 3350 2583 idem

1821 2625 2088 2702 pretium
2117 2639 2231 2701 pro
2261 2640 2327 2680 re
2356 2627 2425 2682 ut
2451 2621 2567 2681 sibi
2589 2620 2929 2682 tradenda:
2963 2619 3015 2678 si
3044 2635 3192 2695 ergo
3216 2617 3350 2696 jam

1822 2720 2201 2777 conventum
2249 2718 2343 2774 est
2385 2714 2462 2774 de
2490 2714 2690 2792 pretio
2711 2714 2882 2792 justo
2909 2712 3033 2784 rei,
3087 2728 3213 2770 non
3243 2726 3350 2788 po·

1819 2812 1944 2869 test
1969 2806 2201 2886 aliquid
2234 2806 2402 2866 aliud
2430 2807 2558 2885 peti
2585 2825 2698 2885 pro
2731 2806 2865 2883 ejus
2894 2802 3266 2874 traditione3
3299 2800 3349 2861 si

1823 2907 2033 2962 autem
2064 2901 2183 2961 hoc
2213 2900 2380 2959 aliud
2412 2900 2596 2960 datur
2623 2917 2735 2978 pro
2759 2896 3202 2975 anticipatione
3221 2900 3352 2956 tra-

1824 2994 2108 3069 ditionis,
2162 2992 2410 3053 videtur
2454 3010 2590 3051 esse
2620 3009 2829 3051 usura.
2882 2990 3160 3069 Denique
3207 3007 3351 3049 cum

1823 3087 2064 3148 nullum
2098 3086 2267 3146 aliud
2317 3086 2618 3146 damnum
2647 3084 2957 3145 venditori
2996 3082 3345 3162 proveniat,

1824 3186 1893 3242 ιιι
1919 3181 2042 3242 luc.
2052 3199 2159 3240 um
2203 3183 2405 3241 cesset
2434 3199 2506 3239 ex
2538 3178 2838 3241 dilatione
2868 3177 3085 3257 pretii,
3132 3180 3346 3252 restat,

1825 3278 1894 3335 ιιι
1921 3293 2033 3352 pro
2065 3272 2197 3333 sola
2218 3273 2512 3333 dilatione
2532 3272 2771 3333 fructus
2790 3271 2875 3331 illi
2903 3269 3347 3349 percipiantur,

1825 3368 1994 3446 quod
2041 3366 2292 3426 difficile
2337 3370 2597 3445 apparet
2651 3365 2964 3445 quomodo
3022 3363 3220 3442 possit
3271 3363 3351 3423 ab

1823 3479 2012 3520 usura
2044 3458 2349 3520 excusari.

1905 3556 2117 3626 DiceS‚
2169 3553 2409 3612 fructus
2456 3570 2581 3612 non
2617 3552 2856 3632 percipi
2898 3569 3011 3631 pro
3051 3551 3351 3611 dilatione

1824 3646 2043 3725 pretii,
2077 3646 2188 3705 sed
2218 3663 2331 3724 pro
2363 3645 2656 3706 facultate
2680 3644 2881 3705 libera
2909 3645 3057 3705 data
3086 3643 3355 3723 emptori

1825 3739 1906 3799 ad
1938 3737 2277 3798 fruendum
2306 3756 2374 3797 re
2420 3737 2525 3797 illa
2561 3742 2704 3799 ante
2743 3738 3015 3798 solutum
3056 3736 3348 3817 pretium,

1824 3849 1967 3890 cum
1989 3830 2169 3910 juxta
2197 3831 2389 3908 legeS,
2424 3849 2641 3891 omnes
2670 3829 2757 3890 illi
2785 3830 3022 3891 fructus
3052 3834 3196 3890 ante
3215 3847 3353 3908 pre·

1822 3924 1980 3985 tium
2008 3924 2282 3984 solutum
2331 3924 2411 3983 ad
2462 3923 2851 3984 venditorem
2901 3923 3214 4001 pertinere
3243 3921 3354 3981 de-

1824 4016 2034 4076 beant.
2088 4017 2212 4078 Sed
2244 4020 2462 4077 contra
2489 4016 2712 4095 primo,
2766 4016 2913 4095 quia
2943 4016 3077 4076 haec
3105 4015 3356 4075 videtur

1826 4128 1961 4168 esse
2017 4109 2232 4188 petitio
2284 4109 2607 4187 principii:
2660 4109 2962 4189 quaeritur
3003 4108 3172 4168 enim
3219 4124 3342 4186 quo

1823 4203 2002 4263 titulo
2033 4201 2271 4281 percipi
2302 4201 2542 4279 possint
2569 4202 2613 4261 ii
2642 4202 2927 4263 fructus?
2955 4201 3339 4280 Respondes,

1827 4295 1974 4376 quia
2016 4295 2254 4355 fructus
2283 4295 2597 4374 pertinent
2633 4295 2710 4355 de
2751 4296 2893 4374 jure
2943 4296 3024 4355 ad
3069 4294 3356 4355 vendito-

1825 4406 1980 4456 rem,
2017 4387 2315 4466 quamdiu
2345 4388 2613 4465 pretium
2647 4407 2769 4448 non
2796 4389 3090 4460 solvitur;
3124 4388 3204 4447 de
3236 4388 3356 4447 hoe

1828 4485 2038 4540 autem
2068 4481 2581 4559 ipsoquaerimus,
2617 4499 2740 4560 quo
2764 4482 2942 4542 titulo
2964 4481 3203 4561 possint
3223 4480 3354 4539 sine

1826 4591 2018 4634 usura
2046 4573 2287 4633 fructus
2332 4573 2420 4632 rei
2453 4572 2586 4652 jam
2631 4593 2755 4635 non
2799 4591 2927 4635 suae
2959 4574 3040 4634 ad
3068 4573 3355 4634 vendito-

1824 4683 1960 4726 rem
2000 4666 2354 4744 pertinere‘?
2399 4669 2629 4727 Contra
2657 4666 2965 4743 secundo,
3007 4665 3153 4745 quia
3175 4663 3357 4743 juxta

1828 4759 1991 4819 hanc
2021 4759 2489 4837 responsionem
2520 4778 2644 4820 nou
2665 4760 2914 4821 videtur
2940 4759 3072 4820 tore
3102 4775 3355 4819 necesse

1826 4852 1891 4911 id
1922 4852 2234 4911 deducere
2265 4853 2328 4911 in
2358 4857 2610 4932 pactum
2644 4873 2656 4913 :
2690 4854 2742 4914 si
2771 4854 2936 4913 enim
2968 4853 3047 4912 de
3069 4853 3211 4931 jure
3231 4851 3355 4910 fru-

1827 4948 1962 5004 ctus
1992 4944 2073 5004 ad
2099 4945 2490 5005 venditorem
2518 4946 2853 5024 pertinent,
2901 4944 3198 5024 quamdiu
3231 4960 3354 5002 non

1827 5038 2088 5098 solvitur
2128 5038 2434 5117 pretium,
2479 5037 2554 5097 ad
2602 5038 2751 5117 quid
2798 5037 3139 5116 requiritur
3185 5036 3354 5114 quod

1824 5130 2113 5190 venditor
2158 5129 2222 5188 id
2253 5130 2598 5208 exprimat,
2635 5133 2703 5190 ιιι
2728 5131 2967 5191 fructus
3006 5128 3168 5189 illius
3198 5135 3355 5191 tem—

1825 5223 1993 5301 poris
2021 5222 2103 5283 ad
2134 5241 2198 5281 se
2229 5223 2626 5301 pertineant?

1907 5319 2025 5376 Pro
2057 5315 2244 5395 hujus
2273 5316 2446 5376 dubii
2476 5316 2910 5394 explicatione,
2942 5316 3201 5376 adverto
3232 5316 3354 5394 pri-

1825 5427 1950 5484 mo,
1987 5426 2108 5468 non
2143 5427 2276 5467 esse
2307 5407 2565 5468 dubium
2587 5456 2602 5485 ,
2641 5408 2807 5487 quod
2839 5409 3129 5469 venditor
3156 5408 3353 5486 possit

3437 552 3631 596 rationu

3488 5321 3600 5378 140

3454 5447 3646 5490 Auctori-

1824 5501 1940 5562 sibi
1983 5520 2093 5580 pro
2130 5502 2304 5564 lucro
2348 5506 2669 5579 cessante,
2718 5507 2830 5564 aut
2873 5503 3104 5564 damno
3151 5521 3353 5568 emer·
3442 5505 3660 5555 mmm·
