4263 6376
1175 330 1648 395 DISPUTATIO
1690 328 1909 408 XXVI,
1957 330 2234 396 SECTIO
2278 332 2409 396 x11.

198 509 436 592 quando
484 507 721 588 aliquid
764 506 882 569 sub
911 507 1092 569 hasta
1118 507 1433 586 venditur,
1480 509 1562 569 de
1590 526 1715 588 quo

197 622 335 665 casu
360 602 589 663 multos
615 619 962 679 congerens
989 600 1121 679 agit
1147 601 1346 662 Diana
1374 606 1419 664 t.
1448 605 1504 665 1.
1537 605 1615 664 tr.
1647 600 1717 662 de

197 695 569 760 contractibus
592 713 714 757 res.
746 698 849 761 76.

268 789 469 852 Το1110
500 788 807 867 contingit
836 786 1289 868 monopolium,
1324 789 1576 868 quando
1605 788 1715 850 ali-

135 931 155 960 ,
198 883 325 964 111110
350 888 629 961 tempore
657 881 914 960 11100010,
965 881 1065 943 vel
1094 880 1429 944 vindemiae
1453 928 1470 959 ‚
1519 902 1581 944 v.
1615 901 1709 961 gr.

135 974 156 1069 '¹⁸
197 978 333 1037 emit
360 995 541 1036 omne
570 975 844 1037 triticum
867 970 1227 1052 Velvinum,
1248 976 1349 1036 vel
1376 975 1715 1036 maximam

198 1071 319 1150 ejus
344 1074 605 1150 partem,
638 1068 838 1148 pretio
864 1068 973 1130 vili
1000 1072 1153 1131 tunc
1180 1070 1478 1146 currenti,
1513 1074 1582 1132 ut
1607 1087 1710 1148 po-

197 1168 315 1225 stea
357 1181 573 1224 omnes
618 1165 930 1241 cogantur
973 1161 1053 1223 ab
1082 1161 1218 1239 ipso
1260 1179 1468 1223 emere
1513 1162 1714 1241 pretio

196 1273 418 1318 summo
452 1275 467 1317 :
502 1258 566 1316 et
592 1255 715 1317 hoc
743 1255 948 1333 ipsum
971 1254 1089 1316 erit
1116 1255 1167 1314 si
1198 1254 1390 1333 aliqui
1419 1254 1605 1332 pauci
1633 1253 1716 1315 ad

196 1350 304 1411 1100
326 1348 700 1411 conveniant
729 1354 795 1411 et
821 1348 1203 1428 conspirent.
1237 1350 1370 1409 Hoc
1390 1365 1540 1426 ergo
1570 1365 1715 1409 con·

196 1446 281 1505 tra
297 1442 601 1522 justitiam
622 1441 743 1504 erit
760 1460 906 1503 cum
918 1440 1299 1520 obligatione
1317 1440 1711 1517 restituendi,

196 1537 242 1597 si
265 1542 470 1615 postea
482 1555 676 1616 supra
690 1553 1008 1597 summum
1027 1535 1293 1613 pretium
1304 1533 1545 1614 justum
1564 1551 1717 1595 ven-

197 1630 350 1692 dant.
373 1630 570 1692 Debet
587 1634 803 1692 autem
822 1628 1087 1707 intelligi
1107 1646 1422 1690 summum
1442 1628 1715 1707 pretium

194 1724 412 1801 justum
430 1768 446 1799 ,
497 1741 625 1785 non
668 1722 839 1802 quod
888 1740 965 1783 ex
993 1722 1406 1783 conventione
1434 1723 1715 1800 ipsorum

196 1816 433 1878 resultat
459 1816 811 1878 nolentium
839 1814 1115 1876 vendere
1159 1814 1278 1875 nisi
1322 1814 1430 1877 tali
1479 1814 1706 1895 pretic‚

196 1916 455 1988 utsupra
482 1909 634 1985 dixi,
655 1909 767 1969 sed
786 1908 954 1988 quod
982 1908 1225 1968 seclusa
1254 1926 1330 1969 ea
1356 1908 1715 1970 conventio·

198 2020 265 2062 ne
301 2007 455 2063 esset
498 2004 772 2083 pretium
812 2002 1055 2082 justum
1101 2004 1339 2063 attenta
1369 2001 1713 2081 quantitate

198 2096 383 2171 tritici,
435 2096 530 2156 vel
558 2096 691 2156 vini
719 2095 979 2172 venaliS,
1014 2098 1077 2156 et
1103 2094 1459 2174 frequentia
1486 2093 1712 2175 majori

198 2188 283 2247 vel
308 2189 527 2249 minori
557 2193 938 2267 emptorum,
974 2188 1154 2249 Ratio
1178 2193 1390 2249 autem
1418 2191 1531 2264 est,
1566 2187 1714 2268 quia

194 2281 414 2361 justitia
440 2282 628 2361 pretii
656 2300 783 2343 nou
814 2281 1003 2343 debet
1031 2281 1306 2359 pendere
1334 2281 1417 2341 ab
1447 2281 1711 2342 arbit-rio

197 2374 536 2452 venditoriS,
571 2376 673 2435 vel
704 2372 1005 2452 emptoris
1034 2374 1301 2435 nolentis
1331 2374 1450 2434 nisi
1480 2374 1586 2435 tali
1614 2374 1712 2433 vel

198 2467 291 2529 tali
316 2468 508 2548 pretio
537 2468 819 2529 vendere
848 2472 958 2528 aut
986 2485 1193 2527 emere
1229 2486 1242 2528 :
1276 2466 1550 2546 alioquin
1579 2466 1711 2526 nul-

195 2560 309 2621 lum
336 2565 494 2622 esset
523 2561 802 2640 pretium
828 2559 1132 2640 injustum
1152 2580 1168 2634 ;
1190 2560 1299 2620 sed
1321 2559 1510 2621 debet
1537 2559 1714 2619 desu-

197 2655 270 2714 mi
320 2675 392 2715 ex
435 2654 573 2715 aliis
624 2653 1110 2715 circumstantiis
1165 2652 1704 2728 antecedentibuS,

198 2766 398 2826 nempe
426 2767 501 2808 ex
530 2748 717 2825 copia
744 2746 842 2806 vel
872 2745 1084 2824 inopia
1104 2744 1407 2805 mercium
1438 2749 1501 2805 et
1527 2762 1712 2823 pecu·

197 2841 321 2915 niae,
353 2860 424 2901 011
451 2839 707 2916 multis,
755 2837 853 2899 vel
902 2838 1121 2915 paucis
1163 2837 1268 2916 qui
1297 2835 1577 2898 vendant
1605 2840 1713 2898 aut

196 2939 405 3010 emant,
434 2938 497 2997 et
526 2952 606 2994 ex
636 2930 1005 2993 necessitate
1047 2930 1238 2992 etiam
1264 2929 1580 2991 vendendi
1608 2934 1715 2991 aut

197 3027 418 3087 emendi
447 3045 643 3107 quam
685 3024 939 3085 habent.
987 3025 1058 3084 In
1111 3041 1261 3084 casu
1304 3025 1515 3084 autem
1563 3040 1712 3100 pro-

196 3119 373 3198 posito
401 3119 795 3180 abundantia
820 3116 1126 3177 mercium
1145 3118 1320 3177 tanta
1340 3119 1453 3193 est,
1479 3120 1713 3195 quanta

196 3214 241 3274 si
277 3213 702 3293 monopolium
742 3228 867 3272 non
912 3209 1365 3290 praecessisset;
1421 3209 1710 3271 voluntas

195 3306 362 3366 etiam
386 3304 738 3381 vendendi,
773 3321 920 3364 nam
947 3321 1170 3364 revera
1196 3302 1470 3363 vendere
1497 3303 1713 3364 volunt

195 3417 322 3460 suas
346 3417 588 3461 merces
605 3444 621 3475 ,
652 3397 766 3458 sed
794 3397 1012 3458 volunt
1040 3399 1412 3475 extorquere
1438 3395 1710 3474 pretium

196 3492 397 3573 majus,
429 3492 602 3572 quod
629 3491 686 3553 si
713 3490 997 3553 obtinere
1025 3507 1153 3550 non
1174 3489 1418 3568 possint
1433 3489 1711 3551 vendent

196 3586 373 3664 pretio
398 3585 664 3658 minori;
699 3601 823 3644 non
844 3586 940 3645 est
955 3601 1106 3662 ergo
1135 3583 1303 3644 unde
1333 3581 1707 3644 anteceden-

193 3684 279 3741 ter
302 3681 377 3741 ad
422 3681 812 3741 voluntatem
855 3676 1255 3739 venditorum
1298 3675 1571 3756 pretium
1599 3694 1712 3737 au·-

195 3773 449 3852 gendum
476 3772 579 3848 sit,
599 3771 711 3833 sed
730 3769 901 3831 idem
920 3769 1107 3832 debet
1125 3769 1422 3830 aestimari
1442 3768 1711 3848 pretium

192 3865 429 3946 justum,
462 3865 635 3946 qnod
666 3866 853 3941 esset,
873 3862 923 3924 si
943 3861 1373 3942 monopolium
1402 3879 1526 3925 non
1555 3881 1711 3942 prra-

198 3962 481 4023 cessisset.

267 4057 356 4116 An
406 4071 553 4115 vero
600 4050 934 4113 vendendo
978 4049 1179 4129 pretio
1227 4050 1401 4129 justo
1442 4067 1706 4124 summo,

136 4217 137 4226 ¹
197 4153 439 4227 peccent
464 4151 687 4210 contra
719 4144 1028 4225 justitiam
1069 4143 1133 4203 in
1177 4143 1283 4204 illo
1326 4143 1707 4223 monopolio,

135 4235 139 4246 ’
198 4242 485 4303 sententia
516 4239 867 4302 communis
886 4238 1181 4314 affirmat,
1207 4236 1369 4298 sicut
1386 4235 1453 4296 in
1479 4239 1710 4315 puncto

197 4335 446 4413 praeced.
481 4336 575 4396 lta
605 4332 827 4413 Major,
858 4331 1094 4393 Medin.
1128 4330 1314 4392 Gabr.
1373 4330 1619 4392 Silvest.
1651 4332 1712 4390 et

195 4429 395 4507 Angel.
430 4443 592 4508 quos
631 4425 815 4487 affert
857 4422 1089 4485 Molina
1132 4422 1189 4502 ἓ.
1238 4422 1451 4484 Istrum
1492 4431 1704 4483 autem.

194 4521 440 4583 Conrad.
488 4520 754 4600 Angla,
799 4516 1075 4580 Cordub.
1116 4517 1392 4579 Mercad.
1442 4517 1703 4578 Navam

190 4614 353 4676 'folet
377 4620 439 4678 et
464 4614 573 4676 alii
599 4610 876 4694 plurimi,
911 4627 1069 4691 quos
1098 4611 1281 4671 affert
1326 4608 1502 4671 Salas
1545 4626 1606 4671 11.
1642 4611 1702 4671 5.

191 4707 297 4768 Alii
321 4708 385 4768 id
430 4712 700 4788 negant,
749 4704 983 4768 Molina
1007 4747 1025 4781 ,
1085 4705 1149 4764 et
1190 4705 1363 4764 Less.
1403 4701 1555 4764 locis
1597 4702 1703 4764 cit.

189 4799 436 4878 Bannes,
468 4804 747 4880 Aragon.
778 4800 1067 4860 Emman.
1105 4799 1168 4857 et
1182 4797 1378 4875 Vega,
1411 4813 1554 4856 cum
1569 4795 1707 4856 aliis

191 4909 331 4971 quos
371 4893 557 4955 affert
583 4892 761 4955 Salas
788 4909 851 4956 n.
881 4895 943 4952 4.
976 4906 1115 4970 quae
1145 4887 1455 4950 sententia
1481 4887 1708 4966 proba-

189 4983 316 5046 bilis
341 4987 492 5048 mihi
511 4986 788 5062 videtur,
836 4983 986 5064 quia
1013 4983 1100 5044 illi
1124 4981 1267 5062 jure
1304 5000 1417 5044 suo
1448 4985 1707 5042 utuntur

191 5080 438 5142 emendo
468 5080 671 5161 pretio
695 5078 888 5159 justo,
923 5081 987 5137 et
1013 5079 1234 5156 postea
1254 5075 1537 5135 nolentes
1563 5093 1708 5136 ven-

193 5172 326 5234 dere
353 5175 467 5235 nisi
498 5174 701 5254 pretio
731 5171 902 5251 justo
928 5187 1173 5231 summo
1200 5187 1215 5242 ;
1252 5167 1513 5248 quilibet
1539 5166 1705 5228 enim

191 5266 462 5330 dominus
490 5272 697 5348 potest
732 5284 868 5328 rem
914 5283 1092 5326 suam
1139 5263 1411 5325 retinere
1436 5306 1453 5339 ,
1504 5261 1705 5322 donec

191 5362 442 5439 pretium
487 5377 803 5423 summum
832 5359 1131 5423 inveniat.
1180 5358 1452 5419 Possunt
1492 5357 1704 5416 tamen

185 5454 336 5532 juste
372 5456 508 5519 11010
533 5454 745 5517 01111110
769 5455 911 5533 lege
935 5451 1294 5532 prohiberi,
1341 5453 1404 5512 et
1440 5450 1705 5529 possunt

193 5547 318 5628 cogi
343 5551 411 5613 ut
434 5548 712 5613 vendant
738 5551 955 5627 postea
984 5545 1186 5628 pretio
1204 5544 1532 5634 moderato
1562 5559 1701 5624 pro-

3232 341 3351 404 319

1814 511 1955 588 pter
2001 509 2241 572 bonum
2295 527 2648 575 commune.
2698 514 3087 593 Argumenta
3140 520 3351 579 autem

1815 603 2146 665 contrariae
2174 604 2501 666 sententiae
2546 604 2707 667 bene
2737 608 2922 670 solvit
2962 609 3208 672 Lessius
3238 631 3345 677 1111.

1894 786 2232 852 Affirmant
2284 792 2495 852 tamen
2551 793 2971 856 communiter
3032 796 3342 875 doctores,

1812 884 2145 959 peccatum
2188 890 2310 943 noc
2356 902 2491 945 esse
2549 885 2773 948 saltem
2815 891 3033 949 contra
3078 890 3350 954 charita-

1813 977 1964 1049 tem,
1996 974 2108 1034 sed
2137 974 2390 1054 Melina,
2425 980 2494 1038 ut
2522 978 2791 1041 diximus
2817 1027 2832 1057 ,
2867 981 2932 1044 id
2973 982 3219 1062 limitat,
3254 1005 3347 1046 00-

1815 1065 1988 1126 clusa
2018 1066 2440 1145 prohibitione
2468 1069 2656 1149 legis,
2698 1071 2780 1132 ad
2825 1090 2969 1134 eum
3012 1076 3215 1136 solum
3244 1096 3350 1138 ca-

1813 1177 1975 1235 sum,
1995 1177 2118 1238 quo
2142 1160 2415 1222 notabile
2436 1163 2779 1225 admodum
2803 1165 3102 1229 damnum
3138 1170 3349 1249 reipu-

1813 1250 1993 1311 blicae
2022 1257 2421 1331 sequeretur.
2451 1257 2530 1317 Et
2559 1257 2813 1336 quidem
2837 1304 2853 1336 ,
2904 1259 2956 1320 si
2992 1280 3153 1323 unus
3181 1264 3349 1327 solus

1813 1349 2126 1407 mercator
2166 1364 2293 1408 non
2334 1348 2691 1413 inducendo
2721 1351 2877 1414 alios
2918 1353 3038 1415 boc
3085 1356 3342 1434 faceret,

1813 1437 2021 1517 placet
2047 1438 2203 1499 mihi
2221 1440 2510 1504 limitatio
2530 1444 2800 1522 Molinae,
2830 1447 2976 1525 quia
2997 1447 3059 1509 in
3082 1448 3200 1511 hoc
3222 1470 3346 1512 non

1813 1530 2101 1608 procedit
2127 1533 2287 1594 ratio
2335 1553 2523 1613 supra
2553 1536 2751 1614 facta,
2792 1555 2937 1600 cum
2983 1539 3085 1602 hic
3114 1544 3350 1604 nemini

1813 1624 2077 1685 suadeat
2102 1625 2336 1687 mitiori
2366 1629 2566 1705 pretio
2600 1649 2724 1691 non
2753 1633 3027 1694 vendere
3047 1680 3063 1706 ‚
3109 1636 3217 1697 sed
3247 1655 3350 1699 so-

1811 1716 1910 1778 lus
1936 1716 2072 1799 ipse
2115 1717 2180 1778 id
2224 1718 2435 1783 faciat.
2498 1722 2565 1785 Si
2620 1727 2828 1785 tamen
2888 1730 3349 1792 communicato

1813 1810 2071 1873 consilio
2122 1817 2423 1889 procurat
2469 1818 2539 1876 ut
2581 1814 2686 1877 alii
2743 1816 2934 1879 etiam
2970 1819 3036 1881 id
3090 1822 3343 1902 faciant,

1754 1906 1765 1915 “
1803 1903 1941 1983 jam
1962 1903 2215 1967 videtur
2241 1923 2318 1966 ex
2343 1905 2654 1970 industria
2673 1912 2737 1972 et
2756 1909 2991 1974 directe
3010 1932 3348 1993 procurare

1813 1996 2115 2059 damnum
2145 2016 2519 2079 pauperum,
2537 2001 2765 2080 quihus
2792 2004 2896 2065 alii
2923 2006 3219 2072 volebant
3234 2009 3348 2070 mi-

1812 2089 1956 2152 tiori
1983 2090 2183 2169 pretio
2212 2110 2454 2154 merces
2483 2093 2658 2172 dare,
2679 2097 2848 2174 quod
2875 2097 3124 2162 videtur
3148 2102 3350 2165 chari·

1810 2182 1925 2246 tati
1969 2187 2033 2244 et
2075 2183 2524 2247 misericordiae
2564 2187 2924 2266 adversari,
2957 2195 3028 2255 ut
3051 2192 3345 2257 vidimus.

1812 2275 1933 2338 Alii
1961 2280 2174 2340 tamen
2202 2279 2580 2357 venditores,
2616 2281 2723 2359 qui
2747 2284 3085 2363 monopolii
3115 2290 3349 2351 010011-

3496 793 3612 852 178

3430 920 3494 964 An
3514 929 3656 967 contra

3414 975 3669 1023 charitatem.

1813 2369 1933 2430 silii
1961 2370 2300 2449 participes
2330 2391 2454 2434 non
2482 2372 2773 2452 fuerunt,
2824 2394 2950 2437 non
2993 2381 3351 2457 peccabunt
3422 2386 3435 2397 '

1813 2463 2003 2523 etiam
2031 2467 2253 2526 contra
2273 2464 2642 2528 charitatem
2659 2468 2989 2532 vendendo
3003 2471 3110 2535 illo
3127 2475 3349 2537 eodem

1812 2554 2012 2634 pretio
2042 2573 2168 2635 quo
2190 2558 2547 2636 monopolae
2577 2559 2899 2639 vendunt,
2932 2580 3075 2625 cum
3102 2569 3165 2628 et
3191 2568 3347 2629 illud

1814 2647 2085 2726 pretium
2121 2648 2364 2729 justum
2411 2650 2527 2728 sit,
2569 2651 2717 2716 licet
2745 2672 3057 2718 summum
3097 2664 3168 2722 ut
3202 2679 3352 2741 sup—

1812 2757 2001 2820 pono,
2034 2746 2098 2804 et
2123 2742 2240 2822 ipsi
2270 2762 2461 2805 causa
2489 2762 2616 2806 non
2642 2746 3058 2829 fuerintquod
3083 2752 3189 2814 illo
3206 2772 3350 2833 pre-

1815 2833 1897 2896 tio
1942 2840 2258 2914 emptores
2312 2856 2521 2900 emere
2564 2845 2960 2919 cogerentur.
3010 2847 3350 2911 Peccarent

1812 2929 2022 2990 tamen
2052 2934 2272 2993 contra
2292 2931 2605 3011 justitiam
2624 2976 2641 3010 ,
2676 2934 2727 2993 si
2755 2937 3027 3013 pretium
3054 2938 3208 3001 illud
3255 2961 3348 3003 00-

1811 3024 1908 3081 001
1933 3038 2123 3099 supra
2150 3024 2423 3102 pretium
2445 3024 2711 3106 justum,
2743 3031 2810 3091 et
2829 3048 2972 3091 cnm
2998 3031 3137 3093 aliis
3164 3034 3350 3097 docet

1811 3112 2047 3175 Rebell.
2080 3114 2190 3178 lib.
2217 3118 2320 3192 IX.
2349 3136 2409 3199 q.
2437 3135 2482 3180 1.
2501 3118 2646 3180 etin
2676 3119 2797 3182 hoc
2817 3140 3004 3185 sensu
3030 3126 3348 3191 conciliari

1808 3211 2071 3283 possunt
2113 3208 2402 3273 doctores
2431 3211 2684 3274 diversa
2728 3216 3070 3281 sentientes
3101 3221 3181 3282 de
3225 3222 3346 3285 illis

1810 3297 1948 3360 aliis
1976 3318 2103 3361 non
2130 3305 2506 3383 monopolis,
2539 3306 2648 3385 qui
2675 3310 2877 3386 pretio
2894 3316 3183 3376 currente
3204 3332 3344 3394 pro·

1804 3394 1942 3469 pter
1966 3397 2329 3474 monopolia
2355 3398 2436 3459 ab
2465 3399 2600 3460 aliis
2643 3400 2809 3464 facta
2837 3405 3150 3486 vendunt,
3185 3427 3342 3489 quos

1807 3484 2000 3548 refert
2025 3487 2203 3550 Salas
2229 3488 2349 3551 loc.
2383 3490 2487 3554 cit.

1889 3578 2156 3642 Ultimus
2183 3584 2527 3663 monopolii
2553 3585 2779 3649 modus
2807 3593 2922 3667 est,
2950 3592 3206 3671 quando
3232 3595 3342 3658 ali-

1810 3670 1948 3751 quis
1976 3674 2048 3734 ut
2074 3691 2221 3736 suas
2247 3692 2489 3739 merces
2518 3679 2724 3742 carius
2759 3682 3029 3761 vendat,
3075 3686 3340 3767 impedit

1809 3783 1889 3826 ne
1919 3765 2021 3827 alii
2049 3786 2292 3832 merces
2318 3771 2400 3833 ad
2431 3792 2575 3834 eum
2589 3774 2799 3836 locum
2818 3776 3123 3842 deferant.
3145 3782 3225 3842 Et
3238 3782 3341 3844 hic

1811 3859 2067 3939 quidem
2089 3905 2107 3939 ,
2166 3864 2220 3925 si
2259 3864 2323 3926 vi
2349 3866 2450 3928 vel
2486 3866 2705 3929 fraude
2748 3868 3089 3951 impediat,
3122 3880 3343 3953 peccat

1810 3957 2029 4016 contra
2046 3954 2377 4034 justitiam,
2411 3963 2474 4020 et
2498 3951 2748 4022 tenetur
2762 3962 2843 4022 ad
2862 3965 3337 4034 restitutionem.

1811 4047 1879 4110 Si
1907 4047 2147 4127 absque
2183 4049 2248 4110 vi
2291 4054 2354 4112 et
2396 4049 2617 4114 fraude
2662 4053 2729 4114 id
2773 4055 2964 4119 faciat
2986 4103 3004 4135 ,
3058 4064 3345 4140 peccabit

1810 4143 2029 4202 contra
2058 4142 2428 4205 charitatem
2465 4144 2530 4205 in
2567 4145 2641 4207 iis
2681 4148 2931 4212 casibus
2955 4197 2971 4229 ,
3012 4153 3077 4214 in
3113 4156 3341 4236 quibus

1808 4238 2075 4312 peccant
2118 4235 2227 4315 qui
2278 4236 2417 4298 aliis
2458 4238 2729 4303 suadent
2784 4259 2863 4304 ne
2922 4245 3104 4308 aliter
3150 4269 3341 4329 quam

1809 4344 2056 4390 summo
2084 4329 2283 4408 pretio
2310 4331 2607 4395 vendant.
2643 4334 2949 4399 Videatur
2973 4341 3212 4405 Bonac.
3235 4346 3343 4424 qui

1810 4419 1965 4482 alios
1992 4423 2173 4484 affert
2202 4422 2361 4502 disp.
2395 4427 2497 4486 111.
2531 4425 2602 4488 de
2629 4431 2972 4494 contractib.
3006 4452 3067 4512 q.
3087 4451 3157 4497 11.
3182 4454 3334 4515 pun.

1809 4528 1869 4576 v.
1905 4532 1970 4576 n.
2000 4517 2060 4577 8.
2093 4515 2223 4577 Nisi
2251 4517 2413 4579 forte
2439 4519 2799 4582 venditores
2826 4523 2905 4583 ab
2943 4524 3065 4587 hoc
3093 4528 3231 4591 loco
3259 4532 3340 4592 ad

1807 4606 1999 4668 alium
2022 4608 2376 4688 divertant,
2426 4611 2490 4672 in
2520 4631 2644 4692 quo
2675 4632 2854 4693 seque
2890 4617 3058 4679 utilis
3092 4621 3339 4684 futurus

1806 4700 1887 4762 sit
1911 4701 2215 4764 mercium
2271 4704 2602 4783 adventus,
2661 4712 2725 4770 et
2761 4709 2931 4787 quod
2980 4712 3091 4774 tali
3136 4715 3337 4793 pretio

1805 4795 2162 4859 vendantur
2202 4813 2277 4858 ac
2327 4802 2492 4859 esset
2536 4799 2602 4859 in
2628 4799 2750 4861 hoc
2777 4801 2899 4863 alio
2932 4806 3124 4868 :tunc
3171 4808 3337 4868 enirn

1806 4906 1931 4947 non
1959 4888 2282 4951 dissuadet
2316 4890 2591 4951 vendere
2620 4893 2819 4970 pretio
2844 4896 3192 4976 moderate,
3225 4902 3336 4962 sed

1804 4980 1962 5058 petit
1988 4984 2058 5042 ut
2091 4981 2200 5042 tali
2246 4982 2383 5045 1000
2432 4984 2640 5063 potius
2685 5003 2876 5065 quam
2921 4988 3069 5051 huic
3106 4992 3336 5057 benefi-

1804 5073 1970 5134 cium
1998 5073 2153 5134 illud
2209 5075 2586 5155 conferatur,
2647 5078 2810 5141 sicut
2849 5082 2956 5160 qni
3003 5102 3043 5144 a
3086 5086 3334 5150 volente

1804 5165 1956 5227 dare
1983 5166 2409 5246 elemosynam
2430 5171 2613 5232 Petro
2640 5173 2923 5251 pauperi,
2948 5176 3105 5254 petit
3122 5184 3191 5241 ut
3209 5200 3333 5244 non

1806 5262 1985 5322 Petro
2014 5261 2124 5320 sed
2169 5262 2358 5323 Paulo
2406 5281 2584 5342 aeque
2632 5264 2935 5344 indigenti
2980 5269 3130 5333 det:
3166 5276 3334 5352 quod

1802 5372 1929 5415 non
1956 5353 2209 5416 videtur
2235 5374 2370 5417 esse
2417 5361 2637 5419 contra
2682 5358 3051 5423 charitatem
3078 5366 3180 5426 vel
3223 5369 3334 5427 mi-

1801 5446 2209 5510 sericordiam
2242 5468 2257 5510 :
2290 5448 2407 5512 nisi
2449 5449 2500 5512 si
2532 5468 2568 5511 a
2597 5452 2850 5531 propria
2895 5456 3099 5534 patria
3144 5463 3211 5522 et
3247 5460 3336 5523 ci-

1800 5540 1995 5607 vitate
2021 5560 2178 5624 erga
2202 5561 2394 5625 quam
2420 5543 2624 5626 magis
2650 5549 2748 5610 est
2769 5547 3081 5630 obligatus
3096 5597 3114 5630 ‚
3146 5555 3333 5619 110110·

3489 3601 3602 3667 179

3390 3726 3508 3826 quid,
3546 3734 3683 3798 ,ando

3425 3797 3464 3826 m
3543 3793 3591 3839 11,
3613 3802 3666 3834 110

3417 3838 3487 3880 alii
3507 3853 3665 3887 merces

3422 3893 3652 3940 vendendas

3444 3946 3628 3995 afferant.
