4263 6376
1113 317 1582 381 DlSPUTATIO
1627 316 1901 393 XXXVI,
1953 316 2227 377 SECTIO
2271 315 2373 377 lv.

200 519 318 564 sam
334 499 562 580 justam
588 497 781 578 aliqui
821 515 945 559 non
1002 495 1243 576 possint
1294 513 1331 555 a
1390 493 1712 557 contribu-

200 598 350 658 tione
377 594 579 654 eximi.
613 595 824 654 Potest
859 597 1071 652 autem
1122 589 1467 670 justissima
1522 604 1714 648 causa

202 708 321 750 esse
346 688 406 747 in
434 705 578 747 casu
609 689 844 761 nostro,
877 688 948 745 ut
975 682 1155 760 hic‚a
1174 701 1297 762 quo
1328 700 1452 742 non
1479 681 1713 759 petitur

202 781 535 842 eximatura
552 777 1010 839 contributione
1027 780 1092 837 et
1108 776 1415 837 solutione
1445 772 1663 834 tributi
1693 791 1707 831 ε

203 892 331 934 nam
357 871 571 933 eadem
598 869 972 948 respublica,
1017 872 1080 929 et
1121 868 1207 929 illi
1240 867 1450 943 etiam,
1495 885 1536 926 a
1577 864 1716 943 qui-

204 969 305 1027 bus
332 965 575 1044 petitur,
610 963 799 1042 etqui
829 962 1101 1038 solvunt,
1136 979 1261 1022 non
1292 964 1438 1021 sunt
1488 959 1550 1018 in
1596 958 1717 1017 hoc

205 1059 383 1133 inviti,
414 1057 524 1117 sed
551 1056 817 1118 libenter
847 1054 1269 1130 consentiunt,
1305 1052 1473 1132 quod
1519 1051 1622 1112 ille
1680 1068 1717 1109 a

207 1171 313 1231 quo
341 1169 460 1210 non
515 1149 767 1227 petitur,
813 1166 937 1209 non
997 1148 1221 1223 solvat,
1257 1146 1411 1226 quia,
1432 1143 1714 1223 alioquin

205 1245 289 1304 lex
317 1244 445 1322 ipsa
468 1241 839 1321 gravissima
868 1244 1035 1302 esset
1061 1239 1173 1302 toti
1203 1239 1456 1320 popu10,
1492 1241 1554 1298 et
1591 1237 1719 1297 sin-

205 1335 317 1415 guli
345 1334 583 1395 malunt
605 1333 876 1394 retinere
905 1333 1057 1393 illud
1096 1334 1203 1410 jus
1242 1350 1366 1392 non
1407 1329 1713 1404 solvendi,

210 1426 438 1508 quando
467 1444 591 1487 non
622 1425 876 1503 petitur,
926 1425 1075 1486 licet
1102 1443 1176 1486 ea
1234 1425 1311 1485 de
1366 1440 1556 1484 causa
1615 1420 1719 1480 alii

206 1518 514 1599 aliquando
545 1517 698 1578 nihil
717 1517 982 1593 solvant,
1020 1521 1082 1578 et
1107 1517 1250 1577 ideo
1282 1514 1399 1594 ipsi
1427 1534 1465 1575 a
1494 1514 1720 1593 quibus

206 1611 431 1691 petitur,
466 1609 740 1670 debeant
766 1609 830 1669 in
859 1613 1062 1671 totum
1118 1608 1536 1684 contribuere,
1599 1606 1719 1667 illis

207 1704 324 1763 aliis
353 1702 503 1763 nihil
533 1701 1096 1764 contribuentibuS.
1131 1702 1363 1778 Terti0,
1418 1701 1714 1780 denique,

205 1796 334 1876 quia
359 1795 457 1856 ille
484 1795 677 1856 etiam
706 1795 811 1873 qui
841 1812 1007 1856 nunc
1062 1794 1367 1855 tributum
1424 1811 1548 1854 non
1603 1793 1723 1853 sol-

206 1889 299 1965 vit,
331 1887 493 1968 quod
520 1887 604 1949 ab
631 1905 706 1948 eo
737 1906 860 1948 non
882 1887 1134 1966 petitur,
1159 1887 1220 1946 in
1247 1886 1382 1947 aliis
1410 1886 1714 1964 materiiS,

205 1981 289 2042 vel
338 1982 397 2042 in
450 1981 567 2041 hac
623 1980 835 2056 etiam,
886 1979 1072 2040 solvit
1127 1979 1310 2040 toties
1365 1978 1620 2055 tributa,
1654 1983 1725 2040 ut

207 2074 555 2154 computatis
584 2073 658 2134 iis
688 2091 827 2152 quae
885 2092 961 2133 ex
1017 2072 1153 2133 aliis
1204 2072 1454 2134 tributis
1514 2072 1719 2149 solvit,

207 2168 555 2229 satisfecerit
597 2167 985 2228 sufficienter
1014 2165 1224 2227 debito
1268 2167 1534 2227 naturali
1580 2185 1724 2227 con-

208 2261 500 2323 tribuendi
525 2260 665 2340 regi
708 2260 788 2319 ad
813 2259 1223 2320 necessitates
1253 2276 1618 2320 communes
1666 2262 1729 2320 et

208 2373 357 2415 suas.

276 2448 528 2525 Propter
556 2446 695 2507 haec
724 2443 877 2505 mihi
909 2462 1161 2522 semper
1187 2444 1457 2505 maxime
1498 2443 1731 2524 placuit

210 2540 513 2600 consilium
545 2541 614 2600 P.
646 2538 896 2600 Molinae
924 2537 986 2597 d.
1022 2537 1182 2616 disp.
1215 2540 1355 2600 674.
1402 2556 1464 2601 n.
1515 2541 1574 2600 9.
1620 2535 1730 2596 ubi

155 2651 170 2679 ι
210 2632 490 2711 imprimis
519 2631 693 2707 dicit,
726 2629 1109 2693 monendum
1139 2648 1274 2691 esse
1302 2630 1604 2709 populum
1648 2629 1729 2689 ad

155 2724 159 2740 '
210 2725 421 2786 tributa
450 2725 772 2800 solvenda,
807 2727 869 2784 et
897 2723 976 2782 ad
1002 2723 1164 2783 hene
1193 2741 1267 2784 ac
1288 2723 1457 2803 juste
1486 2723 1564 2783 de
1608 2722 1728 2782 illis

155 2830 159 2839 ’
209 2818 596 2898 judicandum
652 2821 715 2878 et
767 2816 1295 2894 praesumendum,
1356 2819 1419 2876 et
1454 2819 1596 2875 ante
1642 2815 1730 2874 fa-

207 2918 356 2971 ctum
382 2909 834 2972 consulendum
863 2926 1021 2985 esse,
1084 2926 1161 2968 ne
1219 2908 1674 2969 defraudentur
1710 2926 1724 2967 :

208 3009 333 3082 post
354 3004 588 3065 factum
615 3021 785 3079 vern,
819 3004 883 3062 et
911 3004 1052 3081 post
1066 3000 1506 3062 defraudatum
1536 3001 1730 3062 tribu-

209 3104 348 3173 tum,
379 3096 426 3157 si
456 3096 831 3175 promittens
869 3098 1038 3155 certo
1068 3095 1171 3154 vel
1201 3093 1608 3173 probabiliter
1653 3093 1731 3153 si-

210 3191 264 3251 bi
292 3190 643 3269 persuadet,
686 3190 748 3249 in
789 3192 963 3250 tanta
1019 3187 1398 3249 tributorum
1454 3186 1732 3248 multitu-

212 3283 339 3343 dine
367 3302 499 3344 esse
531 3281 768 3362 aliquid
795 3280 1099 3361 injustum
1128 3281 1297 3359 quod
1341 3281 1474 3359 ipse
1521 3280 1725 3355 solvit,

213 3376 299 3436 vel
322 3375 780 3438 multitudinem
809 3374 1011 3453 ipsam
1049 3391 1184 3434 esse
1231 3373 1488 3434 nimiam
1518 3377 1581 3433 et
1627 3391 1734 3432 ex-

214 3469 520 3544 cessivam,
557 3467 655 3528 vel
684 3485 772 3543 se,
806 3470 1046 3527 attenta
1073 3465 1371 3544 qualitate
1418 3482 1547 3526 suae
1595 3482 1734 3543 per-

214 3579 386 3638 sonae,
405 3566 467 3622 et
496 3560 916 3639 negotiorum,
941 3562 1006 3619 et
1030 3558 1287 3637 reliquis
1316 3558 1563 3619 tributis
1593 3573 1732 3636 quae

214 3673 324 3714 non
366 3652 778 3728 defraudavit,
838 3655 1268 3728 competenter
1321 3650 1733 3711 contribuisse

213 3747 285 3806 ad
301 3747 698 3808 necessitates
727 3745 1030 3823 publicaS‚
1064 3761 1189 3804 non
1218 3763 1352 3804 esse
1381 3743 1737 3823 cogendum

214 3858 247 3899 a
272 3840 640 3901 confessario
670 3838 751 3899 ad
808 3836 1267 3900 restitutionem
1300 3857 1314 3898 ε
1359 3836 1478 3897 hac
1524 3842 1737 3898 tamen

216 3933 482 3994 doctrina
509 3932 853 4011 prudenter
882 3934 945 3991 et
993 3949 1138 3992 cum
1192 3930 1561 3991 dexteritate
1607 3948 1738 3990 ma-

215 4044 327 4104 gna
353 4026 655 4089 utendum
701 4043 861 4101 esse,
894 4025 1099 4085 solum
1144 4042 1222 4084 ne
1275 4028 1738 4084 sacramentum

216 4119 583 4195 poenitentiae
609 4118 879 4179 reddant
907 4117 1092 4177 nimis
1123 4135 1340 4196 grave,
1374 4121 1438 4178 et
1465 4134 1542 4176 ne
1570 4115 1739 4177 viam

215 4211 415 4273 salutis
442 4211 836 4291 proecludant
861 4209 1094 4286 multia,
1130 4209 1237 4288 qui
1266 4212 1399 4271 esto
1430 4227 1467 4269 a
1495 4209 1741 4270 confes-

216 4305 365 4366 sario
395 4305 774 4383 obligentur,
810 4321 935 4363 non
964 4301 1315 4377 restituent,
1351 4305 1411 4362 et
1440 4305 1742 4362 aeternam

216 4398 670 4460 damnationem
697 4398 1036 4458 incurrent.
1058 4398 1363 4457 Caeterum
1392 4394 1742 4455 curandum

218 4509 361 4568 esse,
421 4496 490 4554 ut
559 4509 811 4569 semper
861 4488 1130 4568 populus
1185 4488 1264 4548 ad
1320 4487 1743 4548 obediendum

220 4583 588 4662 principibus
614 4583 969 4659 inclinetur,
1003 4585 1073 4642 ut
1113 4585 1175 4642 et
1212 4579 1573 4658 reipublicae
1619 4598 1743 4658 pax

220 4681 277 4738 et
296 4678 668 4754 obedientia,
701 4695 777 4737 ac
824 4674 1177 4737 reverentia
1203 4672 1587 4753 principibus
1632 4674 1745 4735 de-

220 4769 337 4831 bita
365 4774 790 4833 conservetur.

294 4865 381 4924 Ex
408 4862 527 4923 hac
556 4866 771 4923 autem
805 4860 1090 4923 doctrina
1109 4907 1124 4938 ,
1158 4865 1221 4921 et
1259 4860 1441 4940 juxta
1466 4861 1744 4921 mentem

227 4954 440 5017 horum
468 4957 797 5017 doctorum

155 5067 169 5120 ¹,
295 5049 561 5111 Infertur
613 5047 814 5126 primo
834 5093 850 5124 ,
928 5047 1097 5107 idem
1150 5047 1485 5108 dicendum
1541 5044 1743 5106 videri

155 5174 161 5185 ·
228 5143 519 5204 stantibus
546 5141 860 5221 praedictis
907 5139 1422 5214 circumstantiiS,
1466 5137 1597 5198 sive
1635 5136 1744 5197 tri-

226 5232 436 5296 butum
468 5254 594 5296 non
623 5233 921 5309 solvatur,
966 5251 1043 5293 eo
1091 5233 1258 5312 quod
1305 5231 1570 5310 petitum
1618 5246 1744 5289 non

229 5327 353 5405 fuit,
381 5327 760 5408 procedente
788 5330 1000 5388 tamen
1029 5325 1281 5387 subdito
1309 5325 1478 5385 bona
1505 5322 1652 5398 fide,
1683 5325 1747 5383 et

229 5438 291 5481 se
317 5439 437 5483 non
468 5420 839 5496 occultante,
873 5419 1003 5480 sive
1033 5437 1158 5480 non
1186 5417 1367 5479 tuerit
1380 5416 1652 5478 solutum
1668 5431 1743 5474 ex

3230 320 3340 379 621

1809 510 1881 552 eo
1908 493 2077 571 quod
2106 492 2393 555 subditus
2423 493 2759 555 occultavit
2787 512 2854 554 se
2881 540 2896 571 ,
2930 494 3030 554 vel
3077 512 3342 569 merceS,

1810 585 1908 645 vel
1934 586 2233 647 mentitus
2264 591 2376 662 est,
2399 586 2464 646 in
2493 605 2614 666 quo
2646 587 2792 648 licet
2818 589 3175 666 peccaverit
3201 605 3348 648 cou-

1810 681 1909 739 tra
1962 679 2390 755 veracitatem,
2451 697 2575 740 non
2632 684 2841 741 tamen
2900 685 3118 742 contra
3164 680 3350 759 justi-

1811 771 1996 842 tiam;
2042 773 2106 831 et
2131 770 2276 830 ideo
2307 789 2436 832 non
2474 771 2665 834 habet
2694 773 3142 852 obligationem
3173 772 3348 833 resti·

1807 863 2058 937 tuendi,
2106 862 2193 924 ita
2248 863 2480 924 Melina
2528 883 2819 945 expresse
2870 884 3016 926 cum
3087 866 3224 926 aliis
3278 865 3341 926 d.

1814 975 1873 1017 n.
1910 960 1968 1017 9.
2004 956 2111 1018 ubi
2140 956 2310 1016 idem
2341 957 2525 1032 dicit,
2586 977 2732 1018 cum
2777 959 2913 1019 aliis
2959 976 3115 1038 quos
3159 960 3352 1021 refert

1816 1048 2046 1111 Sanch.
2082 1049 2234 1110 dub.
2270 1066 2356 1110 vl.
2410 1069 2515 1110 nu.
2553 1054 2651 1112 15.
2684 1051 2833 1113 licet
2880 1051 3158 1131 perjurio
3203 1071 3350 1113 usus

1800 1140 2039 1213 fuerit,
2090 1145 2154 1203 et
2200 1141 2341 1202 ideo
2369 1143 2719 1204 mortaliter
2745 1146 3102 1223 peccaverit
3134 1161 3148 1209 :
3181 1145 3351 1224 quod

1816 1237 2025 1295 tamen
2056 1234 2539 1313 intelligendum
2570 1254 2818 1313 censeo,
2854 1237 3108 1315 quando
3137 1238 3354 1299 subdi-

1815 1330 1916 1388 tus
1943 1325 2163 1403 credit,
2198 1326 2501 1388 tributum
2525 1327 2623 1388 vel
2640 1328 3019 1390 tributorum
3040 1330 3355 1392 collectio·

1816 1438 1928 1479 nes
1952 1418 2111 1479 adeo
2141 1419 2443 1480 excedere
2473 1422 2877 1484 necessitates
2905 1422 2984 1482 ad
3018 1440 3174 1502 quas
3203 1423 3353 1483 dan-

1815 1515 1939 1588 tur,
1973 1517 2043 1573 ut
2070 1530 2275 1592 neque
2304 1513 2500 1591 petita
2528 1513 2804 1576 debeant
2832 1515 2971 1576 dari
3005 1536 3018 1577 :
3070 1516 3353 1595 alioquin

1818 1604 1985 1664 enim
2006 1604 2142 1685 jam
2171 1611 2320 1666 tunc
2348 1604 2643 1668 videntur
2669 1607 2793 1684 peti
2819 1653 2835 1684 ,
2888 1612 3120 1669 et.non
3170 1626 3354 1688 posse

1819 1714 2057 1775 negari.

1896 1789 2166 1851 Infertur
2183 1789 2485 1866 secundo,
2507 1791 2658 1870 quid
2680 1791 3017 1853 dicendum
3034 1792 3133 1869 sit,
3162 1812 3355 1873 quan-

1819 1881 1900 1942 do
1930 1881 2313 1960 gabellarius
2341 1901 2407 1942 se
2436 1883 2699 1945 remittit
2744 1885 3142 1948 conscientiae
3187 1886 3353 1947 illius

1822 1973 1930 2053 qui
1959 1975 2202 2036 solvere
2232 1975 2443 2051 debet,
2470 1979 2534 2036 et
2561 1976 2714 2037 dicit
2732 1976 3119 2056 simpliciter,
3147 1984 3215 2041 ut
3237 1980 3354 2040 sol-

1820 2071 1930 2127 vat
1948 2066 2127 2146 juxta
2155 2068 2219 2128 id
2251 2068 2419 2147 quod
2451 2073 2699 2146 portat,
2731 2071 2830 2131 vel
2873 2071 3040 2150 quod
3072 2073 3224 2134 emit
3250 2077 3360 2136 aut

1822 2159 2138 2233 vendidit;
2172 2160 2235 2220 in
2265 2179 2388 2239 quo
2420 2180 2568 2222 casu
2599 2163 2830 2223 Sanch.
2866 2163 2928 2225 d.
2968 2164 3118 2226 dub.
3154 2181 3211 2226 x.
3247 2184 3353 2227 nu.

1824 2255 1920 2313 13.
1956 2257 2019 2314 et
2046 2270 2222 2331 seqq.
2288 2253 2354 2314 Si
2405 2254 2807 2332 gabellariuS,
2839 2256 2939 2316 vel
2987 2262 3196 2319 custos
3243 2258 3359 2317 sub

1816 2346 2177 2424 juramento
2217 2344 2561 2424 interrogat
2588 2347 2964 2410 vendentem
2996 2349 3074 2409 de
3105 2351 3357 2430 quanti-

1824 2442 1951 2498 tate
1979 2437 2305 2515 mercium,
2320 2438 2518 2499 teneri
2535 2439 2686 2501 dicit
2705 2440 2911 2518 ipsum
2940 2442 3004 2501 in
3034 2442 3363 2503 conscien-

1825 2531 1914 2592 tia
1944 2535 2006 2592 et
2034 2548 2178 2590 cum
2206 2549 2396 2591 onere
2426 2531 2794 2592 restituendi
2821 2579 2836 2609 ,
2871 2533 2920 2594 si
2953 2533 3169 2612 jurare
3203 2537 3356 2611 vult,

1829 2622 1908 2683 ad
1956 2622 2290 2683 dicendam
2325 2622 2655 2685 veritatem
2690 2645 2703 2685 :
2738 2628 2947 2704 potest
2986 2627 3153 2688 enim
3197 2627 3360 2689 nolle

1819 2715 2057 2797 jurare,
2119 2718 2278 2777 teste
2333 2718 2614 2777 Navarro
2671 2717 2754 2777 ibi
2810 2718 3086 2781 adducto
3111 2766 3126 2797 ,
3190 2720 3361 2800 quod

1827 2808 1994 2868 idem
2062 2807 2215 2869 dicit
2282 2808 2564 2870 Sanchez
2616 2810 2867 2888 quando
2927 2816 3136 2874 custos
3190 2831 3363 2875 com-

1827 2901 2017 2962 mittit
2068 2900 2468 2961 conscientiae
2529 2901 2879 2979 vendentiS,
2931 2908 3001 2965 ut
3046 2904 3215 2966 dicat
3260 2925 3364 2967 ve-

1827 3012 1989 3069 rum,
2042 2992 2295 3072 quando
2323 3010 2474 3053 vero
2506 3010 2630 3054 non
2660 2994 2997 3058 remittitur
3040 2998 3364 3059 conscien-

1827 3086 1930 3148 tiae
1953 3131 1969 3162 ‚
2040 3084 2151 3146 sed
2219 3084 2584 3163 simpliciter
2650 3087 2998 3167 interrogat
3060 3089 3139 3150 de
3202 3109 3364 3151 mer·

1829 3179 2006 3241 cibus
2028 3225 2043 3256 ,
2099 3176 2422 3257 probabile
2451 3178 2762 3242 existimat
2801 3200 2926 3242 non
2980 3183 3247 3263 obligari
3281 3183 3362 3245 ad

1828 3272 2307 3347 restitutionem,
2369 3271 2418 3331 si
2475 3273 2837 3351 mentiatur,
2890 3277 3143 3355 quando
3191 3277 3363 3338 vide-

1829 3370 1931 3427 tur
1960 3363 2122 3443 exigi
2154 3382 2298 3424 cum
2324 3368 2454 3426 toto
2485 3366 2693 3444 rigore
2723 3385 2866 3427 cum
2894 3375 3107 3448 posset
3126 3371 3243 3431 sub
3266 3370 3364 3450 ju-

1830 3461 2117 3519 ramento
2142 3504 2159 3534 ,
2200 3457 2295 3517 vel
2335 3457 2455 3519 alio
2494 3459 2684 3520 modo
2714 3462 2967 3523 arctiori
3010 3464 3139 3541 peti
3172 3484 3185 3524 ε
3218 3483 3367 3543 pro-

1830 3550 2099 3612 babilius
2124 3555 2338 3611 tamen
2367 3550 2519 3611 dicit
2558 3553 2727 3630 quod
2757 3557 3050 3615 teneatur
3077 3557 3368 3618 restitue-

1832 3662 1922 3720 re,
1956 3642 2102 3723 quia
2121 3642 2371 3721 gabella
2399 3643 2615 3722 petita,
2648 3649 2930 3724 tenetur,
2973 3653 3037 3709 et
3055 3648 3191 3728 Jam
3218 3653 3368 3710 tunc

1833 3735 2088 3815 petitur.
2139 3735 2316 3807 Quod
2361 3753 2580 3796 verum
2624 3737 2874 3799 videtur
2918 3739 3100 3818 juxta
3151 3760 3368 3819 supra-

1834 3830 2021 3904 dicta,
2068 3826 2322 3907 quando
2365 3827 2670 3889 tributum
2710 3828 2951 3909 justum
2996 3835 3271 3910 putatur,
3304 3837 3370 3894 et

1834 3921 2117 3984 debitum
2145 3920 2365 3981 saltem
2430 3921 2482 3980 si
2536 3925 2805 3999 petatur,
2859 3942 3039 3985 secus
3080 3925 3133 3985 si
3157 3925 3368 3987 adhuc

1835 4015 2098 4095 petitum
2152 4017 2481 4093 putaretur
2535 4032 2671 4076 esse
2719 4015 2983 4078 nimium
3011 4022 3075 4081 et
3101 4019 3369 4080 excessi-

1834 4128 2006 4171 vum.

1914 4201 2213 4262 Limitant
2239 4203 2451 4261 autem
2479 4200 2763 4279 praedicti
2791 4205 3079 4265 auctores
3108 4205 3229 4267 hoc
3252 4253 3268 4284 ,
3300 4211 3370 4269 ut

1839 4313 1961 4355 non
2010 4294 2090 4354 sit
2138 4293 2435 4372 obligatio
2481 4294 2923 4356 manifestandi
2962 4301 3159 4359 totam
3204 4318 3372 4361 mer-

1838 4389 2006 4451 cium
2061 4387 2496 4466 quantitatem,
2559 4387 2810 4466 quando
2865 4395 3210 4469 exactores,
3270 4394 3369 4455 vel

1838 4480 2127 4542 custodes
2155 4479 2296 4540 ideo
2322 4498 2446 4539 non
2475 4480 2824 4558 petuntsub
2847 4482 3229 4562 juramento,
3259 4487 3369 4547 sed

1840 4573 2206 4652 simpliciter
2256 4572 2479 4634 stando
2542 4592 2759 4634 eorum
2815 4574 3022 4652 dictis,
3083 4578 3232 4655 quia
3272 4579 3372 4640 vel

1839 4671 2219 4728 mercatores
2246 4665 2435 4726 amici
2484 4670 2662 4742 sunt,
2697 4667 2795 4727 vel
2825 4667 2991 4728 viam
3037 4668 3207 4730 illam
3247 4671 3373 4732 fre-

1841 4757 2165 4841 quenta'nt,
2198 4758 2298 4818 vel
2326 4762 2561 4836 augent
2605 4777 2822 4819 eorum
2859 4761 3103 4821 lucrum
3145 4763 3206 4822 in
3260 4783 3374 4843 ga-

1840 4853 2038 4929 bellis,
2073 4855 2138 4912 et
2163 4850 2305 4911 ideo
2338 4850 2560 4912 nolunt
2586 4869 2831 4913 summo
2868 4853 3080 4932 rigore
3108 4873 3253 4917 cum
3283 4858 3373 4918 eis

1841 4964 2050 5026 agere,
2082 4943 2194 5004 sed
2222 4942 2632 5005 amicabiliter
2679 4948 2747 5006 ut
2782 4946 3011 5023 saepius
3054 4947 3319 5011 redeant
3350 4970 3367 5024 ;

1842 5056 2034 5118 quare
2058 5036 2193 5117 jam
2220 5035 2470 5096 videtur
2497 5035 2886 5097 intercedere
2934 5038 3124 5101 tacita
3151 5041 3371 5104 saltem

1842 5130 2216 5194 condonatio
2247 5128 2455 5208 quoad
2503 5132 2745 5206 partem
2795 5129 3069 5209 aliquem
3096 5134 3373 5196 rationa-

1840 5226 2060 5300 bilem,
2118 5223 2184 5283 in
2239 5240 2362 5301 quo
2401 5240 2550 5283 casu
2585 5223 2898 5284 consentit
2941 5224 3129 5285 etiam
3175 5229 3368 5308 Vasq.

1844 5318 1905 5379 d.
1939 5317 2090 5378 dub.
2130 5332 2201 5376 11.
2235 5332 2409 5376 num.
2442 5317 2540 5376 23.
2594 5333 2782 5393 quem
2827 5334 3042 5376 casum
3082 5318 3375 5399 frequen-

1843 5416 1972 5473 tem
2000 5427 2171 5485 esse,
2231 5411 2396 5468 etex
2433 5406 2554 5469 hoc
2598 5406 2800 5484 capite
2855 5408 3063 5486 plures
3109 5429 3185 5472 ex
3213 5432 3374 5476 mer-

3499 1804 3577 1862 45

3457 1928 3575 1982 Quid,
3597 1928 3632 1971 si

3430 1984 3679 2039 tabellarius

3512 2037 3602 2090 ejus

3424 2090 3684 2132 conscicntia

3434 2156 3481 2187 ne
3500 2144 3676 2187 remisit.

3513 4230 3594 4291 46

3415 4354 3519 4407 Quia
3569 4356 3605 4396 si
3632 4368 3714 4399 non

3438 4388 3540 4450 dixi}
3561 4415 3685 4473 cpiam

3463 4474 3657 4504 mercium

3430 4516 3714 4572 quantitatem.
