4263 6376
116 3588 173 3732 '⁵'ss

1193 301 1664 363 DISPUTATIO
1707 301 1925 379 XXIX,
1973 301 2247 367 SECTIO
2290 304 2393 366 VI.
3255 308 3370 366 ⁴67

235 475 398 537 tensi.
462 476 642 538 Unde
689 476 965 537 secundo
1007 475 1339 537 infeudans
1391 478 1619 539 retinet
1646 476 1750 557 jus

234 569 640 647 cognoscendi
671 569 747 630 de
791 587 980 630 causa
1018 571 1181 630 inter
1209 588 1315 631 eos
1358 570 1462 649 qui
1492 569 1750 631 feudum

235 661 561 741 possident,
610 661 708 721 vel
739 662 1136 740 praetendunt
1163 662 1331 741 quod
1362 663 1467 741 jus
1497 662 1750 723 domino

234 755 454 816 directo
503 773 630 815 non
669 755 966 832 competit
1007 755 1070 814 in
1114 755 1532 834 emphyteusi,
1591 755 1754 816 sicut

235 865 332 906 nec
365 847 653 908 locatori.
711 847 920 908 Tertio
959 847 1344 909 feudatarius
1385 866 1511 908 non
1547 849 1754 926 potest

234 939 473 1014 donare,
530 940 828 1015 alienare,
888 940 988 1000 vel
1026 940 1361 1001 transferre
1401 940 1659 1000 feudum
1684 939 1751 998 in

236 1032 431 1106 alium,
469 1051 588 1092 nec
618 1033 1062 1112 oppignorare,
1081 1031 1245 1094 sicut
1258 1037 1464 1111 potest
1488 1032 1753 1111 emphy-

233 1130 404 1186 teuta.
458 1125 695 1198 Quarto
724 1125 957 1184 femina
986 1143 1111 1185 non
1138 1124 1418 1185 succedit
1445 1125 1508 1184 in
1535 1124 1747 1200 feudo,

234 1218 331 1278 nisi
361 1219 774 1297 exprimatur,
826 1217 976 1296 quia
1016 1235 1140 1278 non
1183 1223 1387 1295 potest
1429 1217 1752 1278 servitium

235 1310 542 1389 personale
567 1309 886 1386 exhibere,
920 1309 1268 1388 praesertim
1298 1309 1564 1386 inbelle,
1597 1314 1661 1371 at
1688 1309 1752 1368 in

234 1403 614 1482 emphyteusi
643 1406 868 1481 potest,
927 1402 1074 1482 quia
1114 1403 1480 1482 pensionem
1518 1402 1753 1463 realem

236 1500 413 1574 potest
438 1496 605 1556 bene
636 1495 902 1556 solvere.
962 1495 1187 1568 Quinto
1231 1495 1615 1556 feudatarius
1646 1511 1754 1572 po-

233 1593 333 1650 test
357 1587 660 1648 abdicare
691 1606 727 1647 a
772 1606 838 1648 se
871 1587 1151 1664 feudum,
1207 1588 1355 1668 quia
1402 1592 1497 1649 est
1524 1588 1586 1649 in
1616 1586 1752 1666 ejus

233 1681 546 1742 utilitatem
597 1700 614 1740 ε
667 1680 1077 1758 emphyteuta
1122 1699 1246 1742 non
1280 1684 1503 1758 potest,
1553 1679 1750 1741 invito

233 1774 465 1834 domino
495 1773 927 1853 proprietatis»,
981 1773 1276 1833 abdicare
1325 1791 1361 1832 a
1391 1792 1456 1833 se
1488 1772 1754 1851 emphy-

232 1867 456 1941 teusim,
502 1867 670 1926 sicut
697 1884 813 1926 nec
842 1866 1191 1927 conductor
1216 1865 1511 1926 recedere
1539 1884 1579 1926 a
1606 1883 1752 1926 con-

233 1959 529 2035 ductione,
585 1958 734 2038 quia
761 1959 909 2019 data
950 1958 1065 2020 fuit
1091 1977 1193 2019 res
1236 1957 1317 2018 ad
1354 1976 1493 2018 eam
1532 1956 1753 2019 melio-

233 2053 474 2114 randam
501 2054 570 2112 et
588 2051 957 2112 solvendam
983 2051 1371 2129 pensionem.
1408 2053 1593 2112 Sexto
1626 2069 1752 2111 em·

233 2145 522 2224 phyteuta
553 2143 742 2204 debet
762 2144 1003 2204 solvere
1023 2144 1386 2223 pensionem
1408 2142 1596 2204 etiam
1625 2161 1751 2203 non

233 2237 554 2316 requisitus
613 2256 628 2296 :
687 2236 835 2315 quia
882 2235 1016 2296 dies
1064 2236 1314 2297 termini
1359 2234 1747 2314 interpellat;

232 2330 605 2392 feudatarius
631 2348 782 2390 vero
815 2348 935 2390 non
959 2328 1148 2390 debet
1172 2329 1494 2390 servitium
1523 2328 1644 2387 nisi
1673 2327 1764 2401 ab,

231 2422 579 2484 infeudante
609 2421 964 2502 requisitus.
1019 2422 1343 2484 Amittitur
1386 2425 1594 2483 autem
1627 2421 1754 2481 feu-

230 2516 385 2592 dum,
420 2520 486 2576 et
516 2514 682 2576 redit
711 2515 791 2574 ad
826 2514 1150 2576 dominum
1181 2515 1512 2591 directum,
1564 2514 1614 2574 si
1645 2513 1757 2574 ob-

233 2609 508 2688 sequium
542 2608 827 2668 debitum
870 2626 994 2669 non
1042 2612 1396 2687 praestetur,
1447 2607 1496 2667 si
1529 2607 1758 2666 aliene·

232 2707 380 2764 tura
420 2701 777 2762 feudatario
819 2701 953 2761 sine
995 2701 1233 2761 domini
1279 2700 1498 2761 directi
1543 2699 1761 2760 volun·

231 2798 376 2867 tate;
412 2794 467 2854 si
496 2811 827 2854 successor
854 2811 977 2853 non
1001 2797 1176 2871 petat
1197 2793 1630 2854 investituram
1658 2790 1759 2852 vel

232 2886 730 2959 renovationem;
780 2886 835 2946 si
878 2885 1262 2947 feudatarius
1309 2885 1589 2964 ingratus
1636 2882 1761 2945 exi·

232 2984 360 3054 stat,
409 2983 475 3041 et
514 2978 841 3039 dominum
872 2978 1151 3039 offendat
1178 2977 1476 3057 graviter,
1529 2976 1608 3036 de
1639 2992 1765 3055 qua

231 3089 408 3131 causa
456 3076 523 3132 et
558 3071 758 3149 gradu
805 3070 1170 3131 offensionis
1218 3073 1279 3130 et
1331 3070 1468 3130 aliis
1514 3067 1593 3129 ad
1635 3069 1765 3128 feu·

232 3163 368 3224 dum
399 3164 865 3244 pertinentibus
907 3163 1107 3225 videri
1157 3167 1362 3242 potest
1388 3164 1551 3223 Azor
1596 3163 1759 3241 part.

230 3258 326 3319 ln.
359 3258 472 3318 lib.
507 3274 570 3318 x.
603 3260 873 3318 tractatu
919 3257 1162 3336 integro
1191 3256 1261 3317 de
1292 3254 1503 3337 feudis,
1565 3272 1764 3335 usque

233 3350 304 3409 ad
331 3352 527 3410 finem
555 3349 720 3410 libri.

303 3442 679 3505 Libellarius
720 3462 829 3504 seu
875 3443 1216 3504 livellarius
1261 3445 1618 3504 contractus
1661 3458 1766 3500 va-

232 3536 347 3596 rias
375 3535 617 3596 habere
644 3535 802 3595 solet
851 3535 1360 3614 significationes,
1414 3534 1491 3594 dc
1539 3532 1767 3613 quibus

231 3630 386 3688 Azor
414 3627 570 3689 dict.
603 3627 712 3688 lib.
747 3629 821 3688 X.
857 3633 1039 3689 tract.
1073 3627 1143 3687 de
1170 3626 1551 3709 emphyteusi,
1585 3644 1680 3687 ca.
1717 3640 1761 3685 1.

234 3739 288 3800 q.
317 3724 377 3781 5.
412 3719 815 3781 communior
843 3720 1124 3798 acceptio
1173 3725 1267 3781 est
1297 3737 1409 3798 pro
1439 3721 1767 3780 contractu

232 3832 348 3893 quo
377 3813 818 3891 emphyteuta,
876 3812 976 3873 vel
1009 3812 1417 3889 feudatarius,
1484 3812 1592 3891 qui
1641 3828 1766 3871 non

233 3904 418 3966 habet
447 3905 800 3965 dominium
831 3904 1163 3981 directum,
1194 3924 1327 3966 rem
1350 3901 1769 3983 emphyteuti-

231 4015 363 4057 cam
389 3997 493 4057 vel
541 3997 856 4058 feudalem
898 3998 1011 4059 dat
1053 3999 1237 4060 tertio
1280 3998 1340 4057 in
1382 4014 1608 4058 novam
1640 4013 1773 4055 em-

231 4089 614 4167 phyteusim,
649 4108 757 4150 seu
787 4090 1067 4166 feudum,
1112 4096 1181 4151 ut
1211 4107 1353 4150 cum
1385 4093 1528 4150 Ant.
1564 4091 1773 4166 Negu-

231 4183 431 4244 santio
461 4181 795 4262 depiqnor.
830 4201 964 4261 par.
1001 4185 1077 4245 11.
1129 4182 1363 4243 memb.
1400 4197 1470 4242 11.
1525 4199 1632 4241 nu.
1666 4182 1767 4241 51.

234 4275 503 4354 explicat
529 4276 700 4337 Less.
736 4275 798 4337 d.
850 4293 988 4354 cap.
1024 4276 1241 4336 xxlv.
1293 4274 1444 4335 dub.
1478 4290 1522 4335 1.
1568 4292 1675 4334 nu.
1708 4275 1766 4333 6.

234 4368 485 4447 quando
518 4372 754 4444 autem,
797 4371 860 4428 et
888 4367 1203 4447 quomodo
1235 4366 1646 4446 emphyteuta
1673 4364 1773 4424 vel

233 4460 621 4523 feudatarius
650 4460 893 4540 possint
919 4461 980 4520 in
1011 4458 1623 4539 subempbyteusim,
1674 4457 1774 4518 vel

233 4552 614 4614 subfeudum
645 4571 779 4614 rem
809 4554 982 4628 dare,
1044 4557 1290 4614 constat
1332 4571 1406 4612 ex
1450 4551 1653 4627 dictis,
1713 4553 1778 4611 et

233 4645 310 4705 de
341 4646 769 4724 peculiaribus
798 4645 1261 4707 conditionibus
1302 4644 1589 4705 libellarii
1620 4660 1777 4704 con-

233 4741 471 4799 tractus
500 4738 699 4799 videri
727 4742 933 4818 potest
958 4741 1125 4799 Azor
1173 4739 1308 4799 loco
1356 4735 1637 4816 proxime
1666 4734 1772 4795 cit.

235 4833 360 4891 Nos
381 4831 518 4910 jam
548 4832 630 4892 ad
661 4831 816 4892 alios
846 4835 1201 4893 contractus
1229 4830 1433 4909 magis
1462 4828 1543 4888 ad
1570 4827 1778 4888 forum

235 4924 638 4987 conscientiae
666 4927 1021 5003 spectantes
1049 4923 1450 4986 accedamus.

2100 861 2795 957 DlSPUTATIO
2861 862 3129 957 XXX.

2180 1226 2254 1269 131³·
2283 1224 2637 1272 couruAcru
2665 1226 3039 1273 SOCIETATIS.

1854 1510 2074 1571 Sucrlo
2103 1512 2151 1572 Ι.
2202 1509 2374 1589 Quid,
2408 1521 2461 1573 et
2489 1512 2806 1594 quotuplex
2830 1512 2905 1573 sit
2930 1512 3168 1573 societas
3190 1559 3206 1590 ,
3239 1530 3386 1593 quo-

1929 1602 2100 1664 modo
2128 1604 2510 1665 contrahatur
2533 1615 2587 1667 et
2614 1605 2980 1668 dz'ssolvatur.

1853 1758 2076 1819 Sscr1o
2105 1759 2183 1819 11.
2215 1757 2306 1820 De
2332 1759 2512 1820 variis
2537 1760 2821 1822 societatis
2847 1759 3250 1823 contrahmdoe
3266 1779 3385 1821 mo-

1930 1848 2038 1926 dis,
2073 1858 2127 1911 et
2154 1848 2225 1912 de
2251 1870 2449 1912 eorum
2462 1852 2503 1932 j
2506 1853 2725 1927 ustitia,
2758 1853 2850 1914 vel
2876 1853 3182 1934 injustitia.

1852 2005 2074 2066 Sserlo
2102 2006 2213 2068 111.
2279 2004 2366 2066 De
2401 2005 2843 2086 obliqatz’onibus
2886 2006 3172 2067 sociorum
3201 2006 3282 2068 ad
3304 2006 3387 2066 in-

1927 2115 2129 2161 vacem.

1854 2252 2077 2313 snm-10
2105 2254 2209 2314 IV.
2272 2252 2412 2327 Quoe
2435 2263 2609 2335 pacta
2637 2254 2794 2314 licita
2821 2255 2935 2314 sint
2976 2253 3035 2313 in
3074 2253 3340 2314 societate
3366 2272 3391 2314 .·

1932 2343 2037 2404 ubi
2054 2343 2125 2406 de
2154 2344 2309 2406 bulla
2332 2346 2498 2407 Siaeti
2532 2347 2597 2410 V.
2644 2356 2698 2408 et
2726 2347 2796 2408 de
2812 2355 2989 2429 pacto
3017 2347 3391 2408 assecuratio-

1933 2437 2022 2498 nis
2049 2438 2207 2498 circa
2235 2439 2480 2520 capitale
2505 2449 2561 2501 et
2586 2439 2833 2504 lucrum.

1857 2594 2078 2654 Secrxo
2107 2595 2184 2656 V.
2216 2593 2307 2654 De
2331 2595 2603 2659 societate
2629 2596 2787 2656 circa
2814 2594 3037 2677 officia,
3066 2615 3142 2656 cm
3169 2604 3223 2656 et
3252 2613 3392 2676 quo-

1931 2685 2103 2747 modo
2131 2685 2293 2749 licita
2318 2688 2415 2750 sit.

1944 2987 2312 3048 Contractus
2358 2986 2460 3048 hic
2504 2987 3042 3068 frequentissimus
3089 2990 3274 3050 hodie
3304 2991 3399 3050 est

1865 3079 2032 3158 apud
2064 3098 2282 3140 omnes
2311 3079 2637 3141 hominum
2667 3081 3054 3143 conditiones
3092 3102 3105 3143 :
3157 3099 3399 3143 merca-

1864 3176 2032 3235 tores
2075 3174 2242 3234 enim
2289 3172 2370 3235 ad
2418 3173 2686 3235 invicem
2733 3174 3094 3236 societatem
3139 3175 3393 3251 ineunt;

1866 3267 1969 3327 alii
2001 3267 2188 3328 etiam
2219 3267 2395 3329 multi
2419 3268 3167 3348 negotiationisimperiti,
3200 3269 3400 3331 socie-

1865 3364 2058 3421 tatem
2090 3360 2324 3420 habere
2345 3361 2563 3422 volunt
2582 3379 2725 3421 cum
2753 3362 3232 3437 mercatoribuS‚
3267 3362 3399 3441 qui-

1863 3451 1980 3513 bus
2007 3453 2310 3533 pecunias
2341 3473 2484 3514 suas
2517 3454 2596 3514 ad
2625 3455 3076 3534 negotiandum
3105 3456 3399 3517 commit-

1865 3549 2024 3607 tunt.
2061 3546 2313 3607 Nobiles
2342 3548 2554 3624 etiam,
2590 3551 2652 3608 ot
2676 3538 2973 3626 religiosi,
3008 3565 3079 3609 ac
3109 3548 3403 3610 ecclesia·

1867 3638 2004 3699 stici
2033 3639 2398 3699 societatem
2445 3639 2825 3702 contrahunt
2871 3659 3011 3701 cum
3064 3641 3311 3701 rusticis
3341 3643 3405 3702 et

1868 3731 2124 3808 colonis,
2186 3732 2411 3810 quibus
2453 3750 2638 3810 agros
2685 3751 2829 3793 suos
2876 3733 3237 3812 frequenter
3279 3751 3401 3794 non

1868 3824 2097 3900 locant,
2158 3823 2269 3883 sed
2317 3824 2469 3886 dant
2513 3824 2594 3884 ad
2641 3825 3027 3902 societatem,
3087 3830 3149 3887 et
3194 3826 3283 3886 sic
3325 3825 3403 3886 de

1871 3916 2028 3976 aliis.
2076 3918 2337 3994 Oportet
2364 3934 2514 3995 ergo
2546 3922 2835 3977 naturam
2866 3921 2928 3978 et
2948 3917 3256 3996 justitiam
3285 3918 3403 3978 hu-

1864 4008 1968 4088 jus
1998 4013 2354 4070 contractus
2403 4027 2530 4087 prae
2579 4009 2772 4069 oculis
2810 4008 3066 4086 habere,
3120 4014 3187 4071 ut
3214 4010 3407 4091 possi-

1871 4119 2011 4162 mus
2055 4101 2236 4162 facile
2279 4120 2618 4179 agnoscere
2665 4101 2917 4163 fraudes
2968 4121 3108 4183 quae
3153 4103 3215 4164 in
3272 4104 3408 4183 ipso

1871 4198 2136 4273 possunt
2159 4194 2560 4257 intervenire.

2388 4619 2810 4703 SEGTlss
2876 4622 2932 4706 Ι.

1885 4920 2060 4996 Quid,
2112 4929 2168 4981 et
2209 4922 2526 5002 quotuplex
2564 4922 2639 4982 sit
2666 4923 2925 5001 societas,
2975 4927 3260 5006 quomodo
3287 4946 3418 4990 con·

2254 5027 2548 5103 trahatur,
2582 5037 2636 5089 et
2663 5028 3034 5094 dissolvatur.

1962 5293 2248 5355 Societas
2293 5299 2388 5357 est
2416 5305 2765 5373 contractus,
2815 5317 2914 5359 seu
2960 5300 3257 5362 conventio
3289 5301 3427 5384 plu·
3620 5317 3649 5375 1

1879 5386 2041 5446 rium
2095 5386 2503 5449 contribuendi
2544 5389 2625 5451 ad
2666 5409 2965 5454 commune
3007 5393 3237 5454 lucrum
3263 5441 3278 5472 ,
3340 5396 3431 5457 ve!
3523 5414 3742 5459 Societas·

1879 5497 2070 5541 usum.
2131 5481 2504 5560 Appellatur
2548 5485 2866 5563 conventio,
2926 5486 3072 5566 quia
3117 5504 3427 5550 consensu
3507 5478 3756 5577 „ffiffffi
