4263 6376
1146 337 1617 399 DISPUTATIO
1662 337 1765 397 XX
1782 336 1934 412 VIII,
1987 335 2262 397 SECTIO
2305 338 2380 396 ΙΙ.

215 512 403 591 gelum
441 511 522 571 ibi
567 530 627 572 n.
678 515 738 573 4.
770 511 1069 588 dicenteS,
1114 513 1314 573 teneri
1347 514 1427 574 ad
1455 512 1707 574 restitu-

214 605 425 666 tionem
470 604 575 683 qui
603 604 820 664 falsam
866 609 1185 666 monetam
1215 606 1579 682 ignoranter
1604 622 1712 665 ac-

216 701 436 776 ceptam
465 697 728 756 scienter
774 697 1100 775 expendit;
1137 699 1300 758 unde
1331 717 1368 759 a
1397 698 1708 759 contrario

214 807 420 866 negare
448 790 734 849 videntur
785 808 922 848 eam
954 790 1424 869 obligationem,
1458 791 1708 870 quando

214 883 547 960 ignoranter
589 882 774 942 etiam
817 883 1133 961 expendit.
1180 884 1572 944 contrariam
1618 890 1707 945 ta-

213 992 338 1033 men
358 974 716 1035 sententiam
736 974 920 1035 docet
941 978 1158 1036 Petrus
1177 978 1454 1036 Navarra
1469 976 1577 1036 lib.
1597 978 1703 1038 111.

213 1064 272 1126 de
294 1076 418 1127 rese.
448 1084 501 1126 c.
537 1082 583 1127 1.
616 1085 677 1127 n.
711 1069 850 1127 312.
886 1072 947 1127 et
973 1067 1211 1130 indicat
1238 1071 1467 1129 Navar.
1502 1068 1561 1128 in
1591 1088 1711 1128 ma-

212 1158 357 1218 nuali
400 1177 452 1219 c.
502 1176 655 1220 xvn.
704 1178 764 1219 n.
820 1163 954 1220 167.
1007 1165 1069 1221 et
1096 1159 1487 1239 probabilem
1530 1164 1711 1241 putat

212 1252 385 1311 Diana
409 1251 514 1311 ubi
540 1270 729 1330 supra
750 1257 811 1312 et
839 1253 1065 1312 clarius
1095 1253 1259 1313 idem
1289 1258 1461 1315 tenet
1478 1254 1709 1314 Melina

211 1344 263 1403 d.
294 1344 440 1423 disp.
490 1347 627 1406 702.
664 1345 724 1404 in
769 1344 875 1406 fin.
908 1347 1042 1424 Ego
1074 1351 1284 1407 tamen
1317 1346 1708 1425 dist-inguen-

210 1436 339 1496 dum
382 1436 661 1498 existimo
699 1438 875 1516 juxta
926 1457 1002 1498 ea
1050 1458 1190 1518 quae
1238 1438 1471 1498 tradidi
1516 1458 1706 1516 supra

209 1528 345 1605 disp.
376 1544 523 1589 xvn.
577 1533 730 1590 sect.
765 1529 873 1591 ult.
909 1531 985 1590 de
1016 1549 1090 1590 eo
1136 1531 1243 1610 qui
1272 1549 1405 1590 rem
1435 1531 1705 1591 alienam

207 1620 352 1680 bona
374 1620 493 1680 fide
522 1621 673 1681 emit
700 1627 763 1683 et
791 1622 1092 1697 vendidit,
1128 1641 1243 1683 nec
1273 1622 1471 1682 factus
1502 1629 1595 1685 est
1623 1624 1709 1683 lo-

207 1712 501 1789 cupletior,
536 1712 641 1772 ubi
665 1714 812 1785 dixi,
847 1719 995 1775 tunc
1015 1715 1215 1775 solum
1233 1716 1431 1775 teneri
1463 1721 1701 1794 postea,

206 1804 438 1865 veritate
466 1809 813 1883 comperta,
846 1807 924 1865 ad
949 1807 1404 1868 restituendum
1435 1809 1705 1887 pretium

206 1895 463 1975 emptori,
498 1898 752 1977 quando
802 1904 1050 1978 emptor
1088 1901 1196 1979 qui
1227 1901 1306 1960 ab
1356 1901 1490 1980 ipso
1529 1902 1699 1978 emit,

204 1990 475 2049 damnum
503 2008 723 2068 passus
746 1996 860 2067 est,
894 2011 962 2054 re
992 1994 1071 2053 ab
1095 2011 1168 2054 eo
1198 1994 1420 2070 evicta,
1455 1994 1553 2054 vel
1583 1995 1704 2055 alio

203 2082 395 2153 modo;
444 2102 625 2144 secus
670 2103 819 2145 vero
868 2086 915 2145 si
964 2091 1211 2165 emptor
1258 2086 1559 2164 discessit,
1605 2087 1704 2146 vel

205 2193 316 2234 rem
344 2177 726 2255 consumpsit
741 2182 851 2238 aut
879 2178 1186 2254 distraxit,
1215 2182 1323 2239 aut
1351 2180 1530 2241 aliter
1556 2180 1705 2240 libe-

204 2273 352 2327 ratus
391 2274 484 2331 est
510 2270 592 2329 ab
625 2271 796 2330 omni
845 2271 1232 2331 restitutione
1263 2272 1571 2333 facienda.
1609 2274 1707 2333 Si·

202 2359 404 2421 milit-er
443 2379 594 2440 ergo
640 2363 702 2421 in
745 2381 893 2423 casu
924 2370 1135 2425 nostro
1167 2364 1504 2424 dicendum
1534 2365 1703 2425 vide-

202 2458 305 2528 tur,
360 2458 614 2533 prepter
667 2455 954 2515 eamdem
1007 2456 1336 2532 rationem,
1397 2475 1540 2516 eum
1596 2458 1699 2536 qui

198 2544 343 2604 hona
394 2546 515 2605 fide
571 2551 892 2607 monetam
950 2547 1169 2607 falsam
1227 2549 1523 2627 expendit
1578 2568 1701 2609 non

198 2637 374 2697 factus
410 2656 483 2697 ea
529 2638 610 2698 de
656 2657 842 2699 causa
875 2640 1261 2719 locupletior,
1313 2646 1460 2701 tunc
1500 2642 1702 2702 solum

198 2731 369 2789 teneri
399 2730 474 2790 ad
514 2732 994 2807 restituendum,
1030 2734 1281 2811 quando
1330 2734 1403 2810 is,
1440 2736 1539 2794 cui
1571 2735 1701 2814 ipse

200 2824 498 2899 pecuniam
574 2823 747 2882 illam
803 2824 1008 2893 solvit,
1068 2843 1291 2903 passus
1346 2830 1440 2886 est
1494 2845 1567 2886 ea
1623 2828 1701 2888 de

198 2932 363 2974 causa
388 2914 833 2977 detrimentum
863 2917 1114 2995 aliquod
1139 2938 1153 2990 ;
1187 2917 1240 2977 si
1268 2918 1434 2977 enim
1463 2920 1701 2979 nullum

198 3006 432 3066 detrime
460 3018 617 3069 tum
676 3026 896 3086 passus
951 3014 1065 3081 est,
1127 3010 1274 3089 quia
1329 3011 1461 3089 ipse
1512 3013 1701 3073 etiam

197 3098 340 3157 bona
381 3099 502 3160 fide
548 3119 693 3160 eam
741 3102 1057 3179 expendit,
1094 3106 1154 3162 et
1204 3104 1390 3164 solvit
1418 3107 1702 3181 personis

198 3191 420 3268 ignotis,
453 3194 684 3272 quibus
725 3195 1052 3255 restituere
1084 3214 1204 3256 non
1250 3202 1520 3275 tenetur,
1555 3199 1700 3277 quia

198 3286 389 3358 nescit,
451 3304 528 3346 an
578 3286 732 3364 ipsae
778 3288 967 3348 etiam
1010 3289 1455 3350 detrimentum
1500 3310 1700 3369 passm

197 3376 320 3451 sint,
364 3377 521 3438 liber
564 3379 687 3439 erit
727 3379 917 3439 etiam
965 3380 1066 3439 ille
1105 3381 1343 3459 primus
1382 3382 1464 3443 ab
1504 3401 1700 3444 onere

195 3470 533 3531 restituendi
568 3492 585 3532 ε
616 3471 760 3530 vide
790 3490 929 3550 quae
957 3472 1226 3532 diximus
1253 3474 1390 3536 loco
1421 3476 1525 3536 cit.
1560 3495 1700 3556 quae

194 3561 263 3620 ad
293 3561 400 3623 hoc
428 3563 619 3623 etiam
651 3563 953 3643 applicari
983 3570 1277 3641 possunt:
1306 3569 1432 3627 Nec
1462 3568 1700 3629 alienus

196 3654 418 3715 videtur
457 3658 687 3726 Navar‚
734 3661 814 3715 ab
860 3656 977 3716 hac
1013 3660 1342 3730 sententia,
1405 3661 1508 3740 qui
1556 3663 1702 3723 licet

195 3745 440 3822 dixisset,
502 3767 629 3808 non
679 3749 963 3810 obstante
993 3750 1157 3810 bona
1204 3752 1327 3811 fide
1358 3753 1695 3831 praeterita,

193 3857 311 3898 esse
339 3846 552 3918 postea
594 3840 1042 3920 obligationem
1083 3844 1473 3922 restituendi,
1516 3846 1578 3905 id
1606 3851 1702 3906 ta-

194 3949 319 3990 men
345 3931 569 3994 limitat
597 3933 694 3992 his
719 3933 958 3995 verbis:
986 3956 1013 3989 (ι
1030 3936 1153 3995 Sed
1174 3941 1391 4015 postea
1413 3938 1700 4014 ignoran-

194 4023 265 4082 tia
292 4043 561 4103 excussa,
597 4026 999 4087 damnificato
1031 4029 1387 4089 satisfacere
1431 4035 1697 4107 tenetur,

194 4120 246 4175 et
285 4117 517 4194 saltem,
574 4119 627 4179 si
671 4119 804 4197 ipse
853 4119 968 4180 fuit
1009 4121 1072 4179 in
1101 4121 1287 4199 culpa
1333 4123 1697 4201 accipiendo

194 4209 394 4269 talsum
422 4229 536 4289 pro
566 4228 749 4281 γενος
783 4233 811 4269 »
850 4230 1044 4290 quare
1076 4232 1198 4274 non
1218 4214 1465 4275 videtur
1486 4217 1546 4275 in
1571 4216 1701 4274 uni·

195 4317 417 4360 versum
441 4303 633 4363 talem
664 4303 1114 4381 obligationem
1142 4324 1509 4383 agnoscere.

263 4393 360 4452 His
387 4393 743 4473 suppositis,
777 4394 973 4457 multa
994 4395 1361 4458 dubitantur
1390 4399 1556 4459 circa
1582 4399 1700 4459 hoc

194 4486 483 4546 cambium
528 4487 845 4564 manuale,
898 4493 960 4548 et
991 4489 1158 4549 circa
1186 4508 1261 4548 ea
1288 4508 1427 4569 quae
1457 4496 1698 4552 mutato

131 4611 136 4619 ·
195 4584 437 4639 monetae
465 4579 677 4639 valore
710 4597 1037 4641 occurrere
1068 4588 1348 4659 possunt.

264 4670 330 4729 Et
355 4671 551 4748 primo
582 4670 857 4733 dubitari
886 4673 1062 4749 solet,
1096 4692 1173 4732 an
1216 4675 1278 4733 in
1316 4676 1560 4736 cambio
1590 4677 1702 4736 mi-

194 4766 346 4834 nuto,
391 4782 501 4825 seu
542 4765 818 4824 manuali
856 4765 1041 4826 liceat
1084 4765 1327 4826 lucrum
1384 4769 1694 4846 accipere,

193 4856 421 4930 quando
469 4857 657 4918 datur
684 4875 811 4916 una
839 4863 1094 4919 moneta
1119 4877 1234 4937 pro
1265 4859 1385 4920 alia
1417 4860 1698 4938 ejusdem

191 4947 396 5009 valoris
440 4949 682 5027 legalis.
721 4953 835 5010 Pro
868 4969 992 5029 quo
1023 4957 1085 5012 et
1113 4970 1226 5031 pro
1258 4952 1538 5013 dicendis
1569 4959 1697 5015 tota

192 5037 294 5097 hac
319 5040 758 5118 disputatione,
794 5042 1152 5104 habendum
1186 5062 1314 5121 prae
1345 5046 1541 5105 oculis
1578 5052 1692 5122 est,

191 5129 532 5208 injustitiam
591 5134 980 5194 cambiarum
1035 5154 1110 5195 ex
1166 5135 1399 5215 duplici
1455 5138 1698 5216 potissi-

191 5240 343 5283 mum
417 5226 622 5305 capite
677 5227 1011 5304 provenire
1067 5228 1290 5289 solere.
1354 5230 1560 5290 Primo
1620 5249 1697 5290 ex

192 5333 359 5374 usura
402 5317 705 5396 implicita
755 5324 1066 5398 quatenus
1104 5321 1346 5381 lucrum
1393 5322 1700 5400 accipitur

190 5406 261 5465 ob
285 5410 576 5488 temporis
603 5409 990 5484 dilationem,
1024 5430 1149 5491 qua
1176 5413 1443 5491 pecunia
1469 5432 1503 5473 a
1534 5432 1699 5476 cam·

192 5500 377 5576 psario
407 5502 729 5563 reddenda
759 5507 872 5582 est,
922 5509 987 5566 et
1027 5505 1147 5567 hoc
1175 5506 1395 5566 vitium
1425 5507 1697 5568 maxime

3225 337 3344 395 389

1810 511 2011 573 timeri
2043 511 2232 572 debet
2260 510 2322 570 in
2352 511 2596 571 cambio
2627 511 2832 586 locali,
2868 511 2929 570 in
2971 529 3096 591 quo
3126 511 3206 570 ob
3237 529 3344 569 an-

1808 604 2129 683 ticipatam
2158 603 2527 664 solutionem
2555 622 2680 683 qua
2710 621 3000 682 campsor
3028 603 3136 663 dat
3164 622 3345 663 suam

1808 697 2162 776 pecuniam,
2212 696 2438 774 accipit
2468 696 2605 775 plus
2634 716 2673 757 a
2715 696 3088 774 campsario,
3126 695 3189 755 in
3219 696 3342 756 alio

1806 789 1942 849 loco
1991 789 2230 868 absque
2274 789 2396 848 alio
2440 807 2586 849 vero
2617 790 2795 850 titulo
2845 788 3217 868 accipiendi,
3264 789 3342 848 de

1811 900 1933 962 quo
1976 886 2195 960 postea
2240 882 2576 942 dicendum
2626 887 2738 942 est.
2795 881 3086 943 Secundo
3136 885 3344 959 potest

1810 975 2124 1035 cambium
2156 993 2290 1034 esse
2336 972 2635 1052 injustum
2665 979 2919 1053 propter
2948 974 3341 1053 inaequalita-

1807 1071 1934 1128 tem
1963 1067 2125 1128 inter
2155 1067 2372 1127 datum
2403 1071 2465 1126 et
2492 1071 2844 1145 acceptum,
2879 1071 3192 1145 quatenus
3223 1085 3338 1146 pro

1807 1178 1933 1219 una
1963 1160 2229 1238 pecunia
2260 1159 2408 1219 data
2435 1160 2740 1238 accipitur
2778 1161 2918 1238 plus
2946 1160 3200 1220 alterius
3230 1178 3340 1236 pe-

1808 1252 2029 1328 cuniae,
2065 1252 2242 1331 cujus
2272 1252 2467 1311 valori
2499 1270 2619 1311 non
2664 1253 3000 1331 aequivalet
3028 1251 3193 1329 quod
3225 1251 3338 1311 da-

1803 1350 1936 1406 tum
1978 1345 2184 1405 fuerat
2214 1365 2227 1404 :
2263 1345 2325 1404 in
2372 1363 2495 1424 quo
2546 1362 2669 1404 non
2727 1344 3064 1404 intervenit
3117 1363 3328 1419 usura,

1805 1438 1913 1498 sed
1963 1456 2253 1498 excessus
2297 1438 2563 1516 injustus
2609 1438 2699 1497 rei
2731 1442 3003 1514 acceptae
3051 1454 3240 1516 supra
3270 1436 3334 1495 id

1805 1530 1972 1608 quod
2020 1530 2227 1606 datur,
2262 1529 2514 1609 quando
2554 1548 2677 1590 non
2707 1530 2982 1609 suppetit
3011 1529 3168 1589 alius
3199 1528 3335 1608 jus-

1803 1627 1903 1684 tns
1934 1622 2148 1683 titulus
2177 1641 2498 1682 excessum
2529 1623 2702 1682 illum
2735 1622 3101 1702 accipiendi.

1886 1714 2151 1786 Quidam
2185 1733 2332 1793 ergo
2363 1716 2425 1774 in
2455 1716 2813 1776 universum
2831 1720 3030 1775 artem
3053 1733 3334 1793 campso-

1802 1904 1904 1961 tur
1947 1900 2279 1974 Hostiensi,
2328 1901 2664 1974 Antonine,
2726 1902 3022 1975 MercatO,
3083 1904 3144 1960 et
3199 1899 3334 1959 aliis

1806 2010 1962 2072 quos
2004 1993 2194 2053 refert
2241 1993 2416 2052 Salas
2464 1992 2567 2051 ubi
2611 2011 2798 2071 supra
2846 1992 2996 2053 dub.
3045 2008 3139 2053 111.
3174 2011 3236 2053 n.
3269 1997 3328 2052 7.

1805 2103 2021 2145 omnes
2067 2089 2279 2145 tamen
2330 2085 2620 2144 doctores
2667 2085 2964 2163 theologi,
2999 2089 3061 2145 et
3091 2083 3334 2161 juristoe

1805 2177 2110 2257 ejusmodi
2151 2178 2393 2236 lucrum
2442 2177 2813 2255 approbant,
2849 2178 2899 2236 si
2950 2177 3177 2237 debitae
3219 2178 3334 2237 cir·

1803 2271 2197 2330 cumstantiae
2255 2269 2693 2345 interveniant,
2728 2289 2884 2351 quos
2942 2270 3222 2346 congerit
3274 2274 3337 2332 et

1802 2364 2083 2441 sequitur
2127 2362 2295 2421 idem
2340 2364 2515 2423 Salas
2546 2363 2652 2438 ibi,
2688 2368 2750 2423 et
2777 2366 3020 2424 constat
3061 2382 3132 2423 ex
3163 2363 3335 2423 bulla

1803 2456 1894 2515 Pii
1924 2458 1997 2515 V.
2032 2456 2439 2534 approbantis
2469 2456 2736 2531 cambia,
2764 2456 2841 2516 de
2873 2474 2996 2535 qua
3025 2455 3187 2515 infra
3218 2455 3336 2516 erit

1802 2566 2029 2608 sermo,
2062 2547 2405 2627 Loquendo
2436 2553 2644 2608 autem
2668 2547 2745 2607 de
2763 2549 3008 2608 cambio
3031 2548 3327 2623 manuali,

1800 2641 2121 2719 iustificari
2151 2643 2355 2718 potest
2387 2640 2625 2700 lucrum
2657 2639 2804 2700 illud
2840 2659 3028 2720 supra
3055 2641 3332 2702 valorem

1801 2732 2082 2813 pecunia>
2138 2750 2278 2811 quae
2342 2733 2660 2811 recipitur,
2719 2733 2932 2793 multIs
2981 2733 3196 2809 titulis,
3253 2734 3332 2792 de

1803 2826 2027 2905 quibus
2068 2828 2238 2886 Less,
2287 2844 2340 2886 c.
2393 2842 2569 2885 xxm.
2605 2825 2754 2886 dub.
2791 2842 2858 2886 11.
2906 2826 3139 2887 Molina
3168 2827 3326 2905 disp.

1801 2922 1937 2981 399.
1974 2924 2036 2980 et
2063 2918 2170 2978 alii
2200 2920 2636 2979 communiter.

1881 3010 2126 3071 Primus
2188 3016 2280 3070 est
2335 3011 2574 3071 ratione
2630 3011 2784 3070 lucri
2848 3013 3171 3087 cessantis,
3232 3014 3330 3073 vel

1802 3104 2013 3164 damni
2071 3104 2466 3183 emergentiS,
2545 3109 2613 3165 ut
2668 3104 2718 3164 si
2766 3104 3021 3165 volebas
3079 3105 3326 3165 deferre

1801 3216 2089 3257 nummos
2118 3203 2258 3257 tuos
2307 3198 2383 3255 ad
2414 3195 2619 3257 locum
2667 3197 2881 3273 alium,
2918 3198 3025 3258 ubi
3056 3199 3194 3278 plus
3221 3218 3333 3259 va-

1800 3291 1950 3366 lent,
1988 3295 2050 3350 et
2095 3291 2158 3349 in
2205 3291 2472 3368 gratiam
2519 3291 2848 3370 campsarii
2895 3292 3134 3351 lucrum
3180 3293 3331 3352 illud

1801 3383 2052 3458 amittis,
2088 3384 2164 3441 de
2196 3403 2318 3462 quo
2363 3383 2541 3444 titulo
2575 3384 2742 3443 nulla
2775 3389 2869 3445 est
2898 3384 3227 3462 dubitatio,
3265 3391 3334 3448 ut

1799 3477 2074 3536 fatentur
2101 3479 2329 3537 Navar.
2365 3478 2608 3537 Valent.
2644 3478 2806 3539 Med.
2843 3476 3037 3555 Cajet.
3080 3477 3325 3540 Silvest.

1801 3573 1864 3628 et
1909 3567 2032 3643 alii,
2068 3587 2225 3646 quos
2253 3570 2436 3629 affert
2473 3573 2535 3629 et
2577 3569 2859 3648 sequitur
2887 3570 3064 3630 Salas
3095 3570 3199 3630 ubi
3232 3591 3330 3630 su-

1800 3678 1913 3740 pra
1936 3679 1995 3721 n.
2028 3664 2087 3722 1.

1883 3753 2208 3812 Secundus
2259 3753 2471 3813 titulus
2523 3757 2616 3812 est
2656 3753 2900 3814 ratione
2940 3755 3129 3814 officii
3158 3773 3328 3815 cam-

1800 3845 2011 3905 biendi
2045 3864 2078 3904 a
2110 3846 2412 3924 principe,
2437 3845 2533 3904 vel
2555 3845 2874 3922 republica
2891 3845 3000 3907 tibi
3023 3846 3281 3925 injuncti
3313 3870 3326 3908 :

1802 3956 1945 3996 nam
1992 3938 2290 4014 obligatio
2339 3938 2441 3996 illa
2484 3956 2673 4016 quam
2717 3957 2793 3996 ex
2823 3938 3026 3998 officio
3068 3940 3330 4018 suscipis

1802 4030 2072 4089 habendi
2105 4048 2353 4107 semper
2382 4030 2713 4108 pecuniam
2744 4035 3029 4109 paratam
3062 4031 3142 4091 ad
3166 4051 3330 4092 cam-

1800 4123 2121 4196 biendum,
2167 4123 2558 4182 custodiendi
2601 4124 2798 4193 illam,
2830 4124 3101 4185 habendi
3132 4126 3332 4186 famu-

1799 4215 1891 4274 los
1939 4219 2001 4274 et
2046 4214 2386 4290 ministros,
2433 4215 2741 4276 subeundi
2781 4218 3055 4294 pericula
3107 4220 3326 4296 multa,

1801 4312 1864 4368 et
1892 4307 2009 4367 alia
2060 4307 2391 4386 ejusmodi,
2426 4312 2571 4368 sunt
2599 4309 2799 4386 pretio
2832 4310 3042 4389 aliquo
3073 4314 3135 4370 et
3163 4329 3333 4371 com-

1801 4399 2166 4477 pensatione
2195 4401 2422 4478 digna;
2458 4419 2651 4479 quare
2677 4420 2747 4461 eo
2782 4402 2957 4463 titulo
2981 4401 3220 4481 justum
3245 4405 3331 4464 lu-

1801 4510 1974 4552 crum
2039 4511 2076 4550 a
2145 4494 2511 4570 campsariis
2579 4495 2856 4572 recipere
2926 4500 3139 4574 poteS,
3215 4498 3327 4557 nisi

1802 4585 2052 4645 aliunde
2101 4587 2414 4646 sutticiens
2443 4587 2820 4666 stipendium
2853 4607 2888 4646 a
2919 4588 3201 4668 principe
3229 4591 3330 4650 vel

1799 4677 2122 4756 republica
2148 4679 2439 4757 accipias,
2466 4682 2542 4740 Et
2572 4680 2687 4740 hoc
2707 4700 2830 4740 non
2853 4683 3054 4741 solum
3077 4684 3329 4760 quando

1800 4775 2116 4831 monetam
2175 4790 2468 4850 magnam
2525 4792 2637 4851 pro
2692 4793 2909 4852 parva,
2961 4781 3029 4835 ut
3073 4794 3331 4836 auream

1800 4881 1913 4940 pro
1963 4868 2284 4941 argentea,
2331 4865 2429 4924 vel
2474 4883 2659 4940 terea,
2707 4866 2816 4925 sed
2860 4866 3045 4927 etiam
3078 4869 3330 4945 quando

1800 4971 2059 5033 parvam
2126 4974 2239 5033 pro
2310 4976 2562 5035 magna,
2640 4962 2708 5018 ut
2778 4962 3166 5034 argenteam,
3229 4961 3326 5020 vel

1801 5066 2029 5107 aeream
2072 5066 2184 5125 pro
2232 5068 2423 5109 aurea
2467 5050 2672 5126 dareS,
2721 5055 2789 5111 ut
2831 5054 3049 5110 notant
3082 5051 3331 5113 hessius

1800 5139 1906 5199 ubi
1943 5159 2153 5217 supra,
2187 5146 2250 5202 et
2280 5143 2455 5203 Salas
2486 5162 2545 5202 n.
2579 5147 2635 5202 Ξ.

1878 5233 2122 5292 Tertius
2152 5234 2364 5294 titulus
2394 5240 2487 5296 est
2527 5234 2705 5294 labor
2733 5235 3101 5295 numerandi
3136 5255 3327 5314 pecu-

1801 5325 1990 5400 niam,
2041 5343 2155 5403 pro
2198 5344 2320 5404 quo
2352 5346 2532 5405 posse
2576 5329 2815 5386 lucrum
2847 5328 3043 5407 accipi
3074 5331 3331 5407 negavit

1800 5416 1993 5496 Cajet.
2028 5435 2243 5494 opusc.
2278 5417 2347 5477 de
2373 5417 2629 5493 cambiis,
2664 5437 2717 5478 c.
2770 5436 2810 5479 1.
2847 5419 2993 5498 qnia
3023 5419 3124 5479 hic
3153 5421 3331 5481 labor

1801 5528 1921 5569 non
1968 5515 2062 5569 est
2090 5511 2289 5589 pretio
2329 5511 2732 5588 aestimabilis,
2786 5517 2848 5573 et
2887 5521 3330 5592 compensatur

3521 1721 3560 1780 8

3464 1899 3510 1940 ad
3535 1860 3633 1942 hoc¹

3451 1953 3625 1996 lucrum.
