4263 6376
521 4562 633 4622 201

419 4684 594 4730 Domlio
612 4687 720 4731 ino!-

436 4739 578 4783 flciosa
593 4754 698 4796 quo·

431 4793 555 4836 nodo
573 4807 696 4837 revo-

443 4847 528 4889 0011
547 4849 694 4902 possit.

785 291 863 349 52

788 464 1041 526 donatio
1069 463 1175 524 illa
1204 463 1544 525 inofficiosa
1555 461 1914 542 juramento
1944 462 2313 523 confirmata

787 560 887 633 sit,
935 558 1141 618 adbuc
1168 557 1446 618 revocari
1478 558 1708 635 poterit
1734 555 1940 635 quoad
1970 555 2141 616 illam
2171 574 2316 633 por-

787 651 1042 725 tionem,
1078 651 1224 729 quia
1253 668 1372 711 non
1401 650 1604 728 potuit
1616 649 2043 727 juramentum
2072 648 2137 706 in
2167 646 2314 707 0110-

787 761 927 804 1010
957 744 1224 803 111101001
1253 741 1686 821 praejudicium
1718 741 2016 819 obligare.

868 834 1210 896 Difficultas
1237 838 1350 909 est,
1396 853 1476 893 an
1507 835 1559 893 si
1588 839 1765 911 pater
1794 834 2031 893 habens
2061 832 2314 892 unicum

710 982 736 991 -
786 927 982 987 filium
1010 927 1259 1005 copiose
1288 926 1343 985 ei
1374 926 1585 1000 donet,
1621 930 1682 986 et
1710 930 1926 1003 postea
1943 925 2043 985 alii
2064 924 2173 983 filii
2203 943 2314 983 na-

786 1025 1066 1095 scantur,
1108 1018 1361 1079 donatio
1391 1017 1746 1078 revocanda
1775 1018 1854 1078 sit
1881 1019 2083 1078 solum
2115 1034 2313 1095 usque

784 1114 865 1174 ad
885 1112 1193 1192 legitimas
1213 1110 1350 1171 aliis
1375 1110 1517 1170 filiis
1540 1110 1803 1185 debitam,
1829 1128 1910 1170 an
1932 1127 2081 1169 vero
2104 1108 2313 1187 quoad

780 1206 1125 1285 legitimam
1155 1203 1444 1265 omnibus
1472 1202 1614 1281 filiis
1641 1202 1957 1262 debitam?
1994 1205 2144 1277 Quae
2169 1219 2314 1261 con-

781 1298 1085 1361 troversia
1113 1296 1383 1356 maxime
1414 1294 1698 1373 procedit
1739 1294 1815 1353 de
1838 1294 1980 1374 jure
2011 1294 2306 1372 Hispano,

783 1411 906 1472 quo
937 1395 1114 1469 pater
1143 1390 1344 1449 solum
1392 1391 1597 1466 potest
1633 1387 1825 1447 libere
1855 1387 2185 1466 disponere
2233 1387 2311 1446 (le

785 1486 1000 1565 quinto
1029 1500 1283 1543 suorum
1312 1481 1643 1555 bonorum,
1676 1480 1917 1558 reliqua
1937 1478 2125 1539 debet
2151 1479 2314 1538 inter

783 1578 942 1637 filios
971 1574 1249 1635 dividere
1269 1620 1284 1648 ,
1332 1573 1418 1633 ita
1448 1576 1656 1632 tamen
1698 1576 1766 1632 ut
1792 1572 1870 1631 de
1912 1572 2094 1632 tertio
2125 1572 2312 1632 etiam

785 1671 1091 1730 bonorum
1138 1666 1332 1744 possit
1387 1666 1547 1725 inter
1603 1664 2054 1725 descendentes
2107 1664 2313 1743 dispo·

784 1780 932 1822 nere
959 1758 1344 1820 meliorando
1389 1776 1464 1817 ex
1493 1757 1588 1833 iis,
1637 1775 1792 1835 quos
1830 1756 2097 1839 voluerit
2131 1756 2196 1815 in
2240 1775 2313 1816 ea

784 1858 980 1932 parte.
1043 1851 1173 1924 Quo
1203 1850 1546 1929 supposit0‚
1601 1848 1861 1927 quaestio
1893 1852 2006 1923 est,
2059 1848 2309 1927 quando

783 1951 962 2025 pater
990 1945 1231 2005 habens
1272 1943 1528 2002 unicum
1571 1940 1768 2001 1111001
1812 1941 2069 2003 donavit
2116 1942 2171 2001 ei
2208 1942 2313 2001 de-

782 2057 920 2098 cem
954 2037 1170 2112 millia,
1231 2053 1374 2096 cum
1419 2034 1680 2094 baberet
1722 2033 2081 2112 quindecim
2118 2034 2313 2094 millia

782 2131 846 2190 in
874 2129 1076 2205 boniS‚
1110 2133 1172 2189 et
1197 2132 1416 2206 postea
1444 2130 1788 2186 nascuntur
1815 2126 1919 2185 alii
1950 2126 2083 2201 filii,
2120 2144 2200 2185 an
2230 2126 2310 2187 ab

778 2223 857 2283 iis
883 2220 1164 2282 revocari
1194 2220 1389 2298 possit
1416 2218 1690 2294 donatio,
1724 2217 1931 2297 quoad
1961 2221 2182 2294 totum,
2230 2238 2311 2279 an

783 2315 984 2375 solum
1015 2312 1222 2391 quoad
1253 2315 1517 2388 partem,
1554 2311 1641 2372 ita
1669 2315 1738 2371 ut
1757 2310 2121 2372 donatarius
2149 2312 2314 2372 filius

780 2407 1048 2467 retineat
1093 2404 1366 2479 tertium,
1427 2408 1490 2463 et
1534 2403 1841 2482 quintum,
1900 2422 2124 2483 nempe
2172 2408 2311 2465 octo

780 2499 974 2560 millia
1004 2498 1064 2557 in
1093 2497 1320 2576 quibus
1341 2500 1519 2575 pater
1548 2500 1791 2573 poterat
1812 2514 1956 2555 eum
1976 2497 2311 2558 meliorare

781 2594 913 2654 sine
944 2590 1308 2669 praejudicio
1358 2589 1622 2649 aliorum
1657 2589 1951 2664 filiorum,
2005 2594 2066 2650 et
2094 2595 2313 2668 postea

780 2686 902 2746 alia
928 2688 1170 2762 septem
1197 2682 1392 2742 millia
1414 2681 1607 2742 dividi
1627 2681 1900 2742 debeant
1918 2682 2081 2743 inter
2096 2701 2313 2744 omnes

779 2796 894 2857 per
923 2782 1131 2855 partes
1161 2775 1455 2854 aequaleS.

860 2868 1066 2947 Aliqui
1089 2868 1327 2942 dicunt,
1359 2866 1640 2927 revocari
1659 2869 1858 2927 totam
1880 2866 2307 2944 donationem,

781 2968 845 3024 et
870 2961 1064 3022 dividi
1096 2959 1419 3039 aequaliter
1457 2959 1625 3020 bona
1666 2959 1877 3020 omnia
1907 2960 2068 3021 inter
2096 2978 2312 3021 omnes

778 3056 959 3116 filios,
994 3053 1113 3114 Alii
1143 3053 1378 3128 dicuat,
1412 3051 1809 3112 donatarium
1838 3052 2106 3113 retinere
2138 3053 2310 3132 quin-

778 3153 909 3211 tam
938 3151 1182 3226 partem
1208 3146 1518 3206 bonorum
1547 3163 1771 3224 nempe
1800 3145 1920 3207 tria
1947 3146 2145 3207 millia
2173 3146 2314 3208 reli·

779 3260 905 3322 qua
932 3259 1081 3302 vero
1112 3238 1444 3299 duodecim
1483 3238 1677 3297 millia
1723 3237 2062 3298 dividenda
2106 3257 2313 3318 aequa-

777 3335 919 3395 liter
944 3334 1106 3394 inter
1132 3349 1348 3391 omnes
1375 3330 1537 3391 filios
1573 3349 1586 3390 ε
1641 3330 1790 3410 quia
1821 3331 2073 3392 donatio
2104 3331 2313 3392 inoffi-

778 3427 947 3488 ciosa
975 3425 1259 3486 revocari
1288 3423 1476 3484 debet
1503 3441 1700 3501 usque
1722 3423 1801 3483 ad
1832 3422 2145 3501 legitimas
2170 3424 2312 3485 filiis

777 3519 1022 3580 debitas
1079 3537 1093 3577 :
1152 3516 1406 3596 quando
1454 3519 1665 3576 autem
1711 3515 1968 3575 donatio
2015 3516 2120 3576 illa
2147 3516 2312 3576 facta

775 3611 912 3688 fuit,
971 3610 1249 3689 legitima
1305 3608 1517 3669 debita
1561 3608 1747 3669 unico
1791 3607 1939 3683 filio,
2001 3608 2108 3687 qui
2167 3612 2311 3670 tunc

776 3709 930 3781 erat,
984 3722 1108 3764 non
1138 3707 1272 3763 erat
1301 3707 1540 3780 septem
1569 3700 1784 3776 millia,
1836 3700 1945 3760 sed
1977 3700 2309 3761 duodecim

772 3796 987 3873 millia,
1020 3795 1315 3855 nimirum
1344 3794 1553 3855 omnia
1580 3792 1748 3853 bona
1774 3797 2003 3871 praeter
2022 3794 2310 3871 quintum

774 3890 851 3949 de
882 3907 1004 3968 quo
1036 3887 1165 3948 solo
1200 3891 1374 3965 pater
1400 3885 1594 3945 libore
1638 3885 1969 3964 disponere
2011 3889 2259 3964 poterat
2291 3906 2304 3946 ε

772 3980 1128 4041 revocanda
1158 3983 1253 4039 est
1280 3995 1428 4056 ergo
1460 3977 1746 4053 donati0,
1801 3976 1887 4037 ita
1916 3981 1986 4037 ut
2013 3983 2311 4040 maneant

772 4072 1106 4133 duodecim
1136 4070 1333 4130 millia
1361 4069 1561 4130 libera
1609 4068 1946 4129 dividenda
1982 4069 2148 4131 inter
2176 4089 2307 4131 om-

771 4185 905 4241 nes,
957 4165 1103 4245 quia
1151 4163 1271 4223 hoc
1322 4167 1416 4224 est
1462 4161 1747 4221 revocari
1774 4179 1971 4239 usque
2002 4162 2080 4221 ad
2110 4161 2310 4239 legiti-

770 4277 940 4319 mam
969 4257 1112 4318 filiis
1139 4256 1419 4316 debitam
1447 4260 1730 4333 tempore
1763 4252 2138 4314 donationis,
2172 4257 2305 4314 Au·-

770 4357 970 4414 ctores
1012 4368 1123 4428 pro
1172 4352 1435 4427 utraque
1482 4345 1793 4407 sententia
1838 4344 2030 4408 refert
2073 4346 2308 4408 Molina

770 4444 936 4504 dicta
963 4443 1194 4520 disput.
1230 4441 1371 4500 283.

848 4535 971 4596 Alii
997 4538 1207 4596 tamen
1238 4531 1439 4606 multi,
1476 4548 1632 4610 quos
1662 4529 1871 4606 refert,
1929 4534 1992 4592 et
2020 4531 2306 4609 sequitur

769 4628 936 4689 idem
965 4626 1216 4697 Molina,
1250 4623 1590 4685 Turrianus
1619 4622 1779 4700 disp.
1813 4638 2016 4683 Lxxn'.
2052 4622 2205 4685 dub.
2236 4626 2296 4685 3.

765 4722 826 4782 in
857 4722 1003 4795 fine,
1056 4722 1119 4778 et
1145 4716 1249 4776 alii
1274 4715 1496 4776 melius
1525 4714 1760 4791 dicunt,
1811 4715 2010 4775 filium
2041 4716 2305 4778 donata-

762 4815 927 4875 rium
956 4816 1342 4872 retenturum
1364 4808 1638 4883 tertium,
1673 4813 1735 4869 et
1753 4807 2302 4886 quintum‚nempe

762 4913 900 4970 octo
928 4905 1124 4965 millia
1152 4904 1230 4964 de
1263 4901 1489 4982 quibus
1517 4905 1697 4980 pater
1726 4900 1888 4961 inter
1914 4901 2074 4961 filios
2105 4902 2299 4962 libere

760 5002 1091 5080 disponere
1124 4999 1390 5075 poterat,
1444 4999 1505 5054 et
1550 4992 1793 5072 reliqua
1834 4998 2074 5072 septem
2103 4993 2301 5054 millia

758 5092 1096 5153 dividenda
1122 5089 1283 5149 inter
1330 5088 1557 5166 ipsum,
1610 5090 1673 5146 et
1716 5086 1869 5147 alios
1915 5086 2140 5146 fratres
2188 5105 2300 5165 per

756 5193 962 5264 partes
992 5182 1288 5262 aequales.
1352 5180 1511 5253 Quia
1559 5179 1813 5240 donatio
1864 5179 1969 5239 illa
2016 5179 2297 5239 revocari

754 5280 956 5339 solum
1003 5277 1211 5351 debet,
1276 5278 1588 5353 quatenus
1636 5275 1730 5331 est
1766 5271 2114 5330 inofficiosa
2153 5272 2289 5331 aliis

749 5372 913 5447 filiis,
948 5371 1067 5430 1100
1096 5372 1210 5442 est,
1247 5373 1556 5446 quatenus
1586 5363 1810 5423 minuit
1837 5362 2152 5441 legitimas
2182 5364 2294 5424 de-

751 5465 932 5539 bitus,
968 5481 1092 5523 1100
1121 5462 1378 5539 inquam
1410 5457 1652 5519 debitas
1681 5456 1821 5516 filiis
1853 5456 1914 5516 in
1944 5457 2286 5533 communi,

1943 288 2046 348 DE
2085 286 2441 349 JUSTITIA
2484 287 2584 347 ET
2625 287 2825 348 JURE

2415 461 2523 521 sed
2553 461 2703 539 ipsis
2744 462 2972 542 quibus
2999 463 3353 524 inofficiosa
3396 467 3512 538 est,
3565 466 3628 525 et
3654 483 3694 525 a
3722 464 3952 543 quibus

2414 573 2489 613 ea
2516 554 2594 614 de
2624 573 2812 615 causa
2857 556 3142 616 revocari
3190 560 3416 634 potest,
3482 561 3550 617 ut
3592 560 3835 617 constat
3873 575 3951 615 ex

2413 647 2581 707 dicta
2608 647 2748 725 lege
2778 646 2856 708 Si
2880 656 3052 725 totas,
3088 648 3239 710 Cod.
3273 648 3344 709 de
3370 648 3713 730 inofficiosis
3742 648 3947 708 donat.

2414 740 2582 799 Filiis
2608 745 2820 802 autem
2848 746 3066 819 postea
3095 741 3258 802 natis
3286 746 3465 819 pater
3493 759 3618 802 non
3649 742 3839 802 debet
3864 741 3953 800 le-

2413 832 2683 909 gitimas,
2738 833 2857 896 nisi
2907 852 2982 893 ex
3027 834 3278 894 residuo
3326 840 3556 912 praeter
3601 835 3859 896 tertium
3890 839 3955 895 et

2413 924 2698 1002 quintum
2731 926 2790 985 in
2813 925 3041 1004 quibus
3064 929 3272 1004 potest
3291 927 3563 1005 primum
3592 926 3790 986 filium
3820 943 3954 985 me-

2409 1017 2658 1094 liorare,
2694 1018 2862 1095 quod
2890 1019 3212 1079 residuum
3234 1018 3644 1079 dividendum
3666 1024 3758 1081 est
3784 1020 3955 1080 inter

2413 1127 2651 1184 0111000,
2697 1127 2848 1187 ergo
2887 1111 3090 1171 solum
3119 1112 3402 1171 revocari
3431 1115 3639 1189 potest
3662 1111 3947 1186 donatio,

2412 1205 2720 1279 quatenus
2771 1202 2998 1262 minuit
3048 1203 3362 1281 legitimas
3416 1222 3493 1263 ex
3538 1204 3644 1263 illo
3694 1204 3951 1265 residuo

2411 1292 2674 1355 debitas.
2737 1293 2953 1366 Quoad
3002 1301 3232 1356 caetera
3277 1314 3429 1357 vero
3461 1300 3642 1374 pater
3694 1296 3957 1357 videtur

2410 1385 2771 1447 meliorasse
2799 1388 3073 1466 primum
3100 1389 3300 1449 filium
3334 1409 3347 1449 ε
3378 1388 3692 1468 quialicet
3714 1389 3764 1449 is
3786 1398 3955 1450 esset

2412 1479 2631 1539 001000
2657 1483 2940 1558 tempore
2972 1479 3350 1557 (100οι10010,
3384 1486 3448 1543 et
3473 1482 3615 1543 ideo
3644 1499 3771 1542 non
3801 1500 3956 1561 pos·

2410 1576 2505 1633 set
2530 1576 2679 1632 tunc
2705 1572 3041 1648 meliorari,
3090 1575 3238 1652 quia
3266 1575 3477 1635 omnia
3523 1575 3692 1635 bona
3720 1581 3955 1653 praeter

2411 1664 2696 1743 quintum
2742 1665 2801 1724 ei
2846 1665 3240 1728 debebantur
3287 1686 3302 1727 z
3364 1667 3513 1746 quia
3554 1671 3768 1728 tamen
3813 1667 3955 1728 haec

2411 1774 2532 1816 non
2565 1756 2954 1817 debebantur
2984 1757 3040 1817 ei
3068 1759 3376 1835 absolute,
3426 1760 3538 1819 sed
3578 1759 3782 1820 solum
3832 1760 3955 1820 suh

2411 1848 2789 1925 conditione,
2838 1850 2891 1909 si
2935 1850 3039 1910 alii
3066 1850 3178 1911 filii
3206 1870 3331 1912 non
3361 1856 3788 1927 nascerentur,
3837 1871 3959 1931 po-

2408 1941 2529 2002 tuit
2555 1943 2744 2002 etiam
2772 1946 2952 2020 pater
2978 1943 3094 2004 sub
3141 1944 3498 2006 conditione
3541 1963 3686 2005 eum
3734 1946 3959 2006 melio·

2410 2051 2573 2110 rare,
2633 2034 2925 2094 donando
2982 2035 3037 2094 ei
3092 2036 3347 2097 tertium
3402 2041 3465 2098 et
3508 2038 3824 2116 quintum,
3883 2043 3957 2098 ut

2412 2126 2658 2188 etiamsi
2683 2127 2789 2187 alii
2819 2126 2925 2187 filii
2956 2135 3384 2205 nascerentur,
3419 2129 3682 2192 haberet
3709 2130 3817 2190 illa
3836 2149 3958 2209 per

2413 2218 2669 2279 modum
2695 2219 3167 2296 meliorationis,
3200 2222 3252 2282 si
3280 2240 3427 2282 vero
3461 2241 3584 2283 non
3613 2240 3958 2283 nasceren-

2411 2315 2533 2387 tur,
2580 2312 2842 2373 haberet
2870 2314 3158 2391 quintum
3186 2314 3443 2392 quidem
3473 2333 3548 2374 ex
3579 2315 3952 2389 donatione,

2411 2405 2665 2466 tertium
2695 2423 2843 2465 vero
2867 2404 3009 2484 jure
3055 2424 3168 2467 suo
3199 2412 3263 2467 et
3290 2412 3358 2467 ut
3395 2407 3741 2485 legitimam
3770 2407 3957 2468 debi-

2414 2502 2540 2558 tam
2573 2514 2588 2561 :
2624 2516 2820 2576 quare
2841 2516 2956 2558 nec
2978 2499 3179 2576 potuit
3201 2518 3344 2559 eum
3368 2499 3651 2560 absolute
3680 2518 3957 2577 gravare

2413 2608 2601 2650 onere
2628 2591 2838 2669 aliquo
2866 2591 3073 2670 quoad
3109 2592 3261 2652 illud
3290 2593 3567 2669 tertium,
3602 2593 3715 2654 sed
3743 2593 3955 2654 solum

2413 2682 2526 2742 sub
2559 2683 2937 2758 conditione,
2990 2683 3042 2743 si
3071 2684 3232 2745 natis
3261 2685 3398 2745 aliis
3426 2685 3571 2745 filiis
3612 2686 3670 2746 ei
3700 2703 3827 2745 non
3860 2705 3959 2746 00-

2413 2779 2507 2836 set
2531 2794 2676 2853 pars
2703 2776 2809 2836 illa
2837 2776 3069 2853 debita,
3122 2778 3199 2838 de
3229 2797 3354 2857 quo
3396 2778 3688 2841 videatur
3714 2779 3957 2840 Molina

2409 2868 2548 2930 loco
2579 2869 2787 2931 citato.

3101 3271 3157 3350 g.
3191 3273 3249 3330 2.

2560 3535 2649 3597 De
2674 3537 3034 3597 revocatione
3060 3536 3385 3600 donationis
3415 3540 3778 3622 inofficiosoe.

2491 3792 2636 3851 110εο
2651 3795 2746 3852 est
2763 3791 2946 3853 tertia
2965 3809 3159 3852 causa
3177 3795 3516 3855 revocandi
3536 3795 3953 3859 donationem

2409 3901 2482 3942 ex
2513 3901 2611 3957 eo,
2644 3883 2812 3963 quod
2855 3885 2935 3946 sit
2974 3885 3318 3947 inofficiosa
3378 3908 3390 3948 :
3454 3888 3683 3949 dicitur
3730 3896 3951 3952 autem

2407 3975 2774 4053 inofficiosa,
2828 3996 2966 4056 quae
2997 3983 3090 4040 est
3119 3984 3340 4041 contra
3390 3980 3664 4041 officium
3692 3983 3950 4062 pietatis

2407 4067 2631 4130 debitae
2652 4069 2885 4146 liberis,
2914 4071 3009 4131 vel
3033 4073 3416 4151 parentibuS,
3449 4078 3510 4134 et
3528 4075 3782 4154 quidem
3803 4078 3949 4154 jam

2404 4160 2675 4221 vidimus
2707 4164 3021 4241 quomodo
3070 4171 3399 4226 revocetur
3425 4166 3679 4228 donatio
3709 4169 3872 4229 facta
3902 4189 3950 4231 a

2404 4271 2527 4313 non
2560 4253 2830 4315 habente
2849 4256 3031 4333 filios,
3067 4258 3186 4318 illis
3208 4263 3425 4336 postea
3458 4260 3621 4321 natis
3655 4280 3668 4321 ε
3703 4265 3766 4322 et
3783 4279 3950 4339 quo-

2403 4346 2592 4407 modo
2648 4353 2976 4409 revocetur
3031 4351 3193 4412 natis
3237 4351 3381 4412 filiis
3422 4353 3622 4428 novis,
3682 4352 3947 4416 donatio

2403 4440 2575 4519 prius
2602 4440 2767 4502 facta
2811 4442 2920 4502 001
2947 4442 3097 4504 filio.
3158 4446 3335 4505 Nunc
3380 4449 3574 4506 restat
3617 4446 3678 4504 in
3721 4446 3949 4524 primis

2404 4532 2612 4592 dicere
2642 4534 2721 4593 de
2749 4533 3086 4596 donatione
3117 4536 3280 4597 facta
3311 4541 3608 4598 extraneo
3630 4537 3711 4598 ab
3732 4556 3805 4598 eo
3828 4539 3943 4616 qui

2395 4624 2529 4704 jam
2560 4626 2751 4687 habet
2776 4626 2995 4704 filium,
3047 4628 3146 4688 vel
3175 4629 3357 4705 filios,
3404 4628 3481 4688 de
3510 4648 3635 4708 qua
3661 4629 3948 4691 breviter

2403 4717 2913 4796 distinguendum
2930 4724 3052 4792 est;
3088 4740 3234 4781 nam
3261 4723 3311 4781 si
3340 4740 3406 4783 re
3427 4726 3697 4798 tantum,
3732 4726 3796 4783 et
3810 4741 3942 4783 0011

2402 4809 2589 4872 etiam
2620 4812 2876 4872 consilio
2898 4818 2993 4874 est
3019 4815 3387 4891 inofficiosa,
3422 4815 3542 4874 hoc
3564 4819 3678 4891 est,
3712 4833 3835 4875 non
3860 4835 3938 4878 eo

2399 4903 2607 4963 animo
2637 4904 2707 4964 fit
2732 4903 3042 4982 legitimas
3066 4907 3339 4966 filiorum
3370 4907 3724 4983 fraudandi,
3758 4926 3940 4970 revo-

2400 5000 2577 5056 catur
2633 5014 2959 5075 quousque
3014 4998 3310 5077 legitimae
3354 5000 3625 5060 filiorum
3671 5000 3938 5078 integrae

2396 5092 2695 5148 maneant
2721 5106 2797 5147 ex
2824 5088 2947 5167 leg.
2974 5106 3018 5150 1.
3053 5095 3116 5150 et
3142 5091 3252 5152 ult.
3280 5093 3346 5153 C.
3383 5091 3452 5152 de
3474 5091 3937 5172 inofficioszsdo-

2396 5189 2520 5240 nat.
2572 5188 2635 5241 et
2660 5181 2779 5242 hoc
2809 5180 3058 5242 etiamsi
3089 5184 3286 5260 patris
3308 5185 3670 5262 juramento
3710 5186 3935 5264 confir·

2393 5279 2578 5334 matae
2607 5274 2749 5350 sint,
2810 5281 2878 5335 ut
2906 5281 3150 5336 constat
3179 5295 3254 5336 ex
3296 5278 3670 5355 supradictis
3729 5299 3743 5340 :
3805 5297 3932 5339 non

2394 5372 2598 5445 potest
2654 5371 2861 5427 tamen
2917 5368 3172 5429 donatio
3228 5369 3574 5431 inofficiosa
3620 5372 3926 5449 revocari,

2395 5458 2512 5518 nisi
2547 5464 2688 5538 post
2723 5459 3046 5521 donatoris
3083 5465 3351 5524 mortem
3395 5482 3407 5523 ε
3442 5464 3733 5541 quianon
3754 5463 3931 5541 prius

4093 3826 4174 3884 203

4029 3950 4132 4002 Quid,
4148 3950 4173 3990 si

4039 4005 4173 4046 inoffici*

4015 4059 4173 4099 modu

4019 4113 4102 4159 bus.
4118 4116 4173 4152 el<

4001 4165 4051 4206 de
4073 4172 4171 4204 60·οι

4036 4219 4174 4258 utendi

4028 4272 4124 4312 beu
4145 4282 4174 4311 m

4000 4323 4176 4379 posteafi
