4263 6376
479 5247 497 5265 ²
508 5245 619 5300 ‘Len'
649 5257 697 5288 ae
716 5243 769 5289 si.

800 333 919 396 426

798 511 1085 588 Joannis,
1118 512 1227 574 sed
1254 512 1521 591 pecunia
1567 512 1756 589 Petri,
1789 517 2050 591 accepta
2075 512 2330 593 quidem

799 620 915 683 per
954 603 1301 664 secundum
1330 604 1647 665 cambium
1693 624 1733 666 a
1759 606 2025 683 Joanne,
2059 606 2159 666 vel
2195 605 2330 685 ejus

799 701 1228 775 procuratore,
1276 697 1384 757 sed
1414 697 1581 758 sacta
1602 698 1737 777 jam
1766 699 1955 774 Petri,
1991 702 2330 777 antequam

802 807 876 849 ex
907 806 981 847 ea
1009 788 1231 863 solvat,
1265 793 1327 849 et
1355 790 1676 868 extinguat
1694 791 1967 869 primum
1987 789 2325 852 cambium.

803 879 1100 941 Similiter
1171 880 1579 943 inveniuntur
1649 901 1932 960 personae
1996 882 2325 958 distinctae,

802 975 1107 1051 quantum
1136 972 1287 1034 satis
1315 978 1410 1034 est
1450 974 1532 1034 ad
1559 974 1858 1051 valorem,
1893 980 1955 1036 et
1980 975 2332 1036 realitatem

800 1068 1178 1125 contractus.
1230 1068 1389 1126 Nam
1430 1067 1760 1144 AntoniuS,
1806 1067 1905 1127 vel
1951 1068 2330 1147 quicumque

801 1155 900 1233 sit,
947 1157 1054 1235 qui
1096 1158 1349 1218 nomine
1395 1158 1557 1219 Petri
1600 1158 1932 1238 campsarii
1963 1159 2150 1220 solvit
2184 1160 2329 1219 Pla-

800 1248 1043 1325 centiae,
1076 1249 1237 1327 gerit
1265 1268 1598 1327 personam
1629 1251 1983 1311 distinct-am
2015 1270 2050 1311 a
2089 1253 2122 1312 J
2129 1270 2331 1312 oanne

802 1358 1154 1419 campsore‚
1232 1360 1376 1402 cum
1448 1361 1572 1404 non
1627 1348 1936 1422 repugnet
1990 1345 2053 1403 in
2109 1344 2332 1405 eodem

801 1437 1128 1495 contractu
1155 1452 1372 1511 unum,
1408 1438 1471 1496 et
1512 1436 1802 1496 eumdem
1850 1455 2071 1514 gerere
2113 1455 2332 1516 perso-

803 1544 951 1586 nam
1007 1526 1331 1607 utriusque
1395 1528 1842 1605 contrahentiS,
1900 1530 2199 1590 mandato
2250 1529 2329 1589 ab

804 1621 1071 1697 utroque
1117 1624 1396 1698 accepte,
1450 1624 1513 1681 et
1538 1620 1813 1681 vendere
1851 1621 2104 1682 nomine
2148 1622 2331 1682 unius

803 1709 1057 1772 sibimet
1084 1712 1316 1771 ementi
1345 1713 1597 1772 nomine
1625 1712 1901 1777 alterius.

886 1803 1174 1865 Secundo
1205 1808 1551 1882 opponunt,
1587 1805 1723 1866 haec
1757 1805 1967 1866 omnia
1994 1825 2129 1867 esse
2156 1806 2325 1884 ficta,

804 1898 868 1956 et
893 1895 1195 1973 ambages
1223 1895 1302 1955 ad
1332 1896 1717 1974 palliandum
1745 1902 2033 1959 mutuum
2062 1899 2333 1959 redden-

804 1986 956 2047 dum
1002 2005 1146 2047 cum
1194 1987 1365 2048 lucro
1413 1988 1476 2047 in
1526 1989 1748 2049 eodem
1792 1990 1950 2067 loce,
2003 1991 2331 2070 ignorante

804 2079 1173 2159 plerumque
1216 2082 1398 2142 Petro
1445 2082 1793 2160 campsario
1824 2082 1960 2144 haec
1989 2084 2221 2161 omnia,
2271 2087 2335 2145 et

805 2172 1006 2232 solum
1035 2173 1269 2233 sciente
1297 2192 1364 2235 se
1392 2174 1621 2234 debere
1652 2179 1792 2252 post
1820 2178 1912 2237 tot
1938 2195 2186 2237 menses
2215 2177 2334 2237 sol·

806 2283 952 2324 vere
984 2264 1153 2344 quod
1182 2266 1426 2344 accepit
1447 2285 1589 2327 eum
1618 2272 1790 2328 tanto
1820 2269 2017 2330 lucre.
2054 2271 2333 2349 Respon-

806 2355 1011 2434 detur,
1045 2374 1158 2417 nos
1206 2376 1560 2437 supponere
1606 2360 1772 2438 quod
1805 2360 1939 2421 baec
1969 2362 2178 2422 omnia
2207 2380 2332 2422 non

806 2449 974 2525 ficte,
1007 2449 1119 2509 sed
1147 2450 1311 2511 serio
1349 2454 1410 2512 et
1436 2470 1585 2511 vere
1612 2452 1787 2528 fiant,
1823 2457 1883 2514 et
1912 2453 2140 2516 litterae
2170 2454 2331 2515 ultro

807 2541 1089 2621 citroque
1143 2543 1471 2605 mittantur
1510 2548 1573 2604 et
1617 2545 2036 2623 remittantur,
2086 2551 2150 2608 et
2198 2546 2335 2607 Pla-

807 2634 1027 2694 centiae
1057 2633 1280 2696 solutio
1312 2638 1422 2696 fiat
1462 2636 1714 2696 nomine
1746 2638 1932 2713 Petri,
1967 2642 2028 2698 et
2054 2638 2332 2717 acceptio

807 2725 889 2786 ad
942 2726 1287 2786 secundum
1340 2728 1679 2789 cambium.
1737 2731 1865 2789 Nec
1921 2731 2337 2791 communiter

808 2818 917 2898 qui
973 2819 1055 2880 ad
1112 2820 1429 2881 cambium
1484 2820 1800 2900 accipiunt
1840 2821 1975 2883 haec
2016 2823 2329 2901 ignorant,

807 2910 919 2971 sed
967 2911 1202 2990 optime
1254 2911 1499 2992 praxim
1545 2918 1823 2974 norunt:
1860 2915 2029 2993 quod
2076 2915 2128 2975 si
2176 2915 2335 2976 adeo

808 3003 1066 3082 ignarus
1111 3008 1274 3066 esset
1317 3005 1705 3083 campsarius
1757 3011 1827 3067 ut
1867 3006 2003 3068 haec
2043 3008 2332 3085 nesciret,

810 3097 921 3157 sed
948 3100 1201 3175 putaret
1245 3115 1312 3157 se
1358 3097 1560 3157 solum
1589 3101 1878 3159 mutuum
1905 3100 2214 3178 accipere,
2247 3101 2337 3160 in-

809 3188 1176 3251 formandus
1223 3193 1388 3250 esset
1434 3208 1469 3249 a
1517 3208 1843 3269 campsore
1883 3211 1960 3252 ne
1992 3212 2151 3253 unus
2187 3211 2339 3254 con-

774 3286 1046 3344 ati-actus
1074 3300 1186 3359 pro
1221 3282 1340 3343 alio
1377 3283 1556 3343 fieret
1583 3302 1658 3343 ex
1700 3283 1948 3346 defectu
1977 3285 2339 3348 intentionis

808 3374 875 3434 in
903 3374 1332 3436 contrahente.

889 3467 1100 3528 Tertio
1147 3472 1494 3546 opponunt,
1537 3469 1685 3549 quia
1724 3472 1943 3531 Petrus
1970 3489 2192 3532 revera
2230 3489 2338 3531 co-

808 3559 978 3638 gitur
1007 3560 1083 3619 ad
1113 3561 1445 3639 pecuniam
1463 3562 1850 3622 reddendam
1870 3564 1903 3624 J
1911 3563 2094 3624 oanni
2127 3566 2340 3625 Romae

811 3670 953 3714 cum
983 3652 1180 3729 lucro,
1214 3652 1377 3716 sicut
1404 3655 1457 3714 si
1495 3659 1711 3716 mutuo
1744 3655 2105 3734 accepisset,
2142 3659 2204 3716 et
2232 3675 2342 3734 pc-

810 3744 990 3806 riude
1020 3763 1087 3805 se
1135 3744 1329 3807 habet
1370 3746 1434 3806 in
1469 3747 1760 3808 omnibus
1803 3767 1877 3809 ac
1912 3749 1963 3809 si
1992 3752 2212 3809 mutuo
2241 3766 2342 3809 ac-

812 3838 1100 3916 cepisset,
1149 3857 1293 3899 cum
1343 3839 1497 3900 nihil
1544 3859 1619 3900 ex
1647 3840 1915 3920 propriis
1946 3840 2179 3902 habeat
2206 3841 2341 3901 Pla-

812 3931 1055 4007 centiae,
1089 3935 1152 3992 et
1180 3932 1335 3994 sciat
1353 3932 1589 3995 litteras
1610 3932 1746 3992 illas
1766 3933 1984 3994 inanes
2005 3933 2337 4011 redituraS,

814 4027 877 4084 et
904 4041 1039 4083 esse
1068 4042 1307 4084 meram
1337 4025 1777 4086 caeremoniam
1800 4029 1862 4086 et
1881 4027 2338 4105 apparentiam,

814 4134 888 4176 ac
926 4119 1130 4176 totum
1178 4116 1458 4178 debitum
1505 4121 1719 4179 Romae
1762 4119 2130 4180 solvendum
2180 4138 2337 4179 esse.

814 4207 1272 4286 Respondetur‚
1328 4211 1583 4271 Petrum
1658 4230 1782 4272 non
1830 4212 1968 4291 cogi
2023 4230 2059 4271 a
2103 4213 2138 4274 J
2145 4230 2346 4273 oanne

815 4303 1031 4362 Romae
1071 4300 1336 4378 solvere,
1385 4302 1653 4363 liberum
1698 4304 1864 4363 enim
1902 4308 1996 4365 est
2033 4304 2120 4364 illi
2163 4323 2235 4364 ex
2281 4305 2346 4364 vi

816 4397 1172 4455 contractus
1219 4393 1551 4457 Placentiae
1595 4397 1837 4457 solvere
1867 4401 1929 4458 et
1974 4397 2340 4475 extinguere

815 4491 1016 4549 totum
1068 4485 1383 4547 cambium
1428 4506 1442 4549 ε
1484 4488 1536 4548 si
1592 4494 1803 4549 autem
1858 4492 2071 4550 Romae
2126 4494 2346 4569 postea

818 4578 1022 4656 solvit,
1070 4597 1196 4639 non
1242 4581 1490 4659 cogitur
1529 4581 1609 4641 ad
1638 4581 1759 4642 hoc
1788 4599 1824 4641 a
1851 4584 2116 4658 Joanne,
2168 4583 2278 4642 sed
2308 4601 2346 4642 a

820 4672 1192 4734 necessitate
1208 4674 1463 4751 propria
1492 4673 1572 4734 ob
1602 4692 1791 4752 quam
1821 4693 1943 4734 non
1975 4674 2178 4753 potuit
2212 4674 2347 4734 sine

816 4783 981 4827 novo
1038 4765 1282 4827 cambio
1360 4767 1600 4828 solvere
1654 4768 1927 4845 primum
1986 4766 2342 4828 Placentiae.

818 4860 1023 4931 Quare
1068 4858 1293 4920 litterae
1324 4877 1450 4920 non
1498 4859 1766 4920 redeunt
1801 4860 2043 4937 inaneS,
2095 4859 2206 4920 sed
2245 4877 2348 4919 ac-

817 4956 1149 5031 ceptantur
1179 4951 1509 5013 Placentiae
1539 4956 1601 5014 et
1628 4952 1875 5013 illarum
1904 4952 2135 5014 virtute
2165 4951 2348 5013 solvi-

811 5049 916 5106 tur
967 5044 1051 5106 ibi
1107 5045 1361 5106 realiter
1414 5045 1689 5125 primum
1744 5045 2091 5107 cambium.
2168 5044 2346 5119 Quod

818 5138 1089 5218 denique
1121 5157 1264 5198 cum
1296 5140 1517 5200 effectu
1547 5139 1714 5199 idem
1744 5138 2045 5199 damnum
2074 5140 2350 5218 patiatur

821 5235 1039 5294 Petrus
1069 5232 1195 5293 ac*
1223 5236 1513 5294 mutuum
1570 5232 1684 5293 sub
1740 5251 1924 5294 usura
1981 5233 2345 5311 accepisset,

819 5345 943 5388 non
976 5327 1186 5405 arguit
1226 5330 1619 5388 contractum
1663 5344 1797 5386 esse
1838 5325 2120 5387 illicitum
2154 5344 2170 5389 :
2203 5344 2348 5385 nam

818 5420 1010 5482 etiam
1038 5420 1144 5500 qui
1193 5420 1429 5480 credito
1476 5419 1626 5480 emit
1654 5438 1689 5478 a
1718 5422 2065 5480 mercatore
2106 5437 2349 5480 merces

818 5513 1019 5595 pretio
1050 5531 1317 5590 summo,
1352 5532 1509 5595 quas
1538 5513 1710 5573 idem
1739 5512 1950 5574 statim
1970 5512 2186 5573 vendit
2214 5530 2351 5594 pre-

1954 336 2057 397 DE
2100 334 2459 398 JUSTITIA
2502 338 2604 399 ΕΤ
2644 338 2846 400 JURE

2431 514 2516 575 tio
2547 513 2763 574 infimo
2796 514 3064 594 pecunia
3092 513 3409 595 praesenti,
3440 510 3674 592 patitur
3694 509 3864 571 idem
3890 516 3944 571 et

2429 606 2691 668 fortasse
2738 607 2942 688 majus
2984 607 3456 682 detrimentum,
3491 622 3678 685 quam
3723 604 3780 664 si
3813 622 3947 664 mu·

2427 703 2607 760 tuum
2662 701 2778 761 sub
2833 719 3024 761 usura
3070 699 3434 777 accepisset,
3469 702 3531 758 et
3574 700 3790 757 tamen
3832 714 3945 756 nou

2429 790 2570 852 ideo
2615 796 2973 853 contractus
3024 795 3121 855 est
3159 791 3431 867 illicitus,
3481 789 3623 868 quia
3665 788 3730 848 in
3771 806 3950 847 usura

2430 883 2648 944 deerat
2672 884 2889 946 titulus
2918 883 2993 944 ad
3024 885 3269 945 lucrum
3316 882 3470 942 illud
3498 899 3571 942 ex
3601 886 3863 951 mutum
3891 880 3950 939 in

2431 976 2745 1054 emptione
2776 980 2987 1037 autem
3016 979 3078 1037 et
3105 975 3465 1036 venditione
3508 992 3632 1034 non
3660 972 3844 1032 deest
3868 977 3952 1031 ta-

2430 1067 2505 1126 lis
2532 1068 2768 1130 titulus.
2823 1069 2926 1130 Sic
2955 1068 3144 1129 etiam
3191 1068 3255 1128 in
3284 1085 3435 1127 casu
3462 1068 3675 1125 nostro
3706 1063 3952 1143 ponitur

2430 1159 2648 1221 titulus
2685 1160 2890 1240 justus
2933 1161 3067 1221 veri
3098 1158 3326 1221 cambii
3370 1157 3656 1238 dupliciS,
3691 1174 3819 1236 quo
3850 1174 3951 1234 po-

2431 1252 2546 1313 sito
2575 1252 2820 1313 lucrum
2849 1253 3001 1313 illud
3025 1251 3268 1332 justum
3298 1254 3411 1326 est,
3445 1249 3613 1329 quod
3641 1249 3707 1308 in
3739 1252 3947 1309 mutuo

2431 1343 2512 1405 ob
2542 1344 2856 1405 desectum
2883 1345 3045 1406 tituli
3076 1345 3363 1405 illicitum
3396 1346 3579 1403 esset.

2509 1437 2737 1507 Quarto
2761 1436 2946 1515 objici
2962 1439 3185 1515 potest,
3218 1434 3363 1515 quia
3391 1435 3443 1495 si
3472 1436 3832 1495 contractus
3856 1432 3946 1493 hic

2427 1527 2633 1588 licitus
2663 1532 2777 1605 est,
2819 1528 3033 1589 licebit
3075 1527 3265 1589 etiam
3315 1526 3418 1587 hic
3463 1526 3639 1586 alius,
3681 1526 3946 1587 Joannes

2429 1622 2642 1680 Romae
2672 1639 2798 1680 non
2825 1621 2959 1681 vult
3003 1623 3183 1681 Petro
3233 1618 3470 1681 Petenti
3501 1622 3817 1689 mutuare,
3845 1616 3947 1677 sed

2428 1711 2580 1774 dicit
2622 1729 2636 1775 ε
2684 1714 2906 1773 Emam
2955 1730 2993 1773 a
3036 1718 3099 1773 te
3142 1718 3394 1773 centum
3441 1710 3631 1772 tritici
3685 1709 3940 1784 modios,

2429 1821 2586 1882 quos
2629 1804 2810 1865 dabis
2837 1803 2992 1864 mihi
3021 1804 3356 1865 Placentiae
3386 1807 3526 1881 post
3550 1807 3679 1862 troe
3708 1819 3945 1861 menses

2428 1901 2491 1956 et
2533 1896 2772 1956 solvam
2814 1914 2981 1958 nuuc
3024 1897 3295 1975 pretium
3337 1895 3577 1975 justum
3620 1894 3941 1954 medium:

2428 1992 2712 2066 acceptat
2767 1991 2984 2050 Petrus
3036 1992 3099 2049 et
3149 1987 3367 2048 vendit
3408 1991 3662 2048 centum
3705 1986 3942 2046 modios

2426 2081 2636 2158 tritici,
2670 2100 2827 2160 quos
2855 2081 3186 2142 Placentiae
3216 2098 3340 2140 non
3371 2079 3582 2155 habet,
3613 2078 3728 2140 sed
3755 2081 3946 2157 potest

2431 2173 2686 2251 habere,
2737 2178 2800 2235 et
2828 2173 3056 2252 accipit
3093 2173 3156 2232 in
3185 2173 3458 2252 pretium
3486 2171 3652 2231 mille
3682 2189 3900 2231 aureos
3926 2188 3940 2229 :

2430 2270 2572 2345 post
2614 2271 2743 2327 tres
2789 2285 3060 2342 menseS,
3109 2284 3251 2326 cum
3295 2266 3572 2326 triticum
3620 2262 3942 2325 Placentiae

2431 2377 2554 2419 non
2611 2359 2860 2436 habeat,
2919 2358 3071 2421 emit
3122 2358 3202 2419 ab
3246 2357 3470 2418 eodem
3513 2359 3758 2419 Joanne
3803 2355 3946 2416 alios

2431 2456 2681 2513 centum
2726 2452 2970 2512 modios
3016 2450 3207 2513 tritici
3236 2468 3394 2530 quos
3423 2451 3508 2511 ibi
3547 2453 3825 2513 Joanues
3852 2447 3945 2507 ha·

2429 2544 2559 2620 bet,
2618 2545 2822 2622 pretio
2879 2543 3115 2605 credito
3170 2561 3467 2604 summo:
3511 2561 3667 2623 quos
3718 2540 3947 2602 modios

2429 2635 2640 2697 reddit
2667 2635 2900 2696 ibidem
2930 2636 3182 2712 Joanni,
3218 2638 3288 2696 ut
3314 2636 3657 2714 adimpleat
3685 2635 3948 2712 primum

2433 2732 2823 2789 contractum
2891 2728 3268 2789 venditionis
3321 2730 3536 2788 Romae
3590 2727 3845 2800 factum,
3895 2728 3950 2784 et

2431 2824 2715 2881 remanet
2767 2819 3013 2880 debitor
3060 2819 3268 2899 pretii,
3329 2836 3453 2899 quo
3511 2819 3788 2879 triticum
3841 2816 3946 2876 hoe

2434 2911 2605 2988 emit,
2658 2912 2828 2992 quod
2875 2914 3131 2991 superat
3174 2912 3344 2972 mille
3390 2929 3617 2973 aureos
3655 2910 3944 2989 priusac·

2433 3008 2668 3083 ceptOS,
2703 3004 2952 3083 quando
2982 3004 3287 3065 vendidit.
3316 3003 3711 3081 Respondeo,
3743 3002 3794 3061 si
3814 3018 3946 3060 vere

2432 3102 2495 3158 et
2521 3114 2646 3156 non
2675 3097 2817 3157 ficte
2848 3100 3111 3175 utraque
3143 3096 3377 3176 emptio
3406 3100 3469 3156 et
3497 3094 3775 3155 venditio
3819 3095 3938 3166 fiat,

2434 3209 2637 3270 neque
2669 3190 2730 3249 in
2773 3190 2975 3267 prImo
3020 3193 3343 3251 contractu
3392 3192 3616 3250 Petrus
3654 3187 3949 3266 obligetur

2434 3282 2516 3344 ad
2545 3282 2880 3342 emendum
2907 3282 3185 3344 triticum
3204 3282 3358 3341 illud
3388 3285 3608 3361 postea
3632 3300 3670 3342 a
3695 3281 3943 3352 Joanne,

2436 3393 2561 3436 non
2588 3374 2785 3435 videri
2833 3374 3023 3435 etiam
3052 3374 3484 3434 damnandum
3515 3373 3690 3444 hunc,
3711 3375 3940 3433 coutra-

2434 3473 2600 3541 tum;
2652 3486 2796 3528 cum
2826 3467 2887 3527 in
2931 3467 3131 3545 primo
3175 3471 3422 3527 ematur
3462 3465 3762 3541 triticum,
3795 3462 3947 3544 quod

2436 3566 2719 3640 tempore
2747 3559 3101 3621 traditionis
3147 3562 3438 3638 speratur
3466 3560 3686 3619 Petrus
3715 3557 3943 3617 habitu·

2438 3673 2544 3714 rus
2618 3653 2968 3729 Placentiae,
3026 3651 3468 3730 undecumque
3523 3650 3677 3712 illud
3734 3649 3948 3709 habere

2438 3746 2655 3826 possit,
2704 3750 2767 3807 et
2808 3750 3028 3825 postea
3071 3745 3362 3806 tradatur
3404 3742 3634 3806 Joanni
3680 3743 3942 3804 triticum

2440 3839 2607 3920 quod
2647 3838 2780 3919 jum
2809 3842 2959 3899 tunc
2988 3855 3112 3899 non
3155 3840 3250 3898 est
3284 3836 3566 3911 Joannis,
3619 3834 3730 3896 sed
3775 3834 3947 3912 ipsius

2438 3932 2625 4008 Petri,
2672 3931 2777 4010 qui
2824 3948 2937 4009 per
2972 3930 3315 3991 secundam
3356 3930 3742 4008 emptionem
3776 3943 3941 3987 suum

2437 4024 2592 4084 illud
2637 4023 2804 4085 fecit.
2856 4025 3015 4084 Nam
3060 4022 3114 4082 si
3156 4040 3305 4082 vere
3347 4021 3625 4082 triticum
3668 4019 3748 4080 ab
3790 4018 3948 4079 initio

2439 4116 2774 4179 Placentiae
2812 4115 3153 4191 habuisset,
3188 4115 3494 4194 potuisset
3528 4113 3748 4193 procul
3776 4111 3947 4172 dubio

2438 4209 2592 4270 illud
2634 4209 2929 4285 vendere,
2984 4212 3046 4269 et
3089 4225 3455 4268 assecurare
3499 4207 3580 4267 ab
3609 4205 3777 4268 omni
3806 4203 3948 4283 peri-

2441 4303 2578 4364 culo
2632 4301 3034 4364 traditionem
3075 4301 3371 4361 futuram.
3424 4300 3665 4374 Quare,
3715 4296 3764 4358 si
3816 4314 3946 4358 casa

2440 4396 2650 4475 aliquo
2697 4394 2946 4457 interim
2993 4393 3300 4471 periisset,
3351 4392 3661 4471 potuisset
3709 4390 3787 4450 ad
3837 4389 3945 4468 pri·

2441 4507 2614 4550 mum
2654 4491 3042 4549 contractum
3086 4485 3558 4564 adimplendum
3584 4484 3851 4545 triticum
3877 4481 3946 4541 ab

2442 4582 2578 4662 ipso
2625 4583 2883 4642 Joaunae
2931 4579 3262 4640 Placentiae
3310 4596 3543 4653 emere,
3589 4595 3711 4656 quo
3753 4579 3948 4655 postea

2444 4675 2499 4735 ei
2530 4673 2795 4748 reddite,
2822 4673 3089 4733 solveret
3109 4671 3276 4750 quod
3295 4690 3366 4730 ex
3389 4670 3594 4749 prima
3615 4669 3948 4730 venditione

2443 4767 2714 4828 debebat
2747 4786 2759 4827 ε
2794 4766 2962 4826 idem
3006 4783 3154 4844 ergo
3185 4765 3417 4844 poterit
3464 4764 3669 4823 facere
3714 4762 3776 4822 in
3817 4778 3948 4819 casu

2443 4860 2787 4941 preposite,
2838 4876 2982 4918 cum
3028 4858 3089 4917 in
3137 4861 3403 4936 utroque
3449 4874 3627 4935 aeque
3671 4853 3949 4915 reddatur

2445 4953 2673 5015 Joanni
2715 4951 2993 5013 triticum
3038 4951 3117 5011 ab
3166 4951 3299 5028 ipso
3346 4954 3649 5028 emptum,
3698 4953 3760 5010 et
3796 4943 3947 5025 quod

2445 5052 2726 5124 tempore
2782 5045 2966 5123 primi
3017 5046 3373 5104 contractus
3418 5061 3545 5103 non
3591 5046 3720 5101 erat
3772 5037 3945 5109 Petri,

2448 5138 2559 5200 sed
2605 5137 2800 5217 ipsius
2844 5136 3126 5199 Joannis.
3163 5135 3265 5197 Sic
3293 5153 3445 5213 ergo
3493 5134 3555 5193 in
3586 5152 3728 5194 casu
3756 5135 3948 5191 nostro

2450 5230 2765 5293 cambium
2821 5229 3051 5305 licebit,
3111 5228 3176 5287 in
3230 5246 3352 5306 quo
3410 5226 3690 5287 similiter
3739 5222 3947 5301 duplex

2450 5323 2766 5386 cambium
2817 5323 2987 5382 reale
3031 5321 3349 5381 diversum
3404 5319 3764 5389 interr-'enin
3817 5331 3946 5394 quae

2448 5417 2575 5478 duo
2614 5416 2860 5477 cambia
2901 5416 3058 5475 adeo
3106 5418 3250 5474 sunt
3277 5413 3441 5474 inter
3466 5431 3534 5472 se
3564 5411 3856 5480 distincta,
3891 5412 3946 5466 ut

2447 5511 2722 5594 primum
2777 5508 3028 5570 omnino
3085 5506 3446 5572 absolvatur
3504 5503 3836 5576 Placentiae,
3894 5505 3947 5559 et

3983 1554 4107 1925 ΞΗῇ-Εῑ
4051 1430 4107 1491 Ξ
