4263 6376
1123 333 1592 398 DISPU'PATIO
1638 332 1909 408 xxvm,
1958 333 2231 394 saffris)
2276 335 2350 395 11.

114 514 439 581 Σῖῖιιιιὶιιειιι-ἰει
466 533 574 575 sua
599 532 972 594 procurare,
1025 516 1094 574 ut
1131 511 1403 573 creditor
1430 507 1663 570 minori

114 608 352 673 ³³'1valore
375 614 543 670 scuta
569 611 872 687 acceptet,
894 606 1332 683 sicutipsemet
1344 620 1655 683 campsor,

130 701 529 766 -1etmandans
568 717 907 780 procurare
952 701 1203 777 posset,
1251 696 1298 757 si
1331 715 1444 776 per
1471 714 1537 756 se
1568 694 1662 773 ip-

124 802 289 857 sf-sum
313 795 582 855 solveret.
601 792 1052 865 Quaevoluntas
1066 790 1482 851 communiter
1497 806 1662 868 proe-

172 887 308 951 sumi
333 886 499 947 facile
527 884 786 964 poterit
770 903 832 943 m
849 882 1210 960 mandante,
1236 882 1345 961 qui
1371 899 1515 943 cum
1528 879 1662 959 jam

172 986 323 1043 scuta
369 978 578 1057 majori
635 983 700 1039 et
751 977 1069 1038 communi
1116 975 1330 1036 valore
1383 973 1659 1050 solverit,

114 1082 115 1119 ³
174 1075 462 1135 contentus
489 1071 608 1132 erit
634 1087 748 1131 suo
777 1069 1167 1148 procuratori
1197 1068 1361 1128 hanc
1388 1066 1666 1128 occasio·

120 1178 143 1219 ‘22
176 1185 296 1227 nem
319 1163 584 1226 lucrandi
605 1162 740 1223 sine
759 1163 958 1241 ipsius
972 1160 1340 1241 praejudicio
1361 1160 1658 1235 tribuere,

174 1258 216 1320 si
240 1275 338 1318 sua
358 1255 656 1317 industria
694 1255 889 1334 possit
934 1254 1017 1315 ad
1044 1253 1354 1314 minorem
1384 1252 1665 1313 valorem

130 1374 153 1411 :a
172 1355 321 1411 scuta
346 1348 403 1409 in
430 1347 729 1409 solutione
758 1346 1083 1423 reducere,
1106 1363 1250 1407 cum
1279 1363 1354 1406 ex
1382 1345 1503 1405 hoc
1531 1343 1666 1404 nul·

114 1464 148 1505 ι,
174 1444 281 1503 lum
328 1442 615 1502 damnum
670 1439 1001 1500 mandanti
1054 1443 1356 1519 sequatur
1385 1484 1402 1514 ‚
1460 1455 1664 1516 neque

114 1536 334 1599 asenam
358 1534 588 1594 lucrum
617 1537 820 1594 cesset
878 1551 892 1597 ε
950 1550 1098 1593 nam
1142 1531 1191 1592 si
1236 1532 1426 1593 nollet
1453 1531 1516 1590 in
1548 1530 1667 1592 hoc

114 1627 484 1695 >consentire
508 1673 523 1702 ‚
555 1645 681 1687 non
711 1626 855 1686 ideo
883 1625 1129 1686 lucrum
1157 1625 1421 1685 haberet
1442 1670 1458 1700 ‚
1519 1622 1667 1702 quia

124 1780 127 1785 .
176 1728 298 1782 tunc
336 1723 693 1798 procurator
735 1722 914 1780 scuta
961 1718 1208 1796 singula
1252 1716 1667 1778 creditoribus

116 1814 408 1880 ‚solveret
450 1811 926 1892 quatuordecim
971 1811 1153 1873 Juliis
1193 1829 1336 1871 cum
1378 1808 1662 1882 dimidio,

174 1909 331 1985 prout
353 1904 761 1965 communiter
790 1905 1137 1965 solvuntur.
1172 1905 1302 1963 lloc
1325 1919 1476 1980 ergo
1506 1901 1668 1980 posi-

175 2006 243 2073 to,
266 1995 385 2076 jam
413 1997 638 2075 poterit
676 1995 847 2076 juste
895 1999 1266 2075 procurator
1316 1995 1559 2055 lucrum
1588 1992 1664 2052 il-

116 2130 141 2145 ar
172 2089 263 2151 lud
286 2107 600 2168 procurare
648 2094 715 2150 et
740 2088 858 2148 sibi
889 2088 1158 2149 retinere
1189 2106 1204 2147 :
1242 2104 1369 2147 non
1399 2086 1568 2147 enim
1596 2084 1667 2147 fit

114 2223 121 2257 3
175 2182 368 2260 injuria
392 2181 717 2257 creditori,
764 2199 909 2242 cum
959 2200 1085 2261 quo
1134 2180 1375 2241 nullum
1421 2183 1667 2240 coutra-

126 2350 137 2353 Γ
174 2283 334 2350 ctum,
361 2281 463 2336 aut
490 2274 1018 2353 permutationem
1064 2273 1217 2334 facit
1245 2273 1497 2333 nomine
1525 2288 1661 2346 suo,

125 2411 127 2414 Α
174 2367 264 2426 sed
289 2368 519 2428 nomine
549 2366 851 2428 debitoris
893 2366 982 2426 illi
1010 2365 1227 2437 solvit;
1289 2370 1351 2426 et
1376 2365 1537 2425 sicut
1562 2363 1667 2423 de-

120 2536 133 2541 „
175 2459 312 2521 bitor
334 2464 531 2539 posset
557 2477 902 2539 procurare
952 2463 1015 2519 et
1042 2462 1252 2536 petere
1301 2475 1339 2517 a
1385 2456 1666 2517 debitore

114 2602 117 2633 3
175 2552 374 2630 absque
400 2552 743 2627 coactione,
778 2555 848 2612 ut
873 2557 1051 2612 scuta
1080 2568 1192 2628 pro
1222 2548 1470 2624 minori,
1495 2547 1665 2628 justo

174 2650 351 2707 tamen
374 2645 579 2706 ualere
608 2643 673 2705 in
704 2649 966 2721 argento
996 2643 1342 2723 acciperet,
1376 2642 1466 2702 sic
1496 2645 1668 2719 pote-

176 2738 240 2798 rit
262 2738 367 2798 hoc
392 2738 588 2817 ipsum
639 2740 1013 2814 procurator
1053 2736 1258 2796 facere
1286 2781 1302 2811 ‚
1353 2752 1496 2795 cum
1542 2752 1667 2795 non

121 2821 125 2824 ’
173 2847 265 2889 suo
289 2829 386 2889 sed
403 2829 700 2890 debitoris
715 2828 967 2889 nomine
985 2828 1208 2889 solvat.
1241 2830 1456 2907 Neque
1477 2826 1667 2888 etiam

114 2916 121 2983 J
173 2921 231 2981 fit
250 2927 443 2982 contra
461 2921 564 3000 jus
586 2920 949 2983 mandantis
975 2938 1099 2981 non
1122 2919 1445 2981 reddendo
1467 2920 1523 2979 ei
1544 2918 1667 2979 tale

114 3010 117 3011 ⁷
173 3014 396 3087 lucrum,
428 3020 489 3074 et
515 3013 997 3074 diminutionem
1026 3012 1257 3074 valoris
1280 3059 1295 3089 ‚
1340 3030 1462 3092 quo
1491 3016 1668 3072 scuta

173 3112 489 3186 computata
515 3112 661 3168 sunt
692 3127 705 3167 :
732 3106 867 3186 jam
895 3107 1064 3166 enim
1087 3110 1268 3184 pacto
1289 3103 1666 3184 praecedenti

174 3200 430 3279 implicito
460 3205 831 3278 procurator
856 3199 971 3259 sibi
1004 3200 1138 3277 ejus
1167 3197 1465 3277 pecunias
1492 3214 1667 3258 acce-

174 3297 338 3370 perat,
366 3291 738 3353 assumendo
763 3291 826 3352 in
856 3310 921 3351 se
953 3290 1397 3369 obligationem
1426 3289 1667 3350 solven-

173 3385 224 3444 di
248 3385 503 3446 debitum
532 3384 670 3464 ejus
700 3384 953 3444 nomine
973 3430 989 3459 ,
1037 3388 1101 3445 et
1127 3387 1370 3445 retenta
1399 3401 1473 3442 ex
1503 3380 1668 3460 ejus-

172 3478 291 3538 dem
316 3479 618 3540 voluntate
641 3482 1048 3557 praesumpta,
1071 3476 1187 3536 sibi
1201 3476 1501 3536 facultate
1522 3491 1668 3554 pro-

122 3573 133 3655 s
173 3570 396 3630 curandi
439 3572 500 3631 in
540 3588 729 3632 suum
757 3569 1160 3630 commodum
1188 3567 1666 3628 diminutionem

172 3664 366 3723 valon‘s
388 3668 729 3739 scutorum,
764 3662 932 3742 quod
964 3662 1025 3722 in
1063 3662 1389 3741 praemium
1418 3678 1547 3721 suoe
1576 3659 1667 3719 in-

173 3754 389 3816 dustriae
414 3757 682 3818 retinere
711 3755 831 3815 sibi
858 3760 1071 3834 posset
1113 3774 1128 3815 :
1175 3771 1368 3833 quare
1399 3772 1473 3813 ex
1502 3751 1669 3832 ejus-

172 3848 292 3907 dem
347 3848 686 3928 campsoris
750 3847 1070 3909 voluntate
1142 3846 1494 3925 negotiatus
1548 3846 1667 3907 sibi

174 3940 267 4000 fnit
288 3946 638 4019 procurator
682 3944 746 4002 et
793 3940 1069 4002 lucratus
1100 3938 1252 4000 illud
1283 3939 1669 4000 emolumen-

172 4037 301 4094 tum.

234 4127 412 4203 Dices,
443 4128 492 4188 si
520 4132 896 4207 procurator
921 4125 1107 4186 solvit
1125 4143 1250 4186 non
1279 4142 1392 4185 suo
1420 4123 1533 4185 sed
1561 4124 1664 4186 de·

172 4215 354 4280 biteris
380 4221 664 4291 nomine;
698 4236 850 4297 ergo
880 4217 1016 4297 ejus
1045 4218 1236 4279 etiam
1267 4217 1517 4278 nomine
1543 4263 1558 4293 ‚
1604 4222 1668 4280 et

173 4329 273 4370 non
306 4330 407 4374 suo
451 4315 771 4393 permutat
814 4328 959 4373 cum
1007 4309 1318 4371 creditore
1361 4309 1666 4388 pecunias

171 4420 358 4466 aureas
382 4425 491 4485 pro
521 4403 1002 4485 quatuordecim
1029 4404 1063 4465 J
1070 4402 1210 4465 uliis
1238 4402 1551 4480 singulas;
1605 4406 1668 4464 et

171 4512 262 4571 per
283 4514 656 4579 consequens
697 4501 832 4558 tota
879 4497 1111 4558 utilitas
1159 4496 1324 4556 illius
1350 4499 1666 4574 permuta-

170 4587 325 4650 tionis
349 4590 723 4653 redundabit
751 4590 812 4649 in
843 4588 1228 4664 debitorem,
1262 4589 1441 4667 cujus
1470 4586 1667 4649 nomi-

173 4697 233 4739 ne
256 4682 334 4743 fit.
357 4683 744 4762 Respondeo,
770 4682 832 4742 in
854 4682 1160 4743 solutione
1181 4680 1495 4759 duplicem
1517 4697 1667 4741 con·

170 4777 399 4836 tractum
426 4775 733 4850 inveniri,
784 4775 1052 4836 alterum
1089 4792 1280 4834 merae
1310 4771 1660 4848 solutionis,

170 4883 271 4942 qno
294 4873 457 4928 scuta
483 4868 697 4948 debita
726 4884 919 4928 aurea
948 4867 1295 4942 solvuntur,
1329 4869 1393 4926 et
1419 4865 1667 4926 debitor

171 4955 462 5034 liberatur,
493 4966 557 5023 et
582 4960 687 5020 hic
716 4958 787 5020 fit
814 4958 1008 5019 solius
1036 4958 1338 5020 debitoris
1367 4958 1661 5031 nomine;

171 5048 398 5113 alterum
452 5051 927 5132 permutationis
950 5097 966 5129 ,
1039 5069 1166 5130 qua
1220 5054 1401 5112 scuta
1453 5050 1668 5112 debita

171 5150 594 5208 commutantur
620 5143 872 5224 singula
907 5162 1022 5224 pro
1056 5142 1531 5223 quatuordecim
1559 5144 1666 5205 Ju-

170 5232 268 5312 liis,
295 5244 357 5300 ει
374 5238 471 5300 hic
496 5240 569 5302 fit
593 5259 633 5301 a
661 5241 1070 5318 procuratore
1096 5236 1350 5297 nomine
1366 5254 1503 5312 suo,
1525 5253 1665 5316 pro-

172 5332 288 5405 pter
310 5337 548 5410 pactum
575 5330 950 5410 implicitum
977 5328 1338 5411 praecedens
1360 5374 1377 5407 ‚
1411 5347 1536 5408 quo
1564 5347 1666 5390 as-

173 5424 439 5487 sumendo
486 5425 599 5487 sibi
650 5443 809 5486 onus
854 5422 1141 5484 solvendi
1189 5422 1341 5482 illud
1379 5421 1663 5483 debitum

176 5516 467 5593 aequisivit
498 5538 573 5578 ex
602 5519 922 5579 voluntate
953 5519 1336 5594 praesumpta
1364 5514 1663 5575 debitoris

3178 339 3293 397 399

1759 509 2119 571 facultatem
2151 511 2548 589 permutandi
2577 517 2756 573 scuta
2784 511 3034 573 nomine
3064 531 3199 589 suo,
3232 518 3297 576 et

1759 602 1824 661 in
1851 620 2029 661 suam
2058 603 2426 676 utilitatem;
2474 604 2562 666 ita
2601 610 2810 666 tamen
2837 651 2854 681 ,
2906 610 2975 667 ut
3019 610 3299 667 uteretur

1754 693 1896 773 jure
1925 694 2147 755 eodem
2179 696 2343 774 quod
2376 696 2624 758 debitor
2652 697 2925 760 habebat
2955 718 3298 777 procuran-

1763 785 1827 848 di
1855 789 2382 866 permutationem
2424 789 2737 851 utiliorem
2787 790 2935 867 sibi;
3001 792 3170 870 quod
3191 792 3297 872 jus

1761 878 2007 940 debitor
2031 885 2320 942 censetur
2347 881 2411 941 in
2439 881 2643 961 ipsum
2672 883 3082 946 transtulisse.
3143 886 3294 946 Per-

1762 976 1965 1034 mutat
1991 991 2143 1052 ergo
2174 974 2426 1035 nomine
2455 992 2568 1035 suo
2611 980 2674 1037 et
2713 974 2856 1037 ideo
2886 977 3154 1057 acquirit
3177 976 3294 1039 sibi

1762 1065 2008 1125 lucrum
2038 1084 2114 1125 ex
2142 1067 2600 1144 permutatione
2635 1086 2649 1127 :
2699 1068 2894 1130 utitur
2919 1075 3130 1130 tamen
3151 1071 3297 1150 jure

1765 1158 1934 1237 quod
1966 1157 2240 1221 habebat
2268 1159 2516 1221 debitor
2556 1159 2636 1219 ad
2664 1163 3129 1240 procurandum
3160 1182 3297 1244 per-

1762 1250 2176 1312 mutationem
2203 1251 2516 1313 utiliorem
2536 1252 2670 1313 sine
2698 1255 3041 1332 coactione,
3067 1261 3130 1317 et
3156 1256 3297 1318 ideo

1765 1360 1889 1403 non
1918 1342 2151 1423 decipit
2192 1344 2565 1405 creditorem
2590 1392 2605 1421 ‚
2659 1345 2804 1425 quia
2849 1346 2936 1408 ita
2985 1353 3302 1428 permutat

1765 1435 2016 1496 nomine
2044 1455 2158 1498 suo
2181 1483 2197 1513 ‚
2243 1441 2314 1497 ut
2342 1442 2554 1499 utatur
2572 1437 2715 1517 jure
2744 1444 2875 1501 toto
2904 1438 3203 1502 debitoris
3234 1442 3296 1503 in

1763 1529 1969 1607 ipsum
1997 1530 2322 1606 translato,
2357 1535 2419 1591 et
2447 1530 2709 1610 perinde
2737 1531 2816 1593 sit
2844 1550 2918 1593 ac
2943 1534 2997 1593 si
3028 1533 3160 1613 ipse
3189 1534 3301 1596 de-

1764 1621 1931 1682 bitor
1957 1640 2068 1699 per
2097 1641 2164 1682 se
2195 1622 2402 1700 ipsum
2424 1668 2440 1697 ‚
2492 1623 2590 1683 vel
2631 1630 3003 1702 procurator
3027 1628 3161 1706 ejus
3189 1646 3300 1690 no-

1764 1714 1931 1774 mine
1960 1715 2489 1793 permutationem
2517 1715 2688 1775 illam
2717 1716 2988 1794 faceret,
3023 1738 3163 1799 quae
3191 1738 3300 1800 po·

1766 1810 1884 1867 test
1913 1805 2033 1866 dici
2066 1806 2278 1886 aliquo
2309 1807 2496 1868 modo
2527 1809 2716 1870 etiam
2739 1810 2873 1870 fieri
2904 1812 3155 1873 nomine
3190 1813 3302 1874 de-

1764 1899 2016 1974 bitoriS,
2066 1899 2187 1959 hoc
2236 1906 2331 1961 est
2375 1901 2748 1963 auctoritate
2796 1907 2858 1964 et
2885 1909 3190 1982 potestate
3220 1906 3301 1967 ab

1765 1991 1898 2070 ipso
1931 1990 2099 2067 data,
2135 1995 2203 2052 ut
2229 1997 2522 2072 procuret
2541 1994 2869 2056 utilitatem
2899 1999 3302 2076 permutatio-

1768 2083 1882 2159 nis,
1916 2084 2078 2144 sicut
2118 2084 2169 2144 si
2200 2102 2313 2145 suo
2339 2085 2591 2146 nomine
2619 2087 2821 2165 fieret,
2856 2107 2971 2167 per
2999 2109 3187 2170 quam
3208 2093 3302 2153 fa·

1764 2174 2062 2237 cultatem
2107 2181 2173 2238 et
2206 2175 2367 2255 juris
2396 2179 2872 2241 translationem
2898 2184 3130 2260 poterit
3155 2203 3304 2264 pro-

1767 2272 2017 2329 curator
2044 2269 2179 2329 siue
2222 2269 2631 2347 deceptione,
2685 2277 2794 2334 aut
2840 2273 3068 2353 injuria
3099 2278 3304 2339 credi-

1763 2360 1917 2421 toris
1943 2360 2150 2421 facere
2179 2365 2378 2422 totum
2408 2362 2470 2422 id
2501 2363 2670 2444 quod
2697 2363 2945 2428 debitor
2961 2367 3168 2430 facere
3193 2388 3301 2450 po·

1763 2454 2004 2515 tuisset.

1844 2548 2020 2608 Petet
2046 2547 2271 2627 aliquis
2295 2593 2310 2623 ,
2345 2566 2423 2608 an
2453 2548 2615 2610 sicut
2640 2550 2911 2613 famulus
2939 2554 3036 2614 vel
3065 2555 3169 2615 alii
3197 2575 3294 2618 su·

1764 2657 1877 2718 pra
1903 2640 2252 2700 enumerati
2282 2645 2546 2719 possunt
2590 2642 2818 2705 lucrari
2869 2664 2943 2705 ex
2979 2654 3299 2725 permuta-

1761 2732 1931 2793 tione
1960 2732 2241 2810 pecuniae
2270 2733 2389 2793 sibi
2412 2734 2656 2796 traditae
2705 2737 2784 2796 ad
2808 2738 3109 2802 solvenda
3127 2742 3296 2803 debi-

1762 2828 1849 2901 ta,
1880 2824 1980 2885 vel
2007 2825 2216 2904 aliqua
2246 2827 2534 2903 emenda,
2567 2833 2684 2889 etc.
2718 2830 2916 2907 possit
2941 2831 3131 2893 etiam
3159 2835 3297 2895 reli-

1762 2917 1995 2995 giosus,
2046 2918 2143 2978 vel
2175 2918 2632 2981 ecclesiasticus
2677 2921 2908 2983 lucrari
2936 2930 3298 3003 permutan-

1764 3010 1846 3071 do
1873 3010 2206 3088 pecuniam
2235 3011 2352 3070 sibi
2382 3012 2667 3073 similiter
2695 3014 2774 3073 ab
2804 3015 2940 3076 aliis
2965 3018 3301 3081 traditam?

1765 3102 2169 3182 Respondeo,
2221 3109 2461 3165 certum
2492 3104 2687 3165 videri
2721 3108 2891 3185 quod
2927 3110 3302 3175 ecclesiasti·

1763 3196 1821 3257 ci
1855 3201 2115 3275 possunt
2143 3197 2440 3276 pecunias
2468 3216 2691 3260 aureas
2717 3218 2884 3278 5ιιει5,
2919 3222 3075 3282 quas
3104 3205 3300 3267 aliun-

1763 3289 1843 3349 de
1874 3288 2107 3350 habent
2148 3294 2507 3367 permutare
2548 3310 2660 3370 pro
2692 3296 3006 3372 argenteis
3033 3314 3176 3358 cum
3206 3299 3302 3359 lu·

1764 3400 1870 3443 cro
1895 3428 1911 3458 ,
1958 3382 2116 3443 sicut
2145 3382 2528 3444 frumentum
2574 3384 2672 3444 vel
2701 3386 2918 3448 vinum
2946 3407 3128 3450 suum
3160 3408 3302 3469 pos-

1763 3481 1908 3537 sunt
1933 3474 2239 3547 vendere;
2283 3474 2418 3535 haec
2449 3477 2617 3536 enim
2649 3496 2772 3538 non
2804 3483 2900 3541 est
2927 3483 3293 3560 negotiatio.

1763 3566 1977 3644 Unde,
2026 3567 2189 3629 sicut
2234 3568 2618 3629 frumentum
2649 3571 2818 3648 quod
2862 3574 2981 3635 sibi
3026 3576 3107 3636 ad
3155 3594 3300 3639 suos

1762 3679 1910 3721 usus
1922 3664 2230 3736 emerunt,
2255 3666 2516 3738 possunt
2533 3668 2748 3741 postea
2770 3664 2917 3727 data
2943 3669 3294 3746 occasione,

1761 3752 1969 3813 carius
1998 3753 2307 3826 vendere;
2341 3753 2428 3813 sic
2457 3756 2755 3833 pecunias
2785 3777 3007 3820 aureas
3038 3779 3194 3840 quas
3226 3782 3300 3822 ex

1763 3849 2088 3906 contractu
2118 3845 2216 3906 vel
2264 3847 2725 3923 permutatione
2773 3851 2853 3910 ad
2887 3852 3080 3912 alium
3109 3855 3300 3915 finem

1764 3941 2142 4016 acceperunt
2168 3983 2184 4013 ,
2236 3943 2496 4016 possunt
2534 3945 2750 4017 postea
2789 3943 2993 4004 carius
3020 3963 3135 4024 pro
3164 3946 3302 4008 aliis

1764 4029 2044 4109 pecuniis
2110 4034 2506 4107 permutar03
2577 4032 2724 4111 quia
2778 4035 2861 4095 ad
2930 4039 3303 4116 negotiatio-

1763 4141 1908 4182 nem
1969 4122 2255 4201 requitur
2322 4140 2532 4183 emere
2606 4143 2738 4185 rem
2810 4128 3020 4190 animo
3094 4132 3302 4194 carius

1763 4232 1901 4274 eam
1930 4212 2264 4274 vendendi.
2325 4214 2504 4276 Sicut
2548 4221 2757 4278 autem
2781 4218 2973 4281 -dicta
3027 4222 3300 4286 sectione

1762 4323 1845 4367 ιι.
1878 4306 2183 4383 diximus,
2244 4306 2733 4370 ecclesiasticum
2775 4329 2898 4372 non
2956 4331 3138 4392 posse
3167 4334 3300 4376 rem

1761 4398 1880 4459 sibi
1932 4399 2012 4460 ab
2075 4399 2196 4459 alio
2267 4399 2564 4461 traditam
2609 4402 2691 4463 ad
2738 4405 3139 4468 vendendum
3183 4410 3300 4471 sibi

1764 4510 1837 4552 eo
1885 4492 2083 4571 pretio
2142 4510 2349 4553 emere
2376 4539 2392 4569 ,
2452 4498 2522 4555 ut
2565 4500 2784 4574 postea
2829 4499 2965 4560 aliis
3027 4520 3165 4563 eam
3197 4522 3302 4565 ca—

1762 4585 1891 4645 rius
1945 4585 2217 4662 vendat,
2287 4587 2435 4664 quia
2500 4585 2635 4660 haec
2689 4595 2854 4652 esset
2904 4596 3246 4673 negotiatio
3281 4619 3295 4661 ε

1763 4680 1852 4739 sic
1906 4678 1970 4738 in
2030 4678 2321 4756 praesenti
2371 4678 2707 4741 dicendum
2755 4687 2882 4760 est,
2940 4704 3065 4746 non
3119 4708 3300 4767 posse

1763 4769 2098 4850 pecuniam
2147 4788 2404 4831 auream
2449 4771 2566 4831 sibi
2595 4773 2677 4833 ab
2723 4773 2862 4836 aliis
2901 4780 3300 4843 commissam

1764 4863 1841 4924 ad
1874 4862 2172 4924 solvenda
2202 4863 2435 4940 debita,
2470 4864 2568 4925 vel
2599 4866 2678 4925 ad
2695 4866 2934 4948 aliquid
2963 4873 3298 4935 emendum

1762 4956 1881 5019 sibi
1911 4974 2252 5032 assumere,
2286 4961 2356 5017 ut
2382 4975 2516 5017 rem
2531 4959 2927 5021 commissam
2959 4971 3303 5045 exequatur

1765 5048 2029 5128 pecunia
2072 5054 2404 5127 argentea,
2457 5054 2519 5111 et
2563 5070 2821 5112 auream
2867 5054 3037 5115 illam
3083 5064 3302 5137 postea

1765 5140 1986 5220 maj0ri
2020 5141 2234 5202 valore
2263 5146 2609 5221 permutet:
2644 5142 2780 5206 haec
2807 5145 2975 5207 enim
3003 5154 3167 5212 esset
3192 5169 3301 5213 ve-

1761 5253 1836 5295 ra
1863 5232 2227 5313 negotiatio,
2261 5252 2487 5313 nempe
2506 5235 2791 5316 accipere
2819 5241 3136 5304 mediante
3163 5262 3300 5323 per-

1765 5326 2110 5388 mutatione
2139 5326 2473 5405 pecuniam
2503 5347 2783 5407 auream,
2836 5337 2904 5392 ut
2930 5342 3148 5413 postea
3176 5339 3301 5401 alia

1765 5419 2224 5499 permutatione
2253 5437 2398 5479 cum
2426 5421 2598 5482 lucro
2629 5440 2768 5482 eam
2797 5425 3023 5487 iterum
3051 5448 3299 5509 permu-

1764 5516 1855 5572 tet
1884 5532 1897 5572 :
1934 5530 2109 5586 nam,
2147 5516 2217 5572 ut
2244 5530 2387 5572 cum
2417 5515 2734 5573 communi
2765 5516 3092 5580 doctorum
3126 5531 3298 5586 nota·

3443 2568 3524 2629 30

3373 2692 3449 2736 nel
3510 2706 3622 2747 οιιιι,

3363 2748 3428 2789 vol
3492 2748 3628 2791 ericus

3363 2812 3415 2843 aa
3436 2801 3566 2854 possit
3583 2800 3628 2843 id

3417 2856 3522 2897 tm
3530 2866 3571 2897 ·0
