4263 6376
1146 343 1613 404 DlSPU'rA'rlo
1659 342 1904 416 XXVII,
1954 341 2228 402 SECTIO
2273 343 2346 401 X.

3193 338 3310 397 385

182 540 485 583 commune
545 521 803 582 aliorum
857 537 1180 581 censuum.
1245 518 1681 597 Respondetur
1778 518 1980 593 detur,
2015 536 2220 597 neque
2249 521 2492 597 emptor
2520 519 2879 577 servaturus
2900 517 3034 575 erat
3053 514 3314 574 ducatos

182 635 245 675 ex
273 615 410 675 dict.
444 619 590 695 sect.
630 615 759 673 Vll.
795 613 943 673 dub.
968 630 1053 673 1v.
1081 612 1369 689 negando
1391 610 1674 672 anteced.

182 708 310 787 quia
340 726 554 768 revera
572 725 790 767 census
819 706 919 766 ille
947 710 1201 784 propter
1230 724 1386 765 onus
1413 703 1682 782 speciale

184 800 464 861 venditori
491 800 842 879 appositum
876 799 1011 877 plus
1033 798 1291 872 valeret,
1324 802 1392 858 ut
1421 797 1504 856 ibi
1527 795 1686 856 dixi-

184 912 326 969 muS,
375 898 433 953 et
459 892 597 953 ideo
629 911 772 951 cum
801 891 1204 971 proportione
1235 889 1469 968 aliquid
1500 889 1687 948 debe-

185 991 266 1046 ret
293 990 525 1063 emptor
553 985 613 1044 in
640 984 838 1064 pretio
860 984 1222 1045 ascendere.
1256 983 1460 1043 Minus
1477 985 1687 1042 tamen

186 1078 384 1139 crescit
409 1095 628 1137 census
659 1077 720 1136 in
756 1077 962 1136 valore
984 1080 1241 1154 propter
1262 1079 1513 1152 pactum
1540 1072 1691 1133 illud

187 1172 254 1230 de
281 1189 392 1230 non
420 1170 782 1230 redimendo
811 1188 924 1249 per
953 1174 1183 1246 parteS‚
1226 1167 1391 1246 quod
1437 1166 1691 1245 quidem

189 1283 295 1324 non
322 1264 525 1341 magni
580 1263 659 1322 ab
703 1265 982 1341 emptore
1031 1262 1121 1337 fit,
1156 1279 1346 1339 quam
1388 1261 1695 1320 cresceret

189 1375 285 1436 per
310 1360 546 1433 pactum
580 1355 656 1415 dc
703 1354 1070 1415 redimendo
1113 1352 1333 1413 eadem
1362 1369 1608 1411 summa
1635 1353 1698 1411 et

189 1449 370 1527 specie
397 1453 684 1522 monetae,
711 1445 888 1526 cujus
918 1447 1374 1506 incrementum
1395 1444 1458 1503 in
1489 1443 1696 1502 valore

190 1542 439 1600 futurum
468 1539 876 1617 praevidetur3
920 1538 1087 1617 quod
1118 1537 1372 1617 quidem
1401 1535 1594 1614 pluris
1618 1535 1698 1595 ab

192 1639 443 1711 emptore
472 1632 562 1706 fit,
596 1637 666 1693 ut
693 1630 1075 1710 experientia
1106 1634 1391 1690 testatur.

260 1726 450 1786 Tertio
499 1724 686 1803 objici
716 1728 920 1804 potest
961 1723 1315 1801 exemplum
1370 1721 1592 1797 mutui,
1638 1721 1701 1780 in

194 1837 301 1898 quo
327 1823 613 1878 mutuans
643 1816 890 1894 exigere
926 1819 1135 1893 potest
1162 1814 1400 1893 absque
1423 1832 1610 1874 usura
1638 1816 1709 1874 ut

196 1911 467 1972 reddatur
492 1910 608 1970 sibi
642 1909 863 1969 eadem
892 1926 1138 1969 summa
1161 1912 1452 1982 monetae,
1475 1911 1538 1967 et
1556 1907 1617 1965 in
1632 1924 1708 1966 ea

195 2003 375 2082 specie
405 2023 418 2063 :
453 2021 604 2081 ergo
662 2020 819 2062 onus
848 2001 997 2061 illud
1030 2020 1151 2060 non
1197 2006 1291 2061 est
1317 1999 1515 2078 pretio
1548 1997 1704 2058 aesti-

198 2096 417 2170 mabile,
450 2095 728 2174 alioquin
771 2112 894 2154 non
922 2094 1138 2153 liceret
1186 2092 1247 2151 in
1289 2096 1508 2151 mutuo
1543 2090 1705 2170 ejus-

200 2189 343 2249 modi
392 2207 546 2248 onus
594 2206 934 2267 apponere.
989 2188 1172 2265 Resp.
1216 2184 1522 2263 imprimis
1559 2202 1701 2260 neg.

202 2281 459 2343 anteced.
524 2281 779 2359 quando
855 2278 1235 2357 praevidetur
1302 2280 1708 2355 augmentum

201 2373 488 2434 valorisin
516 2378 776 2433 moneta
803 2373 1082 2433 futurum
1136 2375 1417 2448 tempore
1462 2367 1709 2429 solutio-

204 2469 282 2528 nis
307 2467 623 2542 faeiendae,
650 2471 717 2527 ut
741 2465 1011 2525 diximus
1041 2464 1201 2542 disp.
1219 2480 1364 2524 xxv.
1385 2463 1462 2522 dc
1494 2466 1710 2522 mutuo

203 2565 332 2622 sect.
370 2577 475 2620 vu.
511 2559 763 2635 deinde,
816 2556 1122 2637 quidquid
1150 2556 1229 2617 sit
1257 2555 1333 2615 de
1362 2559 1612 2627 mutuo;
1648 2554 1712 2614 in

204 2673 367 2715 censu
396 2657 487 2713 est
512 2650 847 2732 peculiaris
876 2651 1060 2725 ratic,
1115 2650 1177 2708 in
1209 2667 1333 2728 quo
1379 2647 1717 2709 intervenit

203 2748 411 2825 emptio
440 2752 505 2807 et
532 2744 812 2806 venditio
843 2762 1121 2823 praesens
1144 2742 1486 2821 completa;
1522 2757 1716 2819 quare

206 2840 273 2899 ad
293 2838 588 2919 justitiam
619 2837 782 2916 preti
804 2836 1046 2897 attendi
1076 2835 1446 2895 debetvalor
1464 2833 1552 2893 rei
1577 2851 1716 2911 quae

206 2950 350 2992 nunc
376 2931 705 3003 venditum
740 2934 926 3008 atque
957 2929 1282 3003 ide0,cum
1312 2945 1533 2987 census
1558 2926 1622 2985 in
1644 2925 1719 2985 iis

207 3024 661 3086 circumstantiis
716 3022 972 3101 majoris
1029 3021 1257 3080 valoris
1308 3021 1405 3096 sit,
1466 3022 1721 3097 propter

208 3117 630 3198 ejusmajorcm
660 3114 1274 3190 irredimibilitatem,
1309 3112 1514 3173 carius
1534 3110 1720 3171 debet

210 3212 337 3288 emi,
366 3217 433 3275 ut
449 3211 622 3291 justo
645 3211 843 3290 pretio
875 3215 1122 3269 ematur
1152 3212 1220 3268 ut
1248 3207 1485 3267 dictum
1513 3209 1625 3266 est.

278 3307 396 3366 Hoc
424 3310 635 3366 tamen
678 3306 890 3381 posset
915 3301 1176 3363 fortasse
1207 3299 1534 3360 contrariae
1587 3316 1723 3358 sen·

211 3397 394 3459 tentiae
434 3395 717 3471 concedi,
754 3400 820 3456 ut
848 3395 899 3455 si
955 3397 1360 3473 augmentum
1390 3390 1615 3452 valoris
1662 3389 1726 3449 in

153 3525 158 3548 t
213 3495 437 3550 moneta
465 3490 747 3552 futurum
777 3486 1196 3548 communiter
1236 3485 1581 3564 ignoretur,
1614 3481 1726 3542 sed

155 3577 174 3598 ⁹
213 3587 430 3662 emptor
456 3583 708 3662 privata
734 3581 996 3642 scientia
1022 3579 1084 3639 id
1115 3578 1367 3639 aliunde
1388 3578 1563 3652 sciat,
1589 3594 1726 3656 pos-

156 3680 165 3706 ³
213 3677 281 3737 sit
318 3682 562 3755 pactum
593 3674 750 3735 illud
792 3691 1113 3753 apponere
1146 3692 1160 3732 ε
1196 3670 1345 3750 quia
1389 3688 1532 3730 cum
1561 3687 1727 3729 com-

213 3769 459 3831 muniter
486 3769 817 3847 ignoretur
862 3769 1274 3844 augmentum
1306 3764 1533 3824 valoris
1562 3763 1727 3822 futu·-

214 3879 355 3936 rum,
382 3860 800 3922 communiter
827 3859 1017 3920 etiam
1038 3858 1369 3936 ignoratur
1395 3856 1603 3915 minor
1629 3874 1729 3914 re-

217 3953 549 4015 dimibilitas
579 3954 794 4013 futura
821 3952 984 4012 illius
1014 3969 1259 4026 census,
1293 3953 1354 4009 et
1381 3967 1493 4027 per
1516 3965 1728 4007 conse-

218 4066 392 4126 quens
411 4065 573 4107 nunc
607 4065 832 4107 census
863 4046 964 4105 ille
994 4063 1118 4105 non
1137 4043 1332 4123 pluris
1362 4041 1725 4116 aestimatur,

220 4158 318 4200 nec
345 4142 475 4219 plus
504 4140 675 4202 valet
704 4158 892 4218 quam
925 4139 1050 4214 alii,
1103 4155 1247 4197 cum
1274 4135 1450 4195 valor
1480 4137 1734 4194 natura-

221 4233 282 4292 lis
329 4235 562 4295 desumi
612 4233 844 4293 debeat
871 4251 946 4292 ex
999 4229 1320 4292 communi
1368 4227 1626 4287 scientia
1671 4229 1735 4286 et

223 4327 629 4389 aestimatione.
687 4326 752 4388 Si
810 4344 961 4404 ergo
1018 4341 1183 4384 nunc
1241 4326 1488 4382 ematur
1534 4318 1733 4398 pretio

223 4421 533 4498 communi,
559 4422 732 4499 juste
753 4419 1000 4495 emitur,
1027 4435 1170 4477 cum
1202 4435 1323 4476 non
1356 4413 1549 4492 pluris
1570 4430 1736 4472 nunc

224 4514 614 4574 communiter
671 4512 1015 4573 {estimetur
1057 4511 1135 4570 ab
1193 4508 1572 4582 hominibuS,
1624 4522 1738 4566 nec

226 4612 459 4667 eventus
480 4608 581 4667 ille
601 4606 869 4680 futuruS,
896 4604 1043 4664 dum
1067 4602 1345 4663 occultus
1361 4605 1476 4675 est,
1508 4617 1737 4677 augere

228 4701 399 4774 possit
423 4716 823 4760 communem
853 4696 988 4776 ejus
1029 4695 1507 4756 aestimationem
1538 4699 1600 4753 et
1626 4709 1735 4751 va·

229 4790 402 4852 lorem
436 4815 448 4854 :
482 4810 678 4873 quare
701 4810 825 4850 non
856 4790 1036 4851 facile
1055 4792 1317 4867 apparet
1346 4787 1648 4866 injustitia
1678 4788 1742 4847 in

231 4902 294 4942 eo
323 4891 666 4962 contractu,
700 4885 820 4945 nisi
850 4884 1102 4955 quando
1134 4902 1207 4942 ex
1238 4881 1547 4941 industria
1576 4881 1744 4958 prin-

233 4995 359 5056 ceps
373 4980 463 5039 vel
482 4979 884 5057 magistratus
898 4975 1262 5036 differretad
1275 4977 1461 5035 tinem
1476 4993 1651 5052 prom
1661 4974 1745 5034 ul-

233 5071 523 5145 gationem
554 5072 636 5132 de
678 5072 1064 5131 incremento
1097 5068 1325 5129 valoris
1373 5068 1433 5126 in
1463 5073 1740 5144 moneta,

234 5169 400 5239 prout
441 5165 503 5224 in
549 5164 739 5224 simili
775 5162 1046 5224 diximus
1088 5161 1248 5240 disp.
1287 5160 1555 5240 praeced.
1590 5164 1740 5223 sect.

237 5271 356 5315 vm.

310 5348 555 5421 Quando
584 5368 735 5411 vero
765 5349 1042 5410 futurum
1073 5347 1536 5407 incrementum
1580 5346 1749 5407 valo-

242 5441 317 5499 ris
342 5441 398 5500 in
426 5448 677 5505 moneta
713 5441 1129 5504 communiter
1158 5441 1352 5501 scitur
1397 5440 1493 5498 vel
1525 5439 1750 5518 praevi-

539 5540 696 5600 Tou.
732 5538 859 5598 Vll.

1781 629 1926 670 suos
1951 611 2027 669 ad
2060 611 2213 670 illud
2244 610 2608 671 incrementi
2631 618 2899 688 tempuS,
2934 607 3122 668 credo
3146 605 3314 685 quod

1782 703 1982 763 dictus
2017 706 2082 764 P.
2119 704 2465 764 Ubaldinus
2497 704 2704 781 reipsa
2743 719 2990 781 parum,
3047 705 3155 760 aut
3184 701 3314 758 fere

1785 796 1938 856 nihil
1966 815 2004 857 a
2048 801 2260 857 nostra
2300 796 2610 857 sententia
2653 796 2996 870 dissentiet,
3054 793 3187 869 sed,
3249 795 3320 851 ut

1785 907 1975 967 supra
2003 888 2240 965 monui,
2290 888 2418 950 fere
2465 890 2714 951 videtur
2759 887 3117 964 convenire,
3173 902 3318 945 nam

1784 984 1840 1060 ἓ.
1870 987 1968 1042 ¹12.
2003 982 2259 1043 tandem
2289 983 2518 1043 fatetur
2547 987 2800 1060 pactum
2830 981 3013 1057 illud,
3061 998 3187 1040 non
3214 997 3319 1038 au-

1789 1079 1885 1135 cto
1942 1074 2182 1153 preti0‚
2258 1095 2381 1137 non
2437 1075 2897 1137 admittendum
2955 1092 3089 1133 esse
3114 1120 3130 1148 ,
3203 1069 3320 1131 nisi

1794 1189 1822 1225 «
1857 1167 2107 1248 quando
2139 1169 2463 1248 acquisitio
2483 1169 2764 1249 pecuniae
2788 1167 3053 1242 traditae,
3089 1170 3151 1227 et
3178 1183 3322 1225 con-

1790 1267 1991 1321 vcntae
2024 1280 2145 1320 uon
2177 1262 2441 1323 multum
2488 1261 2873 1322 difficultatis
2903 1260 3136 1319 habeat
3163 1261 3324 1318 tem-

1794 1372 1944 1431 pore
1975 1353 2322 1431 solutioniS,
2359 1373 2473 1415 nec
2503 1373 2803 1433 magnum
2821 1353 3135 1413 desideret
3163 1367 3327 1410 sum-

1796 1454 2025 1525 ptum»
2067 1452 2183 1507 etc.
2246 1449 2322 1507 Et
2348 1452 2566 1524 postea
2596 1447 2807 1508 subdit
2857 1467 2869 1507 ε
2932 1467 2960 1501 «
2989 1444 3232 1519 meliuS,
3265 1446 3327 1503 et

1796 1539 2077 1600 securius
2120 1538 2201 1600 ad
2243 1539 2715 1619 justificandum
2765 1542 3156 1600 contractum
3183 1552 3328 1596 cum

1800 1649 1872 1691 eo
1904 1635 2086 1709 pacto
2118 1632 2500 1694 celebratum
2531 1633 2785 1694 debebit
2825 1637 3069 1710 emptor
3097 1630 3158 1690 in
3188 1646 3329 1708 pre-

1799 1724 1884 1785 tio
1931 1724 2292 1802 ascendere,
2327 1748 2354 1782 υ
2406 1729 2524 1786 etc.
2587 1727 2788 1797 Quare
2836 1724 3038 1785 solum
3084 1722 3332 1783 videtur

1800 1834 1935 1876 esse
1965 1815 2317 1878 differentia
2356 1818 2435 1877 ad
2482 1836 2797 1879 summum
2825 1816 3168 1878 secundum
3198 1833 3334 1874 ma·

1801 1907 1898 1987 gis
1926 1912 1987 1969 et
2013 1909 2242 1986 minus,
2278 1911 2425 1990 quia
2443 1910 2573 1990 ipse
2593 1913 2900 1990 majorem
2923 1909 3173 1969 videtur
3204 1906 3333 1967 exi-

1802 2020 1950 2079 gere
1981 2001 2413 2063 difficultatem
2444 2003 2714 2065 futuram
2748 2003 2810 2063 in
2841 2001 3065 2082 aequali
3089 2017 3335 2061 summa

1806 2093 2087 2173 ejusdem
2107 2102 2377 2160 monetae
2398 2097 2742 2172 reddenda,
2769 2101 2838 2157 ut
2860 2100 3106 2175 emptor
3123 2098 3337 2155 tenea-

1805 2190 1908 2247 tur
1938 2188 2208 2265 pretium
2237 2207 2506 2268 augere;
2553 2207 2666 2250 nos
2693 2208 2842 2250 vero
2873 2189 3139 2249 dicimus
3167 2186 3338 2246 illam

1808 2280 2240 2341 difficultatem
2294 2283 2626 2362 praevisam
2684 2283 2993 2359 sufficere,
3054 2299 3193 2360 quae
3248 2297 3340 2339 se-

1809 2372 2085 2432 cuudum
2115 2380 2488 2453 praesentem
2510 2381 2741 2437 statum
2768 2393 3027 2436 censum
3057 2371 3342 2434 notabili-

1810 2470 1905 2526 ter
1934 2470 2257 2529 meliorem
2301 2468 2557 2544 reddat,
2620 2474 2682 2530 et
2735 2468 2958 2548 majori
3011 2466 3212 2548 pretio
3257 2464 3346 2525 di-

1812 2585 2028 2648 gnum.
2064 2566 2152 2623 Ex
2182 2562 2362 2622 dictis
2388 2567 2598 2623 autem

1896 2656 2116 2722 Inferri
2147 2658 2353 2734 potest
2378 2654 2604 2732 prim0,
2654 2672 2796 2714 cum
2849 2652 3086 2714 eisdem
3132 2650 3344 2712 condi-

1814 2752 2086 2815 tionibus
2115 2753 2344 2809 etcum
2375 2747 2775 2826 proportione
2820 2746 3061 2824 debita,
3104 2745 3343 2804 licitum

1817 2846 2003 2908 etiam
2036 2860 2169 2902 esse
2200 2845 2475 2919 pactum,
2509 2846 2717 2901 utnon
2740 2839 2939 2900 solum
2967 2837 3340 2916 redemptio,

1818 2938 1927 2999 sed
1949 2936 2083 3015 jam
2111 2933 2486 3012 pensionum
2536 2934 2874 2994 solutiones
2912 2932 3049 2993 fieri
3078 2931 3350 2993 debeant

1818 3032 1876 3092 in
1910 3029 2133 3090 eadem
2163 3026 2369 3105 specie
2391 3029 2682 3104 monetae,
2717 3045 2841 3105 qua
2861 3044 3084 3087 census
3105 3027 3354 3103 emptus

1817 3124 1953 3185 fuit.
1988 3121 2168 3194 Quod
2195 3120 2355 3180 benc
2384 3119 2633 3179 videtur
2661 3118 2930 3199 probare
2959 3121 3026 3179 P.
3053 3117 3349 3181 Ubaldin.

1821 3216 1923 3278 ubi
1954 3234 2091 3292 sup.
2130 3233 2190 3272 n.
2223 3216 2322 3273 79.
2359 3214 2436 3273 Et
2466 3213 2742 3291 quidem,
2775 3212 3091 3292 loquendo
3116 3211 3352 3291 dejure

1822 3314 2083 3383 naturae,
2134 3325 2276 3365 cum
2321 3305 2525 3366 licitus
2562 3306 2641 3366 sit
2681 3325 2905 3367 census
2947 3305 3349 3381 fructuariuS‚

1822 3401 2000 3481 cujus
2028 3400 2246 3479 pensio
2277 3398 2577 3458 solvenda
2605 3403 2700 3460 est
2715 3418 2840 3460 non
2866 3399 2931 3458 in
2959 3399 3225 3479 pecunia
3244 3398 3355 3459 sed

1821 3497 1886 3555 in
1917 3494 2101 3554 certis
2129 3491 2457 3566 fructibus,
2506 3491 2636 3552 sive
2665 3510 2885 3552 eorum
2913 3493 3090 3553 valor
3115 3494 3359 3552 creseat

1823 3589 1954 3648 sive
1998 3587 2344 3660 decrescat,
2398 3588 2586 3662 prout
2627 3585 3044 3646 communiter
3072 3584 3357 3644 accidere

1825 3680 2010 3750 solet;
2054 3696 2179 3739 non
2211 3681 2473 3755 apparet
2500 3696 2613 3737 cur
2640 3696 2762 3739 non
2805 3677 3003 3756 possit
3031 3679 3219 3739 etiam
3249 3676 3358 3737 de-

1825 3771 2150 3836 terminari
2177 3769 2392 3848 pensio
2414 3770 2776 3847 pecuniaria
2797 3770 3096 3831 solvenda
3111 3770 3171 3829 in
3189 3773 3361 3830 certa

1826 3864 2055 3944 specie,
2103 3865 2167 3922 et
2207 3879 2454 3921 summa
2482 3866 2774 3938 monetae,
2824 3862 2874 3922 si
2898 3862 3077 3943 juxta
3118 3880 3362 3922 mensu·

1826 3976 1963 4019 ram
1992 3956 2155 4016 illius
2184 3954 2391 4014 oneris
2423 3954 2699 4034 (quando
2724 3972 2903 4032 onus,
2937 3960 3000 4017 et
3017 3973 3361 4033 gravamen

1829 4046 2263 4125 aestimabitur)
2313 4051 2619 4126 augeatur
2647 4066 2790 4108 cum
2820 4048 3224 4127 proportione
3254 4048 3364 4109 de-

1830 4145 1958 4205 bita
1988 4141 2259 4220 pretium
2290 4140 2369 4200 ab
2400 4145 2682 4219 emptore
2712 4160 2956 4203 census,
3010 4142 3363 4222 Aliquando

1832 4237 1999 4297 enim
2028 4253 2156 4296 non
2198 4233 2611 4294 aestimabitur
2653 4253 2844 4311 onuS,
2892 4236 3145 4314 quando
3188 4253 3366 4314 aeque

1833 4329 2027 4389 ‹lubiu
2056 4347 2091 4384 u
2137 4326 2216 4387 sit
2256 4326 2713 4388 incrementum
2755 4328 2852 4388 vel
2895 4329 3367 4389 decrementum

1837 4423 2115 4482 futurum
2143 4419 2207 4478 in
2236 4419 2447 4480 valore
2478 4420 2619 4480 talis
2639 4426 2927 4495 monetae,
2964 4441 3076 4483 nec
3108 4421 3368 4484 difficul-

1836 4521 1932 4576 tas
1974 4513 2270 4573 timeatur
2312 4511 2375 4570 in
2419 4530 2493 4571 ea
2533 4512 2945 4587 invenienda;
3005 4534 3199 4594 quare
3256 4534 3370 4577 nec

1838 4605 2151 4685 oportebit
2179 4609 2326 4664 tunc
2357 4604 2437 4664 ob
2470 4605 2623 4690 ill-ud
2645 4612 2898 4683 pactum
2928 4609 3196 4687 pretium
3227 4628 3372 4669 cen-

1840 4719 1944 4760 sus
1974 4716 2228 4776 augere.
2260 4698 2602 4776 Loquendo
2632 4717 2780 4759 vero
2813 4699 3048 4780 dejure
3070 4701 3369 4777 humano,

1839 4793 1962 4854 tale
2018 4795 2276 4869 pactum
2332 4809 2454 4850 non
2513 4791 2828 4853 invenitur
2870 4794 3252 4870 prohibItum
3311 4794 3371 4852 in

1842 4885 2011 4944 bulla
2050 4883 2143 4943 Pii
2171 4885 2245 4944 V.
2293 4883 2356 4943 in
2403 4903 2527 4962 qua
2567 4903 2790 4945 census
2827 4888 3206 4947 fructuarius
3250 4905 3376 4946 non

1844 4978 2240 5056 reprobatur,
2292 4982 2354 5037 et
2381 4996 2493 5056 per
2522 4995 2934 5057 consequenS,
2986 4981 3146 5041 sicut
3172 4985 3380 5060 potest

1846 5071 2007 5148 exigi
2040 5069 2257 5148 pensio
2287 5070 2350 5129 in
2397 5070 2625 5148 tritico,
2685 5073 2783 5132 vel
2832 5073 3000 5144 oleo;
3059 5074 3147 5134 sic
3191 5074 3380 5134 etiam

1844 5167 2051 5244 potest
2081 5163 2142 5222 in
2165 5162 2432 5240 pecnnia
2460 5165 2598 5225 talis
2618 5166 2869 5244 speciei,
2905 5172 2967 5228 et
2994 5168 3054 5227 in
3081 5168 3189 5228 tali
3219 5188 3380 5229 sum-

1846 5274 1972 5332 ma,
2022 5256 2366 5316 dummodo
2395 5258 2665 5335 pretium
2689 5257 2927 5336 justum
2957 5260 3256 5324 solvatur.
3308 5265 3387 5325 Et.

1849 5348 2139 5428 quamvis
2168 5348 2245 5407 de
2268 5347 2411 5427 jure
2442 5350 2716 5427 Hispano
2759 5352 3061 5430 prohibiti
3091 5355 3215 5416 sint
3243 5374 3385 5416 cen-

1849 5459 1954 5501 sus
1987 5440 2370 5501 redimibiles
2415 5441 2759 5520 fructuarii,
2812 5449 2874 5506 et
2898 5446 3011 5507 soli
3042 5449 3389 5526 pecuniarii

2985 5545 3065 5604 25

3391 2631 3454 2674 De
3482 2634 3616 2693 pactu,
3644 2634 3690 2671 ut

3395 2695 3694 2780 ωῐίιῗὲἲξίξΐῖ..

3395 2796 3439 2834 ta
3466 2792 3693 2832 solvantur.
