4263 6376
409 974 707 1156 0¹²¹·er
758 1063 1058 1143 quiratur,
1094 1062 1261 1142 quod
1291 1062 1545 1123 donatio
1571 1109 1586 1139 ,
1637 1062 1737 1122 vel
1779 1061 2106 1140 promissio
2138 1078 2283 1139 per-

410 1156 695 1264 ssssfflffiss,
756 1156 968 1217 veniat
996 1155 1074 1215 ad
1106 1155 1393 1216 notitiam
1424 1155 1730 1215 donatarii
1758 1201 1772 1230 ,
1827 1154 1923 1214 vel
1953 1153 2287 1232 promissa-

478 1262 530 1304 ad
547 1263 639 1316 ejus

464 1316 660 1358 valorem.

746 337 784 394 4
1885 327 1985 386 DE
2027 324 2380 386 JUSTITIA
2424 325 2525 384 ET
2564 325 2766 386 JURE

750 504 1002 586 publica
1029 507 1283 567 cautum
1312 506 1512 567 esset:
1551 502 1690 585 jam
1718 502 1887 564 enim
1916 504 2281 563 censeretur

749 599 1077 679 promissio
1135 599 1214 659 ad
1270 599 1556 660 notitiam
1623 595 2007 677 promissarii
2063 613 2282 675 perve-

753 693 939 769 nisse,
991 711 1134 753 cum
1162 692 1547 771 pervenisset
1595 691 1675 753 ad
1704 690 1986 752 notitiam
2014 688 2109 749 sui
2140 706 2282 768 pro-

753 785 1094 862 curatoriS,
1146 784 1253 863 qui
1279 804 1390 863 pro
1419 784 1553 863 ipso
1584 783 1962 857 dominium,
2016 781 2114 842 vel
2136 781 2284 862 jura

754 879 1079 957 acquirere
1107 877 1312 937 valide
1341 881 1572 956 posset.

836 974 1038 1046 PeteS,
1072 988 1181 1030 cur
1210 969 1289 1029 ad
1319 970 1762 1049 obligationem
1784 969 2161 1047 completam
2189 985 2284 1026 re-

755 1249 879 1311 rii?
909 1254 1051 1309 ante
1081 1248 1201 1337 hoc
1230 1248 1396 1308 enim
1424 1248 1626 1326 posita
1645 1246 2056 1326 promissione
2088 1250 2286 1306 exter-

755 1361 858 1419 na,
912 1345 974 1402 et
1001 1340 1428 1420 acceptatione
1458 1339 1851 1401 antecedenti
1877 1337 2283 1419 promissarii,

752 1455 815 1497 v.
849 1453 907 1513 g.
946 1434 1200 1494 videtur
1228 1433 1378 1511 poni
1419 1432 1483 1492 id
1513 1432 1679 1511 quod
1710 1431 1939 1493 sufficit
1966 1430 2047 1491 ad
2077 1430 2289 1509 acqui-

754 1527 1023 1588 rendum
1051 1525 1423 1602 dominium,
1457 1525 1557 1584 vel
1578 1526 1683 1603 jus
1718 1544 1730 1585 :
1767 1522 2070 1603 quiajam
2102 1522 2290 1582 datur

751 1620 1042 1681 voluntas
1093 1617 1331 1678 domini
1386 1617 1656 1678 exterius
1710 1616 2106 1676 manifestata
2129 1662 2146 1692 ,
2228 1618 2291 1676 et

754 1730 1096 1774 consensus
1124 1710 1320 1790 ipsius
1341 1710 1746 1788 promissarii,
1781 1710 1890 1788 qui
1918 1708 2289 1770 anteceden-

754 1810 852 1866 ter
878 1804 1032 1864 dixit
1057 1822 1123 1864 se
1151 1803 1309 1864 veile
1329 1821 1461 1863 rem
1493 1802 1683 1879 illam,
1716 1803 1814 1863 vel
1843 1801 2290 1880 obligationem

757 1901 1083 1976 acceptare
1102 1896 1153 1955 si
1177 1899 1467 1975 ponatur,
1503 1912 1642 1974 quae
1662 1895 1950 1955 voluntas
1970 1894 2292 1955 moraliter

755 1993 1136 2068 perseverat,
1173 1992 1324 2048 dum
1353 2006 1480 2048 non
1509 1993 1840 2049 revocatur
1858 2033 1873 2062 ,
1910 1991 2097 2066 atque
2126 1986 2286 2047 adeo

756 2080 1023 2143 sufficiet
1064 2081 1143 2142 ad
1166 2079 1269 2160 jus
1299 2079 1769 2159 acquirendum.
1814 2079 2183 2158 Respondeo
2215 2097 2292 2139 ex

757 2173 959 2250 dictis,
992 2173 1377 2234 voluntatem
1398 2172 1568 2232 illam
1588 2176 1650 2233 et
1675 2172 2169 2252 acceptationem
2188 2190 2293 2232 an-

756 2266 1150 2327 tecedentem
1179 2284 1302 2326 non
1325 2264 1612 2324 sufficere
1641 2263 1878 2345 absque
1900 2265 2118 2325 notitia
2146 2282 2292 2344 pro-

758 2359 1072 2419 missionis
1092 2404 1107 2434 ,
1155 2357 1333 2435 cujus
1362 2357 1521 2418 ratio
1551 2375 1591 2417 a
1619 2357 1946 2435 posteriori
1978 2357 2291 2436 colligitur

758 2457 835 2512 e'x
879 2450 1152 2512 absurdo
1200 2449 1504 2525 indicatO,
1559 2449 1705 2527 quia
1751 2449 1803 2509 si
1843 2449 1906 2510 id
1948 2450 2285 2528 sufficeret,

759 2544 929 2605 nulla
956 2545 1085 2603 fere
1106 2543 1437 2622 promissio
1470 2541 1658 2601 etiam
1686 2560 1811 2602 non
1843 2542 2130 2604 intimata
2152 2561 2290 2622 pos-

759 2641 855 2697 set
881 2635 957 2696 de
978 2636 1141 2696 facto
1171 2634 1452 2695 revocari
1489 2655 1502 2695 :
1538 2652 1683 2693 nam
1708 2634 1838 2695 fere
1868 2653 2118 2713 semper
2136 2654 2293 2716 prae·

759 2729 1025 2790 sumitur
1050 2727 1488 2808 promissarius
1535 2744 1674 2786 eam
1703 2728 2087 2788 voluntatem
2118 2718 2294 2790 ante-

760 2822 1086 2883 cedentem
1118 2825 1180 2881 et
1210 2819 1596 2881 habitualem
1627 2819 1860 2880 habere
1889 2819 2197 2898 lucrandi,
2232 2824 2294 2882 et

762 2914 1124 2993 acquirendi
1156 2913 1367 2974 omnia
1414 2931 1554 2991 quae
1595 2912 1820 2973 lucrari
1866 2917 1929 2973 et
1967 2914 2292 2994 acquirere

762 3010 1006 3087 potest3
1061 3022 1253 3085 quare
1295 3004 1497 3083 posita
1527 3005 1935 3082 promissione
1984 3012 2127 3073 ante
2159 3006 2293 3087 ejus

763 3099 1049 3160 notitiam
1076 3098 1431 3177 acquireret
1458 3097 1668 3158 statim
1690 3096 1794 3176 jus
1827 3115 1900 3157 ex
1930 3097 2036 3158 illa
2054 3145 2069 3175 ‚
2104 3102 2292 3177 atque

761 3193 905 3254 ideo
937 3210 1062 3253 non
1091 3195 1300 3270 posset
1328 3190 1595 3270 amplius
1620 3192 1924 3253 revocari.
1957 3192 2137 3255 Unde
2168 3193 2295 3253 col-

760 3285 873 3364 ligi
900 3288 1107 3364 potest
1144 3283 1304 3344 ratio
1333 3301 1372 3343 a
1411 3283 1605 3362 priori
1640 3281 1826 3362 hujus
1856 3285 2242 3357 necessitatis
2274 3305 2289 3347 :

764 3377 910 3457 quia
963 3376 1256 3436 nimirum
1303 3375 1629 3454 promissio
1680 3375 1814 3437 sola
1859 3381 2116 3438 externa
2168 3396 2293 3439 non

766 3468 1081 3530 connectit
1109 3469 1489 3529 sufficienter
1533 3485 1668 3528 rem
1720 3486 1862 3528 cum
1893 3470 2294 3547 promissario

766 3562 958 3623 etiam
987 3560 1431 3622 antecedenter
1458 3560 1726 3632 volente,
1764 3560 1882 3621 nisi
1910 3562 2163 3640 cognita
2191 3562 2290 3624 sit.

766 3656 926 3716 Nam
974 3654 1135 3715 sicut
1179 3652 1262 3714 ad
1309 3651 1761 3731 acquirendum
1813 3653 2160 3714 dominium
2206 3655 2294 3716 rei

766 3746 1068 3826 alicujus,
1115 3764 1254 3826 quae
1285 3744 1513 3805 nullius
1561 3744 1623 3805 in
1666 3745 1847 3806 bonis
1876 3750 1991 3823 est,
2043 3765 2294 3808 necesse

766 3846 861 3903 est
887 3858 1026 3900 eam
1067 3839 1321 3920 realiter
1364 3842 1738 3916 praesentem
1784 3856 2091 3918 occupare
2116 3887 2131 3915 ,
2184 3859 2296 3919 per

767 3951 956 4013 quam
994 3931 1467 4011 occupationem
1505 3930 1758 4010 ponitur
1786 3932 2088 3993 connexio
2118 3933 2293 3993 suffi-

766 4027 937 4088 ciens
965 4025 1045 4085 ad
1072 4023 1464 4084 fundandum
1489 4022 1624 4102 jus;
1657 4023 1743 4084 ita
1762 4042 1876 4102 per
1894 4024 2297 4086 donationem

766 4120 863 4181 vel
892 4117 1375 4199 promissionem
1416 4114 1668 4194 ponitur
1708 4117 2158 4195 aequivalenter
2196 4137 2296 4180 res

764 4230 1042 4292 praesens
1056 4228 1169 4289 per
1189 4207 1384 4269 verba
1404 4208 1840 4286 promittentis,
1864 4209 1965 4270 vel
1981 4209 2290 4288 donantis,

767 4322 907 4385 quae
936 4303 1230 4384 supplent
1257 4299 1656 4380 praesentiam
1699 4305 1762 4362 et
1811 4305 2169 4363 contactum
2203 4302 2296 4364 rei

765 4398 959 4477 ipsius
995 4416 1009 4458 ε
1068 4395 1150 4456 ad
1214 4394 1335 4456 hoc
1390 4396 1600 4453 autem
1652 4394 1993 4472 requiritur
2044 4395 2290 4474 saltem,

767 4489 937 4570 quod
982 4507 1082 4551 res
1125 4490 1236 4550 fiat
1278 4484 1767 4548 intentionaliter
1821 4505 2095 4565 praesens
2150 4507 2295 4567 pro-

767 4581 1052 4643 missario
1071 4627 1087 4658 ,
1120 4584 1183 4642 et
1207 4597 1321 4659 per
1347 4595 1737 4656 consequens
1766 4578 1933 4658 quod
1963 4581 2291 4659 promissio

766 4676 1089 4737 continens
1118 4671 1565 4753 aequivalenter
1601 4689 1736 4731 rem
1786 4673 2160 4750 promissam
2186 4693 2295 4736 ve·-

767 4770 900 4830 niat
923 4767 1002 4827 ad
1032 4768 1168 4846 ejus
1195 4764 1480 4826 notitiam
1504 4809 1520 4840 ,
1578 4768 1642 4825 et
1691 4768 1886 4843 ponat
1926 4784 2062 4826 rem
2108 4766 2171 4826 in
2219 4785 2293 4829 eo

765 4867 968 4938 statu,
1022 4860 1086 4920 in
1143 4877 1265 4941 quo
1318 4857 1517 4936 possit
1557 4857 2009 4935 aequivalenter
2048 4859 2294 4938 abipso

764 4952 1166 5036 promissario
1209 4950 1501 5030 occupari
1548 4952 1611 5010 et
1650 4950 2071 5028 apprehendi,
2123 4954 2295 5031 quod

764 5048 900 5109 fieri
928 5065 1053 5108 non
1083 5048 1289 5124 potest
1316 5042 1431 5103 nisi
1453 5041 1780 5121 promissio
1812 5044 2021 5105 veniat
2050 5045 2129 5104 ad
2159 5044 2295 5125 ejus

765 5139 1072 5203 notitiam.
1106 5139 1321 5216 Neque
1354 5135 1518 5196 enim
1549 5139 1755 5213 potest
1782 5136 2140 5215 acquirere,
2176 5137 2294 5199 nisi

766 5233 935 5313 quod
979 5233 1038 5293 ei
1066 5231 1254 5292 datur
1281 5231 1344 5290 et
1371 5227 1715 5306 porrigitur
1748 5247 1761 5288 ε
1812 5246 1935 5288 non
1968 5228 2154 5290 datur
2181 5248 2293 5292 au-

763 5330 913 5402 tem,
946 5342 1062 5386 nec
1089 5321 1430 5403 porrigitur
1458 5320 1536 5395 ei,
1562 5319 1681 5380 nisi
1701 5319 1781 5381 ad
1810 5320 2013 5399 ipsum
2043 5320 2290 5383 defera-

762 5422 867 5480 tur
895 5418 1115 5478 saltem
1153 5412 1686 5489 intentionaliter,
1737 5416 1799 5474 et
1843 5414 2296 5493 aequivalenter

762 5529 878 5591 per
903 5508 1400 5591 promissionem,
1434 5506 1497 5567 in
1528 5524 1653 5586 qua
1670 5506 1991 5568 moraliter
2017 5509 2292 5570 contine·

2378 505 2481 563 tur
2512 520 2526 561 ε
2560 518 2755 579 quare
2785 503 2931 561 ante
2959 498 3150 561 talem
3178 499 3464 563 notitiam
3493 500 3775 563 nondum
3803 519 3908 564 ac·

2382 593 2544 672 quiri
2574 596 2818 671 potest,
2871 592 3019 672 quia
3047 592 3330 654 nondum
3368 611 3469 655 res
3498 593 3556 654 ei
3584 595 3760 672 data,
3810 594 3910 655 vcl

2382 690 2673 765 porrecta
2702 688 2813 746 est.

2466 778 2667 854 Dices,
2702 764 2829 857 qui‘
2839 796 2952 857 per
2970 781 3444 856 procuratorem
3467 784 3756 859 acceptat
3773 799 3914 860 pro·

2384 871 2742 931 missionem
2765 917 2780 946 ,
2830 888 2955 932 non
2987 874 3306 949 acceptat,
3354 890 3469 933 nec
3498 874 3765 953 acquirit
3792 873 3908 934 nisi

2386 983 2499 1043 per
2527 963 2909 1024 voluntatem
2940 963 3416 1025 antecedentem
3446 984 3636 1045 quam
3664 966 3907 1044 habuit,

2386 1055 2636 1136 quando
2658 1055 2976 1117 constituit
2992 1061 3484 1135 procuratorem,
3508 1061 3571 1119 et
3592 1077 3706 1138 per
3724 1078 3913 1139 quam

2384 1149 2582 1210 voluit
2617 1154 2943 1227 acceptare
2975 1147 3278 1228 quidquid
3307 1155 3524 1229 postea
3552 1170 3663 1214 suo
3693 1171 3913 1231 procu-

2385 1241 2576 1302 ratori
2607 1241 3094 1320 promitteretur,
3127 1258 3267 1321 quae
3293 1242 3579 1305 voluntas
3597 1246 3918 1308 moraliter

2386 1352 2799 1415 perseverans
2850 1333 3081 1395 sufficit
3128 1338 3198 1395 ut
3234 1333 3339 1415 jus
3386 1354 3461 1397 ex
3506 1339 3915 1417 promissione

2387 1427 2792 1506 subsequenti
2836 1425 3033 1505 possit
3072 1427 3131 1487 ei
3176 1427 3447 1507 acquiri3
3500 1448 3648 1510 ergo
3695 1433 3917 1493 eodem

2386 1519 2576 1581 modo
2609 1519 2895 1580 voluntas
2938 1518 3317 1581 antecedens
3357 1522 3642 1584 sufficere
3682 1528 3913 1604 posset,

2387 1617 2459 1675 ut
2484 1611 2837 1692 acquireret
2873 1612 2978 1691 jus
3023 1631 3097 1672 ex
3143 1613 3554 1693 promissione
3600 1617 3715 1678 sibi
3745 1618 3918 1697 igno-

2387 1705 2548 1767 ranti
2577 1705 2742 1765 facta
2771 1704 2960 1766 etiam
3009 1709 3154 1766 ante
3199 1706 3389 1766 ullam
3433 1706 3568 1787 ejus
3606 1709 3913 1773 notitiam.

2388 1797 2760 1876 Respondeo
2809 1797 3098 1876 negando
3147 1801 3696 1878 consequentiam3
3757 1803 3917 1865 ratio

2391 1894 2600 1952 autem
2629 1889 2997 1951 differentiae
3027 1895 3158 1966 est,
3210 1892 3378 1970 quod
3420 1891 3481 1952 in
3509 1894 3711 1974 primo
3742 1914 3913 1971 casu,

2386 1983 2532 2044 licet
2558 1983 2622 2042 in
2642 1982 3041 2062 promissario
3071 1982 3272 2043 solum
3295 1983 3476 2045 detur
3496 1986 3782 2050 voluntas
3811 2007 3920 2050 an·

2388 2075 2682 2139 tecedens
2709 2075 3028 2136 moraliter
3069 2094 3511 2155 perseverane,
3562 2098 3661 2141 res
3707 2086 3919 2144 tamen

2388 2170 2460 2230 fit
2485 2169 2541 2229 ei
2570 2186 2866 2247 praesenS,
2901 2172 3207 2247 quatenus
3234 2169 3304 2230 fit
3323 2189 3598 2249 praesens
3618 2173 3754 2254 ejus
3781 2193 3922 2253 pro-

2390 2262 2682 2339 curatori,
2717 2260 2822 2341 qui
2839 2262 2973 2340 ejus
2994 2279 3322 2339 personam
3344 2271 3771 2343 repraesentat,
3797 2286 3924 2347 qua

2389 2355 2482 2415 rei
2524 2354 2859 2432 pr‘aesentia
2897 2353 3138 2433 posita,
3192 2355 3594 2417 concedimus
3635 2359 3922 2421 sufficere

2389 2447 2776 2507 voluntatem
2821 2446 2994 2505 illam
3039 2446 3360 2507 moraliter
3412 2457 3922 2527 perseverantem

2392 2540 2472 2599 ad
2504 2538 2956 2618 acquirendum
2986 2539 3336 2600 dominium
3364 2542 3463 2601 vel
3476 2541 3581 2622 jus
3610 2563 3647 2603 a
3666 2546 3922 2624 promit-

2389 2636 2558 2693 tente
2588 2632 2888 2692 oblatum.
2921 2634 3004 2694 At
3023 2650 3173 2693 vero
3203 2632 3266 2692 in
3296 2635 3571 2696 secundo
3601 2655 3748 2698 casu
3777 2638 3925 2700 licet

2392 2725 2576 2786 detur
2603 2742 2779 2803 aeque
2809 2723 3100 2785 voluntas
3139 2726 3461 2788 moraliter
3487 2746 3917 2809 perseverans,

2392 2817 2603 2878 deficit
2626 2820 2837 2878 tamen
2867 2818 3199 2896 praesentia
3244 2819 3545 2898 requisita
3589 2822 3677 2883 rei
3708 2824 3925 2903 acqui·

2390 2910 2632 2985 rendae,
2679 2928 2822 2970 cum
2851 2928 2967 2970 nec
2993 2928 3093 2970 res
3122 2928 3237 2971 nec
3265 2913 3595 2990 promissio
3627 2916 3738 2978 fiat
3763 2935 3926 2997 prae-

2392 3020 2535 3062 sens
2561 3001 2841 3081 physice,
2873 3002 2973 3063 vel
3001 3004 3323 3065 moraliter
3349 3004 3467 3084 ipsi
3490 3008 3919 3090 promissariO,

2391 3094 2492 3155 vel
2521 3094 2707 3155 alicui
2753 3095 2860 3175 qui
2906 3094 3042 3175 ejus
3088 3114 3424 3175 personam
3470 3107 3923 3178 repraesentare

2393 3187 2625 3267 possit,
2661 3206 2801 3267 quae
2832 3188 3164 3268 praesentia
3206 3192 3545 3270 requiritur
3571 3195 3651 3255 ad
3673 3195 3777 3276 jus
3807 3196 3919 3258 ali-

2393 3281 2562 3361 quod
2590 3281 3042 3361 acquirendum
3069 3288 3137 3344 ut
3164 3283 3451 3347 diximus

2471 3376 2688 3436 Posset
2702 3374 2890 3435 etiam
2909 3379 3127 3436 contra
3141 3376 3489 3438 doctrinam
3508 3380 3801 3443 traditam
3818 3382 3924 3444 ob-

2385 3466 2497 3547 jici
2520 3513 2535 3543 ,
2594 3467 2763 3546 quod
2804 3467 3143 3547 aliquando
3175 3471 3318 3530 ante
3345 3470 3800 3533 intimationem
3828 3475 3924 3535 vi-

2394 3560 2576 3621 detur
2604 3560 2913 3639 aliquibus
2942 3560 3289 3621 dominium
3317 3565 3595 3643 acquiri,
3640 3569 3710 3627 ut
3736 3567 3798 3627 in
3827 3567 3918 3628 le-

2393 3652 2575 3731 gatiS,
2612 3670 2877 3732 quorum
2924 3651 3274 3714 dominium
3320 3655 3622 3734 legatario
3653 3660 3922 3739 acquiri-

2392 3749 2494 3806 tur
2522 3763 2561 3805 a
2587 3749 2787 3806 morte
2807 3745 3140 3822 testatoris,
3165 3746 3265 3806 vel
3280 3765 3317 3807 a
3337 3754 3565 3826 puncto
3594 3751 3777 3812 aditae
3798 3752 3923 3814 hae-

2394 3836 2695 3912 reditatiS,
2730 3837 2973 3897 etiamsi
2993 3837 3270 3898 nondum
3300 3839 3488 3918 legati
3517 3843 3925 3905 notitiamha-

2394 3928 2561 3990 beat.
2596 3929 2965 4007 Respondeo
2995 3934 3205 3991 tamen
3228 3931 3396 3992 illam
3427 3932 3684 3996 dominii
3712 3938 3925 4016 acqui·

2395 4020 2684 4082 sitionem
2726 4021 2863 4081 fieri
2906 4039 3021 4100 per
3057 4025 3597 4087 retrotractionem
3643 4033 3706 4090 et
3730 4029 3925 4092 fictio-

2395 4130 2540 4172 nem
2561 4111 2722 4193 juris
2755 4132 2769 4173 ε
2817 4132 2962 4173 nam
2989 4114 3136 4176 licet
3162 4115 3364 4177 haeres
3391 4124 3638 4181 mortuo
3668 4126 3925 4184 testato-

2394 4225 2484 4281 re,
2519 4223 2643 4266 non
2671 4206 2868 4286 possit
2894 4207 3101 4287 legata
3130 4208 3235 4270 illa
3260 4228 3558 4272 revocare
3577 4259 3592 4289 ,
3628 4215 3775 4294 quia
3800 4235 3924 4277 non

2396 4298 2672 4377 pendent
2699 4299 2779 4360 ab
2808 4299 2942 4380 ejus
2963 4300 3305 4380 voluntate,
3324 4304 3436 4364 sed
3465 4323 3501 4364 a
3523 4305 3924 4385 dispositione

2393 4391 2729 4469 testatoriS‚
2761 4411 2830 4452 re
2857 4397 3068 4454 tamen
3093 4413 3246 4455 vera
3267 4415 3390 4457 non
3409 4399 3817 4477 acquiruntur
3840 4403 3923 4464 le-

2392 4484 2635 4564 gatario
2664 4485 2798 4546 sine
2826 4485 2961 4565 ejus
2991 4504 3317 4565 consensu,
3338 4490 3434 4549 vel
3466 4489 3599 4570 ejus
3624 4493 3727 4571 qui
3757 4494 3923 4573 lega-

2390 4577 2551 4641 tario
2582 4578 2913 4651 successit;
2936 4578 3056 4640 hoc
3082 4583 3291 4641 tamen
3324 4600 3632 4645 consensu
3661 4589 3723 4646 et
3750 4605 3924 4648 acce·

2391 4671 2669 4750 ptatione
2722 4672 2924 4750 posita
2946 4717 2963 4749 ,
3037 4674 3474 4735 retrotrahitur
3542 4696 3655 4756 per
3723 4679 3926 4742 fictio·

2392 4782 2537 4824 nem
2559 4763 2739 4844 juria,
2771 4769 2842 4825 ut
2867 4772 3242 4828 censeantur
3267 4773 3591 4847 acceptata
3628 4775 3692 4832 et
3718 4773 3925 4853 acqui-

2392 4857 2511 4918 sita
2539 4862 2825 4935 tempore
2854 4859 3247 4920 antecedenti
3279 4907 3294 4937 ,
3354 4864 3425 4922 ut
3452 4861 3805 4926 videbimus
3832 4867 3921 4927 in-

2392 4950 2488 5011 fra
2516 4955 2772 5030 agentes
2800 4950 2880 5013 de
2906 4953 3296 5015 testamentis
3324 4957 3387 5015 et
3408 4954 3650 5034 legatis.

4064 779 4137 838 68

4009 904 4196 956 Quomodo

3960 958 4111 1000 habeat
4141 959 4221 999 noli·

3962 1018 4069 1055 uam
4088 1013 4222 1061 reatuu-

3964 1073 4070 1113 ιιιιι,
4085 1065 4147 1117 qui
4174 1077 4221 1117 με

3985 1124 4206 1175 promutu-

3962 1178 4221 1224 remeet-aput
