4263 6376
548 3781 626 3840 89

456 3906 715 3961 approbatur

431 3962 519 4003 baec
564 3966 680 4004 mite

513 4014 585 4056 tia.
603 4019 647 4056 et

477 4066 684 4123 prob-tm·-

756 323 876 389 636

769 524 799 561 α
848 505 1239 583 Quamquam
1297 503 1708 583 pedagiorum
1762 504 2117 567 exactiones
2163 507 2297 567 tam

753 596 896 676 jure
926 596 1226 658 canonico
1257 614 1448 676 quam
1476 597 1642 658 civili
1668 599 2043 678 regulariter
2070 598 2294 659 merito

760 690 886 751 sint
928 690 1239 751 damnata}
1272 709 1286 749 :
1323 693 1497 751 tanto
1554 694 1764 751 tamen
1820 691 2182 768 districtim,
2219 709 2295 751 ne

762 784 842 845 ab
880 783 1158 844 ecclesiis
1198 787 1263 844 et
1325 782 1608 862 personis
1664 783 2100 845 ecclesiasticis
2148 783 2298 845 talia

762 878 1110 955 exigantur,
1167 876 1488 954 prohiberi
1531 881 1800 955 oportet,
1859 881 2093 956 quanto
2143 877 2192 937 si
2234 877 2296 938 id

760 972 890 1047 fiat,
924 975 986 1030 et
1027 970 1285 1049 mnjoris
1339 970 1483 1031 inde
1537 971 2047 1049 transgressionis
2088 974 2299 1032 reatus

761 1063 1121 1139 includitur,
1156 1066 1219 1124 et
1261 1064 1497 1124 offensa
1538 1063 1888 1125 evidentior
1923 1064 2300 1142 comproba-

762 1160 883 1232 tur,
903 1177 930 1212 n
971 1154 1076 1215 ubi
1109 1156 1323 1234 negari
1352 1174 1476 1217 non
1497 1160 1704 1235 potest
1722 1157 1890 1236 quod
1908 1157 1971 1216 in
1987 1157 2301 1236 prioribus

763 1248 969 1309 verbis
999 1248 1076 1307 de
1099 1247 1235 1309 aliis
1265 1250 1453 1310 etiam
1483 1267 1624 1329 quae
1669 1268 1705 1309 a
1751 1249 1923 1311 laicis
1977 1254 2294 1329 petuntur,

761 1358 967 1402 sermo
995 1342 1094 1403 sit.

843 1433 1043 1497 Aliter
1069 1435 1406 1513 respondet
1436 1436 1683 1497 Lessius
1726 1454 1898 1496 num.
1932 1439 2032 1497 66.
2066 1454 2299 1497 sermo-

765 1545 909 1589 nem
938 1525 1023 1587 ibi
1054 1545 1188 1589 esse
1219 1528 1297 1588 de
1322 1528 1396 1589 iis
1423 1528 1626 1588 solum
1658 1528 2071 1607 vectigalibus
2090 1575 2105 1606 ,
2158 1546 2298 1609 quae

767 1638 892 1682 non
922 1624 1168 1682 constat
1189 1620 1472 1699 legitima
1497 1621 1867 1683 auctoritate
1897 1621 2180 1684 instituta
2199 1622 2300 1682 vel

767 1731 1097 1788 concessa,
1133 1713 1343 1792 qualia
1373 1718 1556 1775 erant
1584 1733 1659 1775 eo
1687 1718 1969 1795 tempore
1999 1716 2300 1794 pleraque

767 1823 908 1886 quae
937 1824 1051 1884 per
1095 1806 1337 1867 Italiam
1396 1807 1732 1885 vigebant,
1779 1807 1872 1868 ‘de
1921 1807 2148 1886 quibus
2177 1826 2300 1869 non

768 1899 1098 1961 constabat
1124 1899 1204 1961 ab
1236 1900 1639 1978 imperatore,
1681 1919 1832 1979 rege
1853 1946 1869 1977 ,
1903 1901 2001 1961 vel
2033 1901 2299 1964 concilio

766 1992 1079 2072 generali,
1113 1995 1223 2053 aut
1249 1993 1700 2055 consuetudine
1742 1994 2181 2054 immemoriali
2207 1995 2302 2055 in-

768 2085 1060 2147 troducta
1086 2085 1298 2146 fuisse.
1358 2088 1507 2147 Haec
1552 2086 1875 2165 responsio
1924 2087 2301 2148 divinatoria

769 2182 885 2255 est,
919 2182 981 2239 et
1009 2178 1321 2239 immerito
1372 2178 1437 2238 id
1492 2179 1789 2258 supponit
1832 2197 1975 2240 cum
2023 2185 2172 2242 tunc
2210 2184 2305 2243 tot

771 2275 981 2333 essent
1022 2270 1337 2350 principes
1365 2272 1640 2350 supremi
1670 2272 1733 2332 in
1758 2273 1935 2334 Italia
1959 2318 1974 2348 ,
2031 2292 2302 2352 quorum

770 2364 995 2443 singuli
1030 2364 1260 2426 tributa
1305 2364 1745 2442 imponebant,
1809 2370 1872 2427 et
1925 2365 2002 2425 de
2033 2384 2302 2446 quorum

771 2456 1142 2519 auctoritate
1198 2459 1559 2532 constabat;
1619 2458 1934 2537 quomodo
1979 2477 2129 2538 ergo
2181 2458 2303 2521 dici

769 2554 1015 2631 poterat
1043 2551 1277 2613 tributa
1323 2551 1516 2612 ltaliae
1563 2556 1713 2613 tunc
1760 2552 2137 2629 regulariter
2167 2571 2303 2612 esse

770 2645 1010 2724 absque
1040 2644 1410 2706 auctoritate
1431 2644 1731 2723 principis
1749 2644 2078 2705 instituta?
2104 2646 2306 2724 Magis

773 2741 1151 2818 apparenter
1167 2738 1430 2800 fortasse
1452 2737 1577 2800 dici
1596 2742 1809 2817 posset
1834 2738 1921 2798 ibi
1949 2756 2307 2799 sermonem

770 2849 907 2892 esse
935 2831 1013 2892 de
1044 2830 1345 2910 pedagiiS,
1380 2849 1521 2910 quae
1541 2831 1944 2893 solvebantur
1972 2851 2085 2911 pro
2117 2832 2306 2892 rebus

776 2924 918 3004 quae
947 2924 1031 2984 ad
1050 2943 1200 2986 usus
1219 2925 1506 3004 proprios
1527 2928 1589 2985 et
1606 2942 1732 2985 non
1747 2925 1828 2985 ad
1850 2926 2308 3004 negotiationes

773 3020 1141 3095 afferuntur,
1176 3022 1246 3078 ut
1272 3021 1518 3079 constat
1544 3036 1621 3077 ex
1642 3017 1848 3078 verbis
1873 3018 2302 3098 sequentibuS,

772 3111 1001 3192 quibus
1031 3112 1167 3172 haec
1195 3129 1232 3170 a
1260 3109 1503 3171 clericis
1521 3111 1649 3191 peti
1671 3110 2104 3190 prohibentur.
2136 3110 2312 3193 Ejus-

772 3204 946 3267 modi
976 3209 1185 3266 autem
1214 3204 1485 3284 pedagia
1512 3210 1753 3266 certum
1784 3209 1910 3283 est,
1949 3205 2139 3266 fuisse
2164 3206 2309 3286 jure

773 3297 1090 3360 communi
1119 3298 1456 3377 reprobata
1484 3297 1548 3358 in
1576 3299 1698 3376 leg.
1731 3298 1803 3359 In
1831 3299 2104 3375 universi,
2140 3302 2205 3363 C.
2241 3299 2312 3362 de

774 3390 1148 3471 vectigalibus
1175 3436 1191 3467 ,
1236 3392 1384 3471 quia
1413 3396 1626 3453 tamen
1656 3392 1994 3471 aliquando
2037 3412 2110 3453 ex
2165 3414 2312 3472 gra·-

774 3486 1031 3546 vissima
1058 3503 1249 3546 causa
1277 3489 1539 3565 possunt
1578 3485 1680 3545 illa
1726 3486 1916 3547 etiam
1951 3485 2306 3565 justificari,

777 3578 918 3639 ideo
948 3577 1233 3639 additum
1262 3582 1356 3639 est
1370 3578 1728 3659 requlariter
1740 3578 2010 3657 pedagia
2037 3579 2146 3639 illa
2175 3599 2311 3641 esse

776 3671 1131 3750 reprobata.

855 3769 987 3846 Ego
1019 3767 1181 3827 hanc
1208 3765 1552 3827 secundam
1598 3767 1975 3827 sententiam
2015 3767 2314 3847 probabi-

774 3859 1000 3922 liorem
1028 3858 1338 3935 existimO,
1374 3861 1576 3920 stante
1608 3877 1757 3920 vero
1789 3859 1981 3921 dubio
2003 3906 2018 3936 ,
2053 3866 2117 3922 et
2145 3862 2312 3924 facta

682 3974 727 4003 ιι·
777 3952 991 4014 debita
1036 3952 1363 4032 diligentia
1403 3953 1483 4013 ad
1524 3953 1679 4013 illud
1722 3954 2161 4032 expellendum
2195 3975 2209 4016 ε
2261 3956 2310 4015 si

777 4050 989 4109 tamen
1030 4045 1436 4125 praesumptio
1481 4046 1691 4125 aliqua
1735 4047 2053 4107 sufficiens
2091 4047 2173 4108 sit
2198 4065 2312 4127 pro

775 4138 1085 4218 injustitia
1110 4138 1366 4216 tributi,
1418 4139 1555 4220 jam
1606 4157 1733 4199 non
1779 4140 1898 4199 erit
1925 4140 2217 4201 subditus
2248 4140 2312 4201 in

778 4232 970 4294 dubio
999 4233 1252 4312 proprio
1272 4279 1289 4310 ,
1335 4251 1480 4293 cum
1517 4234 1924 4311 praesumptio
1955 4234 2059 4293 illa
2091 4233 2316 4295 fundet

777 4329 1020 4405 partem
1051 4326 1451 4387 contrariam.
1500 4324 1761 4398 Quando
1793 4325 1985 4402 igitur
2012 4327 2156 4387 sciri
2187 4345 2313 4387 non

777 4423 986 4500 potest
1005 4438 1121 4480 nec
1145 4419 1420 4498 judicari
1441 4419 1628 4479 etiam
1649 4419 2080 4497 probabiliter,
2114 4420 2317 4481 tribu-

776 4519 913 4576 tum
974 4531 1108 4574 esse
1157 4513 1420 4592 justum,
1481 4530 1606 4572 non
1649 4512 1893 4574 videtur
1939 4514 2315 4591 obligandus

776 4607 1064 4669 subditus
1093 4607 1175 4667 ad
1204 4606 1357 4666 illud
1377 4606 1768 4666 solvendum.
1808 4607 1986 4668 Ratio
2017 4609 2131 4680 est,
2169 4606 2315 4686 quia

779 4700 842 4761 in
874 4700 1066 4761 dubio
1097 4705 1347 4777 semper
1394 4717 1553 4759 onus
1582 4699 1892 4778 probandi
1923 4700 2232 4762 incumbit
2261 4700 2317 4760 ei

783 4794 893 4874 qui
922 4793 1078 4872 petit
1110 4810 1124 4857 ε
1175 4811 1317 4854 cum
1361 4811 1510 4871 ergo
1539 4792 1836 4872 princeps
1861 4838 1875 4867 ,
1936 4792 2033 4853 vel
2063 4796 2320 4854 exactor

781 4888 996 4950 tributi
1039 4886 1120 4949 sit
1155 4885 1262 4965 qui
1291 4887 1481 4965 petit,
1530 4887 1587 4946 ei
1624 4883 1931 4946 incumbit
1974 4903 2129 4946 onus
2171 4904 2318 4964 pro-

781 4981 973 5042 bandi
1002 4980 1306 5042 tributum
1337 4999 1472 5040 esse
1495 4979 1738 5058 justum
1760 5024 1776 5054 ‚
1828 4976 1942 5037 nisi
1976 4979 2197 5040 afferat
2222 4979 2320 5038 in-

780 5073 1125 5137 tentionem
1155 5091 1334 5134 suam
1355 5074 1681 5134 fundatam
1708 5072 1769 5131 in
1792 5072 2313 5151 praesumptioiie;

782 5187 933 5247 ergo
963 5168 1112 5228 dum
1135 5167 1187 5228 is
1210 5185 1332 5227 non
1354 5166 1581 5247 probat
1600 5166 1862 5246 positive
1885 5165 2195 5244 justitiam
2215 5165 2319 5226 tri-

781 5261 954 5337 buti,
997 5280 1120 5322 non
1154 5260 1341 5322 debet
1367 5259 1655 5320 subditus
1686 5259 1986 5338 obligari,
2030 5259 2320 5339 quamvis

784 5373 907 5415 non
939 5354 1133 5433 possit
1161 5353 1427 5433 positive
1458 5352 1725 5431 probare
1756 5351 1890 5432 ejus
1919 5352 2310 5431 injustitiam.

864 5450 1021 5509 Tota
1049 5447 1386 5509 difficultas
1416 5445 1664 5507 videtur
1689 5463 1824 5506 esse
1842 5492 1858 5522 ,
1899 5447 2065 5525 quod
2093 5446 2315 5506 adver·

792 5542 940 5603 sarii
970 5542 1222 5617 dicunt,
1272 5539 1575 5602 tributum
1606 5541 1827 5601 afferre
1855 5557 1969 5620 pro
1998 5557 2113 5601 sua
2135 5539 2319 5619 justi-

1924 327 2025 388 DE
2067 326 2422 388 JUSTITIA
2468 329 2568 389 ET
2610 328 2809 389 JURE

2398 505 2484 567 tia
2521 505 3092 586 praescriptionem,
3143 506 3292 587 quia
3337 508 3400 568 in
3452 506 3642 569 dubio
3692 524 3936 586 praesu-

2397 598 2699 659 mendum
2738 603 2831 660 est
2850 618 2972 680 pro
3000 600 3287 680 principe
3319 600 3487 679 quod
3511 600 3683 680 juste
3713 598 3935 680 praeci-

2397 693 2530 771 piat
2558 695 2620 752 et
2647 696 2842 771 petat.
2887 693 3066 766 Quod
3097 694 3507 767 confirmant,
3548 693 3697 774 quia
3726 693 3791 754 in
3821 692 3936 752 du-

2398 785 2502 846 bio
2530 785 2855 847 sententiae
2891 784 3125 865 judicis
3168 787 3519 864 parendum
3560 790 3657 848 est
3690 808 3704 848 :
3758 786 3938 847 Prin-

2399 897 2547 957 ceps
2577 882 2786 939 autem
2830 884 2923 939 est
2961 879 3158 957 judex
3202 880 3370 941 inter
3412 880 3581 941 bona
3626 880 3845 960 populi
3876 882 3939 939 et

2396 971 2634 1032 bonum
2662 989 2997 1032 commune
3021 1018 3036 1048 ,
3094 979 3156 1034 et
3185 972 3432 1052 judicat
3461 974 3768 1035 tributum
3814 971 3936 1033 sol-

2398 1063 2673 1125 vendum
2704 1083 2862 1125 esse.
2898 1065 3264 1127 Confirmari
3289 1066 3479 1127 etiam
3499 1070 3702 1144 potest
3730 1085 3803 1127 ex
3827 1067 3939 1127 do-

2400 1157 2601 1217 ctrina
2627 1157 2969 1232 communi,
2993 1158 3162 1237 quod
3192 1159 3255 1218 in
3274 1158 3464 1220 dubio
3483 1159 3561 1218 de
3574 1159 3819 1239 justitia
3847 1160 3939 1220 le·

2398 1250 2516 1329 gie,
2551 1251 2845 1328 praesumi
2876 1250 3066 1312 debet
3083 1252 3253 1330 justa
3282 1298 3298 1329 ,
3350 1257 3413 1313 et
3439 1270 3583 1312 cum
3610 1252 3747 1313 aliis
3777 1272 3940 1332 quos

2400 1343 2615 1419 affert,
2666 1343 2851 1405 docet
2879 1344 3112 1405 Suarez
3161 1344 3269 1405 lib.
3305 1361 3348 1405 1.
3383 1342 3455 1405 de
3482 1343 3653 1424 leqib.
3687 1363 3743 1405 c.
3778 1362 3841 1406 x.
3877 1349 3941 1407 et

2399 1436 2525 1512 alii,
2561 1455 2717 1515 quos
2747 1437 2927 1497 affert
2963 1441 3026 1498 et
3055 1438 3339 1516 sequitur
3366 1439 3710 1517 Castropal.
3758 1444 3849 1500 ta.
3884 1438 3933 1499 1.

2400 1533 2479 1591 tr.
2512 1546 2608 1590 111.
2642 1527 2713 1589 de
2742 1529 2852 1608 leq.
2888 1529 3049 1608 disp.
3085 1547 3127 1592 1.
3161 1549 3312 1609 pun.
3350 1533 3406 1593 1.
3457 1549 3520 1590 n.
3563 1535 3621 1590 4.
3658 1549 3806 1609 ergo
3838 1531 3941 1590 lex

2400 1622 2614 1684 tributi
2646 1622 2705 1682 in
2730 1622 2918 1683 dubio
2939 1622 3234 1702 praesumi
3266 1623 3456 1684 debet
3474 1624 3666 1702 justa.
3702 1624 3799 1683 Ad
3817 1624 3942 1684 hoc

2398 1719 2609 1776 tamen
2629 1714 3627 1796 respondetur,praesumptionem
3645 1735 3757 1795 pro
3775 1717 3943 1795 prin-

2400 1807 2539 1886 cipe
2569 1811 2632 1869 et
2659 1806 2932 1885 prolege
2952 1825 3248 1886 magnam
3270 1809 3525 1888 quidem
3546 1827 3704 1884 esse,
3739 1827 3943 1889 quan-

2401 1900 2481 1961 do
2511 1905 2722 1962 tamen
2754 1918 2878 1960 non
2908 1904 3054 1961 sunt
3081 1899 3572 1964 circumstantiae
3603 1920 3745 1982 quae
3776 1921 3933 1981 prae-

2400 1994 2821 2071 sumptionem
2842 1992 3012 2054 illam
3034 2012 3264 2073 magna
3286 2013 3363 2055 ex
3378 1998 3555 2073 parte
3574 1999 3935 2071 extenuent,

2398 2091 2587 2166 prout
2613 2091 2761 2146 sunt
2787 2086 2850 2146 in
2880 2104 3031 2147 casu
3058 2087 3459 2163 tributorum,
3495 2088 3558 2147 in
3589 2088 3818 2168 quibus
3839 2107 3941 2148 ex-

2400 2180 2706 2260 perientia
2735 2183 3014 2255 constat,
3047 2180 3247 2241 multa
3274 2181 3512 2242 tributa
3539 2182 3618 2242 de
3648 2183 3815 2243 facto
3846 2182 3945 2241 in-

2399 2272 2566 2354 justa
2593 2292 2631 2333 a
2658 2272 2892 2352 probiS,
2926 2276 2989 2333 et
3016 2272 3430 2351 prudentibus
3458 2274 3720 2351 censeri,
3755 2280 3829 2336 ut
3854 2275 3947 2335 di-

2399 2367 2487 2428 xit
2514 2367 2742 2427 Driedo
2770 2365 2878 2428 lib.
2912 2382 2982 2427 11.
3016 2364 3087 2426 de
3115 2365 3381 2427 libertate
3410 2366 3748 2429 Clzm'stiana
3777 2387 3835 2431 c.
3874 2386 3936 2430 V.

2402 2464 2465 2522 et
2493 2460 2721 2522 Sanch.
2756 2460 2817 2520 d.
2852 2460 3003 2521 dub.
3044 2476 3125 2522 v1.
3160 2479 3335 2522 num.
3367 2463 3427 2522 5.
3464 2465 3524 2521 et
3556 2462 3704 2540 quia
3734 2465 3806 2522 ut
3832 2480 3943 2522 no·

2399 2552 2558 2615 tavit
2584 2554 2816 2614 Molina
2844 2552 3009 2613 dicto
3059 2571 3232 2614 num.
3266 2556 3327 2615 6.
3395 2575 3424 2611 «
3454 2554 3597 2614 Rari
3627 2558 3796 2629 sunt,
3833 2553 3940 2633 qui

2402 2645 2730 2707 veritatem
2758 2646 2820 2706 in
2852 2645 2971 2706 hac
2998 2646 3263 2707 materia
3282 2646 3670 2726 principibus
3698 2647 3939 2723 dicant,

2401 2739 2498 2798 vel
2531 2738 2792 2799 dubium
2820 2756 3078 2799 movere
3109 2739 3229 2799 illis
3259 2739 3454 2799 ullum
3484 2739 3789 2812 audeant,
3824 2758 3940 2800 cu·-

2403 2831 2645 2909 pientes
2675 2831 2764 2891 eis
2793 2831 3064 2909 placere,
3097 2835 3167 2892 ut
3196 2849 3413 2892 eorum
3444 2832 3657 2892 odium
3686 2834 3949 2894 extime-

2405 2928 2672 3000 scenteS,
2706 2927 2768 2983 et
2794 2924 3033 3002 populi,
3068 2942 3336 3003 quorum
3365 2924 3430 2984 id
3459 2925 3721 2985 interest
3744 2971 3761 3002 ,
3814 2944 3945 2987 non

2403 3017 2640 3078 audent
2665 3035 2731 3076 se
2760 3015 3148 3095 principibus
3169 3034 3487 3096 opponere
3517 3035 3592 3078 ea
3620 3018 3684 3077 in
3709 3036 3803 3093 re,
3838 3036 3946 3079 ne-

2407 3129 2529 3191 que
2574 3110 2960 3170 sufficienter
3009 3110 3374 3172 audiuntur.
3407 3132 3435 3168 ι)
3489 3111 3620 3172 Imo
3653 3110 3950 3173 videmus

2407 3222 2531 3265 non
2561 3221 2702 3264 raro
2731 3203 2899 3281 ipsos
2928 3203 3307 3282 populorum
3353 3208 3415 3265 et
3444 3203 3770 3265 civitatum
3800 3224 3952 3284 pro—

2408 3301 2731 3359 curatores
2758 3296 2837 3358 ob
2868 3296 3123 3357 easdem
3151 3296 3427 3358 rationes
3455 3297 3697 3359 tributa
3725 3303 3954 3360 contra

2409 3390 2855 3452 conscientiam
2886 3395 3238 3469 acceptare.
3292 3392 3431 3451 Non
3479 3395 3574 3451 est
3601 3408 3752 3469 ergo
3782 3410 3953 3469 prae-

2409 3483 2682 3562 sumptio
2714 3483 2819 3542 illa
2845 3483 2934 3544 ita
2961 3482 3221 3544 fundata
3252 3483 3314 3542 in
3347 3482 3467 3543 hoc
3496 3501 3647 3543 casu
3667 3509 3685 3558 ,¹
3730 3489 3802 3543 ut
3830 3483 3950 3543 du·

2408 3577 2581 3640 bium
2612 3577 2819 3637 valeat
2864 3576 3176 3655 expellere
3201 3622 3216 3652 ,
3276 3594 3421 3636 cum
3467 3580 3561 3637 tot
3586 3576 3946 3655 gravissimi

2411 3672 2700 3732 doctores
2731 3668 2982 3745 dicant,
3043 3686 3245 3747 pauca
3281 3686 3417 3729 esse
3451 3668 3683 3730 tributa
3711 3670 3779 3729 in
3809 3669 3951 3749 qui-

2410 3765 2527 3825 bus
2567 3762 2956 3824 conditiones
3004 3780 3222 3823 omnes
3254 3762 3336 3823 ad
3380 3781 3597 3823 eorum
3634 3762 3947 3841 justitiam

2411 3855 2780 3918 necessariae
2810 3857 2887 3915 de
2909 3855 3070 3916 facto
3095 3858 3506 3928 concurrant;
3543 3855 3713 3934 quod
3734 3861 3945 3917 tamen

2412 3951 2648 4012 dictum
2678 3949 2739 4008 in
2770 3947 3132 4008 universum
3162 3966 3287 4007 nnn
3319 3948 3541 4027 probo.

2492 4043 2706 4118 DiceS‚
2752 4040 3058 4120 superiori
3089 4040 3475 4120 praecipienti
3519 4041 3584 4100 in
3616 4041 3809 4101 dubio
3838 4060 3946 4119 pa—

2410 4137 2677 4198 rendum
2707 4153 2842 4196 esse
2874 4153 2910 4194 a
2942 4134 3190 4195 subdito
3224 4153 3237 4194 :
3273 4152 3423 4212 ergo
3453 4136 3515 4193 et
3542 4134 3606 4193 in
3637 4133 3949 4194 solutione

2415 4229 2630 4294 tributi
2661 4228 2884 4289 eadem
2902 4228 3121 4306 regula
3142 4227 3413 4288 tenenda
3442 4231 3555 4288 est.
3590 4226 3949 4305 Responde-

2414 4331 2553 4402 tur,
2602 4321 2911 4401 imprimis
2938 4320 3224 4400 regulam
3252 4320 3422 4380 illam
3444 4366 3459 4395 ,
3510 4320 3680 4400 quod
3712 4337 3951 4399 praesu-

2414 4417 2715 4479 mendum
2744 4415 2823 4475 sit
2848 4432 2962 4494 pro
2992 4432 3143 4491 rege
3172 4413 3603 4492 praecipiente,
3652 4410 3951 4491 explicari

2417 4511 2640 4585 solere,
2672 4512 2742 4570 ut
2771 4507 3176 4585 intelligatur,
3211 4506 3463 4586 quando
3493 4523 3623 4566 non
3647 4506 3852 4584 agitur
3868 4505 3953 4563 de

2416 4603 2716 4665 interesse
2766 4600 2961 4679 ipsius
2990 4600 3158 4678 regis
3182 4646 3197 4675 ,
3257 4603 3327 4660 ut
3355 4599 3541 4661 docet
3566 4602 3600 4661 J
3608 4617 3753 4660 oan.
3785 4598 3860 4659 de
3886 4598 3957 4657 la

2416 4700 2573 4759 Cruz
2603 4695 2663 4754 in
2690 4692 2895 4754 direct.
2928 4691 3318 4768 conscientiae,
3352 4695 3511 4771 part.
3546 4693 3593 4754 1.
3628 4697 3846 4772 quaest.
3878 4708 3948 4753 v.

2418 4795 2536 4852 art.
2570 4805 2666 4849 111.
2701 4787 2851 4848 dub.
2889 4789 2942 4847 1.
2978 4786 3178 4846 concl.
3211 4789 3269 4846 2.
3325 4784 3554 4845 deinde
3586 4785 3756 4845 circa
3782 4784 3955 4845 illam

2419 4882 2850 4964 quaestionem,
2882 4898 2962 4940 an
2993 4878 3284 4939 subditus
3313 4878 3546 4939 debeat
3572 4878 3829 4940 obedire
3852 4897 3962 4937 su-

2418 4976 2646 5057 periori
2678 4972 3106 5054 praecipienti,
3168 4971 3422 5051 quando
3470 4972 3637 5033 facto
3670 4970 3957 5032 examine

2418 5072 2632 5131 manet
2660 5068 2888 5128 dubius
2926 5084 3006 5126 an
3051 5065 3339 5143 superior
3380 5065 3724 5143 praecipere
3762 5063 3961 5142 possit

2420 5181 2555 5224 rem
2584 5162 2755 5223 illam
2779 5206 2795 5237 ‚
2854 5160 2954 5220 vel
2982 5178 3063 5220 an
3094 5158 3358 5219 excedat
3386 5159 3521 5237 ejus
3554 5162 3955 5236 potestatem,

2420 5259 2565 5318 sunt
2591 5256 2733 5316 duae
2762 5254 3086 5315 sententiae
3117 5270 3273 5330 quas
3292 5252 3416 5313 late
3445 5251 3639 5312 refert
3657 5251 3769 5312 Th.
3794 5251 3958 5311 San-

2421 5351 2572 5414 chez
2617 5349 2727 5410 lib.
2763 5365 2825 5409 vl
2880 5346 2942 5406 in
2968 5345 3244 5424 Decczloq.
3297 5363 3438 5424 cap.
3472 5346 3532 5404 3.
3588 5348 3652 5405 et
3699 5345 3960 5405 Castro-

2418 5445 2541 5523 pal.
2594 5447 2749 5505 tom.
2779 5444 2826 5503 1.
2886 5443 3065 5502 tract.
3100 5456 3147 5500 1.
3179 5438 3248 5499 de
3277 5436 3623 5498 conscientia
3679 5436 3830 5513 disp.
3874 5452 3951 5498 n.

2419 5540 2632 5617 punct.
2668 5539 2766 5598 13.
2802 5539 2864 5595 et
2893 5531 3181 5614 quamvis
3209 5530 3327 5613 ipsi
3352 5529 3765 5592 affirmantem
3791 5545 3956 5588 sen-

4029 4189 4196 4234 Andaka
