4263 6376
57 3286 96 3328 ¹⁵¹¹
115 3289 160 3352 εἰς

56 3352 178 3405 mee·

57 3401 204 3448 1ιιιιιιιιιεε.

1172 243 1640 305 DISPUTATIO
1687 243 1985 317 XXXVII,
2036 242 2308 303 SECTIO
2352 244 2453 302 lv.

264 434 374 477 esse
400 434 712 478 vencnum
742 417 805 478 in
835 419 1124 492 calicem;
1184 421 1372 483 debet
1419 426 1626 483 tamon
1658 438 1766 482 su·-

261 527 408 569 mere
447 509 706 572 calicem
730 556 746 587 ,
806 530 885 571 ex
924 511 1103 591 cujus
1148 514 1500 594 sumptione
1540 514 1659 575 scit
1702 532 1767 575 se

261 602 630 680 moriturum,
659 603 711 664 si
741 623 866 665 non
887 610 1093 683 potest
1119 606 1289 668 illam
1319 608 1604 669 omittere
1633 607 1770 668 abs-

261 714 362 776 que
386 696 597 775 aliqua
625 698 1029 760 confessionis
1057 700 1438 763 revelatione
1461 747 1477 779 ,
1531 704 1599 762 ut
1624 719 1768 761 cum

259 789 575 853 aliisdocet
600 792 833 854 Suarez
877 797 963 855 te.
996 795 1101 857 IV.
1154 794 1220 855 in
1241 811 1336 857 111.
1388 798 1549 874 part.
1601 794 1762 873 disp.

260 900 454 945 xxxm.
489 889 640 946 sect.
677 903 788 947 vn.
824 905 997 949 num.
1030 891 1091 950 ’1.
1162 889 1230 950 Si
1257 906 1409 968 ergo
1451 892 1659 967 potest
1701 905 1767 948 se

260 977 440 1057 ipsum
467 976 842 1057 interficere,
874 980 1116 1041 facilius
1146 982 1376 1060 poterit
1403 982 1558 1042 alios
1610 1002 1623 1043 :
1676 982 1769 1041 fa-

260 1070 410 1131 cilius
442 1070 632 1131 etiam
659 1073 887 1150 poterit
913 1073 1146 1135 habere
1175 1075 1466 1155 copulam
1483 1094 1625 1137 cum
1643 1092 1769 1135 non

257 1182 373 1226 sua.
421 1164 601 1225 Ratio
631 1169 841 1227 autem
871 1171 965 1228 est
990 1167 1055 1227 in
1083 1168 1324 1247 primis,
1358 1168 1506 1248 quia
1532 1169 1679 1229 licet
1704 1169 1768 1229 in

256 1257 371 1318 foro
417 1259 852 1321 sacramentali
911 1264 1201 1322 teneatur
1261 1261 1517 1324 credere
1573 1261 1769 1341 poeni-

259 1350 412 1426 tenti,
447 1369 572 1411 non
599 1356 812 1413 tamen
843 1356 1019 1414 extra
1048 1353 1235 1428 illud;
1271 1372 1464 1433 quare
1494 1360 1670 1416 extra
1697 1355 1770 1415 il-

256 1443 348 1503 lud
375 1443 601 1522 poterit
620 1444 818 1523 judex
838 1446 1095 1507 credere
1114 1447 1314 1526 magis
1336 1448 1596 1509 testibus
1626 1466 1770 1509 con-

258 1536 682 1597 demnantibus
728 1556 908 1598 reum
939 1585 955 1612 ‚
1017 1558 1207 1619 quam
1251 1540 1342 1600 illi
1388 1541 1765 1619 poenitenti;

258 1630 378 1710 quis
405 1629 574 1689 enim
601 1631 720 1693 scit
763 1649 843 1691 an
871 1631 1059 1694 fuerit
1082 1633 1382 1695 mentitus
1399 1634 1428 1694 ?
1474 1634 1772 1696 Similiter

256 1728 441 1803 potest
485 1729 742 1802 propter
780 1725 1070 1787 eamdem
1097 1726 1406 1788 rationem
1452 1728 1771 1790 confessor

257 1817 563 1878 absolvere
582 1818 1012 1897 poenitentem,
1046 1838 1236 1899 quam
1254 1840 1328 1881 ex
1349 1822 1604 1891 alterius
1627 1840 1770 1883 con-

253 1911 507 1972 fessione
553 1912 728 1973 novit
770 1912 984 1973 venire
1029 1913 1470 1993 indispositum
1513 1915 1594 1976 ad
1622 1933 1772 1976 con-

253 2004 590 2066 fessionem.
633 2004 813 2066 Ratio
843 2005 1113 2086 denique
1141 2007 1451 2085 generalis
1478 2009 1591 2084 est,
1625 2008 1774 2087 quia

253 2096 518 2160 Christus
545 2098 847 2159 Dominus
863 2097 1404 2178 potuitinstituere
1422 2099 1575 2161 illud
1605 2101 1771 2180 sigil-

253 2190 370 2253 lum
396 2191 853 2252 sacramentale
880 2191 945 2251 in
973 2210 1047 2253 eo
1079 2192 1380 2254 altissimo
1421 2195 1639 2255 ordine
1668 2214 1774 2255 su-

253 2302 355 2365 per
388 2284 635 2364 reliqua
677 2288 990 2364 praecepta
1020 2329 1037 2363 ,
1086 2289 1150 2348 et
1194 2286 1274 2347 de
1311 2287 1474 2349 facto
1517 2292 1775 2368 propter

252 2378 470 2439 multas
516 2379 955 2457 congruentias
1001 2379 1277 2441 creditur
1318 2381 1405 2442 ita
1445 2381 1662 2442 fecisse
1709 2382 1773 2442 in

251 2471 523 2534 favorem
552 2471 739 2552 hujus
768 2472 1179 2550 sacramenti,
1238 2477 1304 2534 et
1341 2477 1598 2553 propter
1638 2474 1773 2554 ejus

251 2564 548 2646 maJ'orem
574 2564 965 2645 religionem.
1018 2567 1153 2640 Qua
1182 2566 1409 2629 Christi
1438 2568 1776 2630 institutio-

251 2680 322 2719 ne
348 2658 696 2739 supposita,
726 2659 888 2720 sieut
915 2659 1104 2721 homo
1132 2663 1340 2740 potest
1367 2677 1432 2720 se
1459 2661 1769 2739 occidere,

251 2771 368 2814 non
392 2752 685 2814 obstante
713 2752 823 2813 illa
846 2752 1139 2824 scientim
1193 2754 1280 2814 ita
1326 2754 1558 2832 poterit
1578 2754 1773 2834 judex

248 2846 544 2908 damnare
572 2846 993 2907 innocentem.
1033 2847 1124 2907 Ex
1155 2845 1274 2909 hoc
1303 2850 1514 2907 autem
1543 2866 1670 2909 non
1695 2849 1777 2908 li·-

249 2943 342 3001 cet
366 2957 636 3020 arguere
667 2939 748 3000 ad
779 2937 967 2999 aliam
999 2938 1320 3017 notitiam,
1373 2958 1511 3020 quse
1543 2958 1670 3002 non
1700 2943 1778 3004 sit

244 3032 733 3095 sacramentalis.
767 3034 856 3093 Ex
885 3030 1067 3094 dietis

321 3129 594 3190 Infertur
627 3127 831 3206 primo
851 3171 867 3204 ,
917 3126 1239 3207 sequendo
1272 3128 1611 3190 secundam
1643 3147 1780 3188 sen-

245 3221 525 3297 tentiam,
561 3238 703 3300 quoe
729 3219 1240 3282 communissima
1268 3225 1332 3284 et
1357 3222 1777 3301 probabilissi-

245 3319 506 3392 maest,
551 3313 759 3390 idem,
811 3313 981 3393 quod
1026 3313 1264 3375 dictum
1301 3319 1394 3377 est
1438 3315 1516 3376 de
1537 3316 1773 3395 judice,

244 3409 484 3471 habere
530 3407 719 3470 etiam
761 3407 970 3468 locum
998 3407 1062 3467 in
1094 3408 1382 3469 carnifice
1412 3412 1476 3470 et
1502 3408 1639 3470 aliis
1667 3409 1779 3468 mi-

245 3503 481 3579 nistris,
513 3502 622 3581 qui
650 3505 1046 3582 exequuntur
1072 3503 1483 3576 sententiam3
1517 3506 1781 3582 possunt

243 3597 410 3659 enim
438 3597 615 3657 illam
644 3595 868 3674 exequi
895 3598 1112 3658 contra
1135 3614 1332 3673 reum,
1371 3614 1559 3675 quem
1580 3595 1783 3657 aliun-

243 3691 319 3752 de
347 3691 563 3752 sciunt
588 3706 724 3750 esse
752 3689 1180 3762 innocentem;
1228 3689 1338 3749 sed
1367 3694 1578 3750 tamen
1603 3689 1783 3769 juxta

241 3784 521 3863 allegata
550 3800 684 3844 esse
730 3782 1007 3860 legitime
1037 3781 1547 3844 condemnatum.
1611 3782 1784 3844 Sicut

240 3883 457 3938 autem
500 3875 693 3954 judex
733 3878 984 3936 tenetur
1008 3874 1182 3954 prius
1224 3879 1527 3955 quantum
1556 3877 1780 3954 potest,

239 3985 588 4050 procurare
630 3969 896 4029 liberare
931 3985 1146 4044 reum,
1197 3967 1297 4029 vel
1327 3984 1622 4029 excusare
1651 3986 1717 4028 sc
1750 3985 1785 4026 a

237 4064 599 4144 prolatione
629 4060 980 4133 sentcntioe;
1033 4061 1122 4122 sic
1149 4061 1339 4122 etiam
1368 4061 1446 4120 de
1474 4061 1548 4121 iis
1576 4061 1787 4121 minis-

237 4158 351 4219 tris
380 4155 729 4217 dicendum
759 4157 873 4215 est.
917 4153 1221 4216 Videatur
1248 4154 1522 4215 Thomas
1551 4154 1781 4214 Sanch.

238 4249 410 4312 dicto
441 4265 589 4327 cap.
624 4249 670 4308 1.
706 4248 855 4308 dub.
888 4262 1069 4310 xvm.
1122 4263 1301 4307 secus
1331 4245 1667 4306 dicendum
1698 4264 1789 4306 es-

237 4348 354 4420 set,
393 4342 450 4403 si
489 4359 631 4402 reus
660 4359 784 4402 non
814 4344 979 4401 esset
1003 4340 1456 4400 condemnatus
1484 4338 1784 4417 legitime,

235 4438 350 4498 sed
401 4453 528 4516 per
559 4433 938 4496 sententiam
983 4432 1312 4494 manifeste
1343 4433 1674 4511 injustam,
1731 4435 1793 4493 et

236 4530 684 4593 continentem
740 4544 1018 4589 errorem
1075 4525 1533 4587 intolerabilem
1566 4571 1580 4602 ,
1641 4529 1791 4587 tunc

235 4626 414 4686 enim
445 4621 809 4684 concedunt
836 4624 1123 4681 auctores
1137 4618 1430 4679 secundoe
1443 4619 1787 4696 sententiae,

233 4718 576 4779 ministros
628 4732 890 4795 peccare
946 4711 1289 4774 occidendo
1329 4729 1508 4772 reum
1565 4715 1629 4772 et
1656 4729 1794 4771 exe-

233 4811 509 4893 quendo
537 4807 914 4870 sententiam
959 4805 1289 4868 manifeste
1316 4805 1622 4884 iniquam,
1645 4806 1793 4884 quia

235 4905 401 4966 alias
433 4904 815 4964 excusarent
843 4920 880 4960 a
900 4903 1157 4979 peccato
1188 4899 1512 4960 carnifices
1534 4943 1551 4976 ,
1586 4897 1690 4978 qui
1722 4916 1796 4958 ex

234 5001 578 5078 praecepto
599 4995 832 5076 judicis
877 4997 1189 5072 martyres
1220 4992 1545 5069 occidunt,
1597 4991 1684 5052 ita
1727 4993 1791 5052 S.

233 5093 404 5154 Tho.
437 5091 510 5150 in
539 5087 832 5170 praesenti
862 5106 968 5168 qu.
1000 5088 1210 5149 LXIV.
1247 5090 1362 5146 art.
1398 5101 1485 5147 vl.
1519 5084 1600 5144 ad
1627 5087 1685 5145 3.
1738 5087 1800 5145 et

233 5186 344 5247 alii
379 5186 540 5246 cum
570 5183 733 5261 ipso.
762 5184 990 5243 Contra
1017 5180 1138 5240 hoc
1165 5183 1375 5241 tamen
1404 5177 1692 5239 ultimum
1714 5177 1800 5237 vi-

236 5280 442 5341 detur
474 5278 686 5337 facere
729 5278 935 5337 textus
979 5273 1043 5333 in
1074 5273 1241 5334 dicto
1273 5290 1412 5350 cap.
1447 5269 1796 5345 Pastor-alis,

238 5374 305 5453 ξ.
346 5370 516 5446 Quia
545 5388 711 5445 vero,
750 5367 818 5428 de
848 5366 1047 5448 officio
1077 5375 1132 5426 et
1162 5374 1446 5447 potestate
1466 5363 1682 5444 judicis
1711 5362 1802 5424 de-

229 5464 475 5546 leqatt‘,
540 5463 648 5523 ubi
690 5461 921 5523 dicitur
958 5460 1152 5540 judex
1190 5458 1544 5521 ordinarius
1573 5457 1803 5518 debere
1907 5473 2094 5534 quam
2125 5459 2341 5517 tenent
2366 5455 2703 5516 Themista}
2752 5458 3200 5534 communiter,
3258 5458 3444 5518 Sotus

3284 245 3392 302 691

1871 420 2093 499 exequi
2148 420 2519 482 sententiam
2574 420 2765 480 latam
2797 437 2833 479 a
2854 418 3069 498 judice
3112 419 3398 497 delegato

1871 516 2090 591 Papae,
2150 512 2299 574 licet
2326 512 2481 574 sciat
2508 513 2679 573 illam
2708 530 2842 573 esse
2870 512 3187 590 injustam.
3250 514 3402 572 Res-

1866 606 2128 685 ponderi
2166 610 2372 686 potest
2397 604 2837 685 distinguendo
2871 607 2948 666 (lc
2974 606 3283 667 sententia
3313 604 3401 664 in-

1860 697 2053 779 justa,
2085 699 2186 760 vel
2217 699 2386 759 enim
2416 700 2605 760 habet
2630 717 2907 760 errorem
2936 699 3208 779 aliquem
3238 699 3400 760 into-

1865 792 2213 869 lerabilem,
2248 797 2311 854 et
2343 793 2478 854 haec
2508 793 2762 872 quidem
2792 792 3095 872 injustitia
3123 792 3402 871 aequipa-

1865 889 2043 948 ratur
2085 885 2386 963 nullitati,
2438 889 2508 948 ut
2553 890 2773 948 notant
2809 887 3052 966 juristae
3080 887 3249 966 apud
3277 889 3404 947 Tu-

1865 979 2087 1041 schum
2117 979 2298 1041 concl.
2330 980 2729 1061 practicarum
2775 980 2891 1043 litt.
2927 983 2990 1042 S.
3027 981 3224 1041 concl.
3262 983 3397 1041 140.

1867 1076 2086 1135 et155.
2121 1078 2186 1136 et
2209 1091 2332 1134 non
2364 1073 2554 1135 debet
2577 1073 2864 1135 mandari
2884 1074 3271 1149 executioni3
3306 1075 3404 1134 vel

1869 1171 1964 1228 est
1991 1165 2226 1246 injusta
2253 1185 2330 1228 ex
2357 1167 2478 1228 alio
2509 1167 2733 1246 eapite,
2771 1172 2832 1228 et
2859 1172 3045 1244 tunc,
3080 1184 3193 1246 per
3219 1186 3284 1228 se
3313 1168 3405 1228 lo·-

1868 1260 2142 1340 quendo‚
2163 1263 2368 1340 potest
2393 1260 2473 1321 ab
2501 1264 2830 1322 executore
2859 1278 3033 1321 mero
3054 1260 3404 1321 executioni

1867 1353 2177 1414 mandari.
2210 1353 2304 1414 Illi
2333 1358 2543 1415 tamen
2573 1353 2927 1430 carnificeS,
2961 1354 3064 1433 qui
3095 1358 3406 1431 martyres

1867 1446 2350 1522 interficiebant,
2383 1447 2662 1525 graviter
2688 1447 3071 1526 peccabant,
3127 1446 3275 1526 quia
3301 1446 3407 1506 illa

1869 1540 2179 1602 sententia
2225 1540 2590 1602 continebat
2618 1558 2892 1601 errorem
2923 1540 3401 1615 intolerabilem,

1870 1637 1933 1696 et
1957 1633 2092 1713 ejus
2120 1633 2405 1694 executio
2433 1633 2593 1694 adeo
2623 1636 2758 1694 erat
2786 1637 3005 1695 contra
3030 1633 3269 1694 bonum
3296 1638 3406 1711 pu-

1866 1725 2101 1787 blicum
2129 1727 2447 1805 religionis
2466 1769 2483 1804 ,
2535 1728 2603 1787 ut
2649 1744 2773 1787 non
2803 1732 3014 1806 posset
3038 1726 3409 1809 praeponde-

1869 1836 2010 1880 rare
2051 1819 2286 1881 utilitas
2332 1820 2584 1899 publica
2628 1820 3000 1882 obedientia}
3031 1824 3091 1883 et
3119 1820 3406 1882 subordi-

1871 1913 2144 1975 nationis
2192 1913 2420 1976 debitae
2468 1913 2596 1973 suis
2645 1914 3072 1993 superioribus
3126 1914 3210 1975 illi
3258 1932 3407 1993 gra-

1869 2006 2124 2068 vissimo
2172 2007 2338 2067 malo
2387 2011 2607 2067 contra
2644 2008 3042 2087 religionem3
3103 2008 3270 2069 idem
3315 2007 3408 2067 di-

1869 2099 2142 2162 cendum
2173 2105 2337 2161 esset
2364 2101 2441 2160 de
2472 2098 2612 2176 illis,
2647 2100 2751 2179 qui
2780 2104 3238 2182 exequerentur
3265 2119 3409 2162 con-

1870 2194 2259 2255 fiscationem
2288 2194 2595 2253 bonorum
2620 2238 2635 2268 ,
2686 2194 2784 2254 vel
2831 2195 2985 2255 alias
3014 2195 3246 2255 similes
3274 2213 3410 2274 poe·

1873 2305 1985 2356 nas
2013 2289 2232 2348 contra
2260 2285 2611 2348 Catholicos
2654 2304 2766 2364 pro
2813 2305 3003 2349 causa
3050 2287 3406 2367 religionis;

1871 2384 2210 2461 peccarent
2258 2379 2427 2440 enim
2473 2383 2731 2458 propter
2756 2381 3045 2441 eamdem
3073 2381 3403 2443 rationem.

1872 2474 2156 2553 Denique
2199 2472 2264 2533 in
2293 2473 2477 2534 tertia
2505 2473 2813 2534 sententia
2859 2492 3049 2552 supra
3078 2474 3280 2554 posita
3311 2474 3406 2533 di·

1873 2567 2143 2628 cendum
2171 2569 2286 2642 est,
2318 2566 2480 2626 sicut
2499 2565 2695 2644 judex
2724 2585 2847 2627 non
2876 2571 3083 2645 potest
3109 2566 3411 2646 praecipe-

1874 2680 1942 2722 re
1969 2659 2465 2735 mutilationem,
2515 2659 2616 2718 vel
2657 2658 3033 2720 occisionem
3062 2658 3411 2722 innocentis

1873 2772 1913 2815 a
1939 2773 2006 2814 se
2035 2751 2290 2832 cogniti,
2324 2751 2471 2812 licet
2500 2752 2801 2830 probetur
2829 2770 3061 2814 nocens
3096 2773 3111 2815 :
3157 2754 3242 2816 ita
3271 2753 3414 2815 reli·

1876 2865 2033 2930 quos
2078 2845 2397 2907 ministros
2446 2861 2570 2905 non
2620 2863 2801 2924 posse
2849 2863 2988 2907 eam
3037 2846 3409 2908 sententiam

1875 2938 2097 3020 exequi
2133 2958 2147 2998 x
2198 2938 2359 3000 sicut
2386 2941 2594 2999 autem
2617 2937 2813 3018 judex
2844 2939 3180 3019 aliquando
3211 2943 3415 3020 potest

1874 3034 2150 3095 minores
2178 3051 2398 3111 poenas
2428 3031 2749 3110 infligere,
2782 3037 2853 3093 ut
2879 3051 3070 3113 supra
3095 3033 3367 3095 vidimus
3394 3054 3408 3107 ;

1875 3129 1963 3190 ita
1991 3146 2135 3188 cum
2166 3126 2403 3186 eisdem
2432 3125 2915 3190 circumstantiis
2962 3132 3256 3206 poterunt
3303 3128 3415 3188 mi-

1878 3223 2056 3282 nistri
2086 3237 2194 3280 eas
2224 3220 2479 3298 exequi3
2523 3220 2673 3280 dum
2704 3224 2914 3281 tamen
2945 3239 3070 3283 non
3098 3221 3419 3284 contineat

1876 3314 2189 3376 sententia
2214 3313 2485 3392 aliquem
2518 3331 2793 3374 errorem
2823 3314 3279 3377 intolerabilem
3302 3363 3317 3394 ,
3352 3320 3422 3378 ut

1879 3424 2069 3487 supra
2097 3405 2480 3467 dicebamus

1958 3502 2230 3563 Infertur
2256 3498 2553 3574 secunde,
2592 3498 2741 3579 quid
2771 3500 3107 3563 dicendum
3136 3501 3217 3565 sit
3246 3502 3325 3565 ad
3354 3503 3421 3563 il-

1878 3593 1987 3655 lud
2017 3592 2309 3665 dubium;
2346 3610 2425 3652 an
2446 3592 2641 3670 judex
2660 3593 2760 3653 vel
2787 3593 3055 3657 ministri
3083 3595 3146 3656 in
3178 3615 3250 3657 eo
3273 3616 3422 3658 casu

1882 3690 2214 3750 teneantur
2265 3686 2620 3763 relinquere
2663 3695 2842 3747 suum
2892 3688 3167 3749 officium
3210 3690 3291 3750 ad
3331 3691 3423 3751 fu-

1882 3779 2179 3861 giendam
2207 3779 2377 3838 illam
2405 3777 2842 3856 prolationem,
2868 3782 2965 3841 vel
2992 3783 3421 3844 executionem

1886 3871 2210 3941 sententies
2251 3874 2469 3933 contra
2496 3871 2938 3934 innocentem?
2985 3874 3048 3936 Si
3080 3875 3245 3934 enim
3276 3894 3423 3954 pro-

1886 3967 2186 4030 cedamus
2215 3982 2358 4026 cum
2396 3964 2579 4026 tertia
2606 3965 2914 4027 sententia
2937 4012 2952 4042 ,
2999 3966 3195 4048 judex
3223 3973 3286 4031 et
3312 3968 3426 4029 mi-

1888 4060 2065 4122 nistri
2093 4062 2388 4120 tenentur
2416 4057 2621 4119 facere
2652 4077 2725 4118 ea
2756 4059 2968 4119 omnia
2993 4107 3007 4137 ‚
3043 4080 3182 4140 quae
3213 4080 3427 4123 neccs—

1887 4153 2053 4215 saria
2081 4154 2228 4213 sunt
2262 4151 2343 4211 ad
2374 4150 2695 4212 vitandam
2724 4169 2864 4212 eam
2896 4153 3246 4232 actionem,
3282 4172 3425 4216 cum

1888 4247 2169 4310 absolute
2199 4248 2531 4306 teneantur
2559 4262 2699 4305 eam
2729 4246 2980 4309 omnino
3006 4247 3242 4310 vitare:
3277 4268 3426 4329 qua·

1890 4360 1956 4401 re
1986 4340 2039 4400 si
2068 4337 2488 4399 necessarium
2529 4342 2693 4400 esset
2736 4338 3089 4420 relinquere
3120 4361 3303 4403 suum
3333 4342 3426 4402 of-

1891 4433 2137 4509 ficium,
2189 4448 2311 4491 non
2360 4435 2453 4491 est
2482 4431 2745 4492 dubium
2795 4434 2943 4512 quin
2977 4435 3054 4494 ad
3086 4435 3204 4496 hoc
3238 4435 3427 4496 etiam

1890 4528 2275 4589 tenerentur.
2320 4526 2402 4585 At
2431 4541 2577 4585 vero
2602 4524 2782 4604 juxta
2808 4528 3149 4588 secundam
3181 4533 3430 4588 senten-

1893 4620 2044 4682 tiam
2073 4617 2277 4696 maior
2305 4621 2398 4678 est
2424 4617 2757 4679 difficultas
2777 4664 2791 4692 ,
2826 4637 2973 4679 nam
3000 4619 3144 4679 licet
3170 4624 3431 4681 tenean-

1892 4718 1997 4775 tur
2012 4715 2255 4775 tentare
2283 4711 2458 4771 varia
2485 4710 2694 4770 media
2722 4709 2803 4771 ad
2827 4709 3225 4772 liberandum
3257 4712 3432 4773 inno-

1896 4808 2176 4880 centem,
2228 4804 2552 4865 dubitatur
2596 4804 2804 4864 adhuc
2849 4823 2928 4864 an
2973 4808 3307 4866 teneantur
3353 4805 3433 4866 ad

1897 4897 2177 4958 medium
2205 4897 2363 4957 adeo
2396 4897 2666 4973 difficile,
2694 4897 2876 4977 quale
2901 4901 3062 4958 esset
3082 4898 3434 4977 relinquere

1899 4990 2360 5069 praefecturam,
2395 4991 2494 5049 vel
2525 4990 2836 5051 officium?
2858 4991 3187 5052 Affirmant
3216 4990 3431 5070 aliqui.

1905 5082 2325 5144 panormitan.
2363 5087 2425 5142 et
2452 5082 2646 5143 Imola
2697 5102 2834 5163 cap.
2868 5099 2913 5145 1.
2948 5082 3018 5145 de
3047 5083 3245 5166 officio
3275 5083 3435 5144 ordi-

1899 5176 2060 5236 narii
2078 5223 2092 5253 ,
2150 5176 2450 5236 Sili-ester
2478 5176 2670 5236 verbo
2700 5176 2898 5238 ,luder
2924 5179 2997 5238 ll.
3030 5179 3085 5257 ἓ.
3121 5195 3181 5241 v.
3217 5182 3280 5238 ct
3308 5177 3433 5253 alii,

1904 5287 2060 5349 quos
2091 5270 2273 5330 affert
2297 5267 2586 5330 Turrian.
2622 5269 2679 5328 in
2712 5271 3006 5349 praesenti
3036 5271 3194 5350 disp.
3220 5285 3432 5331 vam.

1904 5363 2053 5424 dub.
2087 5367 2146 5424 2.
2208 5363 2612 5424 Communior
2654 5368 2872 5423 tamen.
2894 5365 3203 5426 sententia
3228 5369 3435 5443 negat,

3571 3531 3647 3594 49

3498 3659 3565 3701 An
3598 3659 3740 3713 judex,

3476 3715 3542 3758 vel
3596 3717 3775 3762 ministri

3475 3770 3649 3816 debeant
3668 3773 3708 3815 in
3724 3787 3775 3817 eo

3503 3837 3600 3868 casu
3621 3828 3757 3870 relin-

3502 3893 3628 3934 quens
3654 3881 3748 3924 offi-

3566 3935 3689 3979 cium.
