4263 6376
680 1534 755 1593 {0

576 1670 681 1752 banne
701 1671 874 1754 1001111110-

604 1769 686 1805 tem
705 1776 729 1805 ι
748 1777 846 1818 rege

656 1829 811 1861 emere.

701 3107 764 3166 Η

928 337 1047 395 610

927 514 1116 590 Vasq.
1152 529 1212 571 0.
1250 512 1344 571 15.
1383 511 1444 569 01
1483 526 1660 587 seqq.
1722 524 1903 585 posse
1962 523 2144 585 reges
2173 523 2248 565 ex
2283 504 2455 585 justa

2088 329 2190 389 DE
2232 326 2585 388 JUSTITIA
2634 327 2731 387 ET
2775 328 2974 389 JURE

2636 504 2817 565 Dices
2846 508 3027 567 tertio
3048 554 3063 584 ‚
3107 526 3218 569 cur
3243 527 3394 589 ergo
3427 509 3508 571 ob
3537 509 3792 571 easdem
3820 509 4060 569 necessi-

925 623 1114 667 causa
1162 600 1515 665 donationis
1570 601 1650 661 ob
1705 599 1957 661 servitia
2026 598 2305 677 egregia,
2355 596 2456 657 vel
2554 600 2714 658 tates
2738 605 3103 677 praesentes,
3141 619 3263 662 non
3286 602 3907 681 possetrexvendere
3928 619 4061 662 nunc

923 696 1298 760 venditionis
1341 694 1420 757 ob
1474 694 1908 757 necessitatem
1965 691 2150 771 pretii
2206 691 2289 751 ad
2346 691 2454 752 ob-

924 791 1225 852 viandum
1280 789 1461 850 alicui
1521 786 1868 848 imminenti
1916 785 2214 865 periculO,
2250 788 2456 844 trans-

923 885 1086 945 ferre
1117 884 1180 944 in
1209 882 1400 943 alium
1425 880 1523 962 jus
1552 880 1703 941 illud
1733 880 1814 941 ad
1847 879 2080 941 tributa
2133 876 2253 938 sibi
2284 876 2455 936 debi-

923 982 1020 1039 ta:
1046 982 1194 1039 tunc
1224 975 1514 1036 dominus
1542 974 1644 1034 ille
1679 971 2050 1051 emptor,vel
2083 969 2451 1031 donatarius

920 1074 1126 1150 potest
1153 1087 1189 1129 a
1220 1066 1483 1129 subditis
1516 1066 1765 1145 exigere
1812 1084 1885 1125 ea
1942 1065 2144 1124 solum
2190 1063 2449 1137 tributa,

923 1163 1063 1224 etin
1096 1180 1171 1222 ea
1200 1160 1569 1241 quantitate,
1602 1159 1665 1219 in
1698 1176 1822 1238 qua
1844 1157 2000 1217 solvi
2029 1155 2347 1216 debebant
2378 1172 2450 1214 eo

921 1260 1205 1333 tempore
1236 1272 1358 1334 quo
1389 1273 1426 1313 a
1457 1272 1603 1331 rege
1643 1251 1705 1311 in
1734 1251 1940 1331 ipsum
1987 1250 2293 1310 translata
2321 1250 2456 1308 snc-

922 1352 1089 1422 runt,
1122 1366 1325 1426 neque
1373 1345 1538 1406 enim
1595 1343 1821 1423 accipit
1874 1343 2235 1404 facultatem
2293 1361 2455 1402 nova

923 1439 1286 1522 imponendi
1317 1439 1415 1499 vel
1446 1438 1705 1517 antiqua
1734 1436 2027 1514 augendi.

1005 1534 1183 1594 Dices
1200 1530 1423 1612 primo,
1446 1549 1557 1591 cur
1576 1548 1701 1591 non
1723 1527 2331 1609 potuissetdominus
2353 1526 2453 1586 ille

926 1646 1135 1689 emere
1164 1645 1203 1686 a
1228 1644 1377 1705 rege
1400 1624 1504 1704 jus
1533 1641 1658 1683 non
1687 1623 1886 1683 solum
1917 1621 1998 1681 ad
2033 1619 2263 1681 tributa
2294 1638 2455 1697 prae-

923 1721 1123 1784 sentia
1146 1767 1161 1797 ,
1196 1717 1306 1779 sed
1337 1716 1525 1779 etiam
1554 1715 1634 1776 ad
1666 1733 1881 1776 eorum
1923 1718 2331 1791 augmentum
2366 1713 2457 1772 su-

922 1820 1154 1891 turam,
1188 1810 1287 1873 vel
1317 1811 1398 1872 ad
1429 1809 1553 1869 alia
1583 1809 1661 1868 de
1692 1826 1853 1867 novo
1884 1825 1923 1867 a
1948 1825 2098 1885 rege
2130 1806 2454 1885 imponen-

923 1907 1050 1969 da?
1079 1910 1262 1983 Resp.
1295 1902 1603 1965 rationem
1634 1919 1809 1977 esse,
1859 1898 2008 1979 quia
2047 1898 2298 1977 quando
2343 1916 2455 1976 po-

923 2005 1052 2062 stea
1084 2018 1192 2060 rex
1224 1997 1345 2057 alia
1373 2012 1535 2056 nova
1566 1993 1802 2055 tributa
1835 1991 2137 2070 imponit,
2188 2010 2312 2051 non
2344 1991 2452 2049 im-

919 2093 1096 2174 ponit
1115 2092 1305 2172 juste,
1339 2093 1409 2149 ut
1435 2090 1652 2167 postea
1681 2084 2057 2160 videbimuS,
2093 2084 2209 2144 nisi
2244 2102 2453 2145 neces-

920 2186 1085 2249 saria
1111 2184 1234 2246 sint
1263 2181 1339 2242 ad
1373 2199 1568 2241 novas
1597 2175 1998 2239 necessitates
2015 2182 2447 2256 emergentes:

923 2298 1046 2340 non
1078 2279 1330 2357 possent
1357 2292 1506 2352 ergo
1537 2270 1671 2351 cogi
1706 2269 1935 2331 subditi
1968 2269 2051 2329 illi
2085 2270 2164 2330 ad
2207 2269 2455 2330 solven-

922 2373 1073 2433 dum
1101 2387 1212 2431 suo
1241 2365 1611 2443 marchioni,
1645 2364 1746 2424 vel
1778 2362 2030 2423 domino
2061 2361 2364 2424 tributum
2387 2362 2452 2423 il-

919 2466 1029 2527 lud
1059 2480 1313 2538 novum,
1346 2478 1489 2521 cum
1520 2457 1671 2517 illud
1702 2474 1825 2516 000
1858 2455 2115 2517 deberet
2137 2455 2452 2516 deservire

922 2558 1001 2620 ad
1032 2552 1431 2617 necessitates
1461 2552 1801 2629 praesentes
1849 2547 1927 2608 ob
1971 2566 2126 2626 quas
2168 2548 2332 2609 solas
2354 2548 2454 2628 ju-

922 2651 1226 2714 stificatur
1254 2643 1395 2707 novi
1427 2639 1638 2705 tributi
1690 2639 2027 2718 impositio,
2090 2640 2202 2700 sed
2254 2646 2451 2702 totum

922 2745 1175 2808 cederet
1200 2741 1263 2800 in
1293 2730 1783 2799 emolumentum
1812 2732 1971 2793 illius
2000 2732 2227 2812 privati
2257 2733 2455 2794 domi-

924 2839 1028 2913 ni;
1061 2836 1374 2915 repugnat
1402 2846 1552 2908 ergo
1585 2826 1753 2908 quod
1793 2825 2017 2886 emerit
2057 2830 2202 2886 ante
2252 2831 2454 2888 ortam

924 2928 1360 2993 necessitatem
1394 2924 1499 3002 jus
1543 2920 1621 2980 ad
1667 2918 1973 2981 tributum
2001 2918 2454 2999 imponendum

925 3029 1143 3107 postea
1171 3020 1249 3080 ob
1279 3013 1677 3078 necessitates
1709 3012 1972 3074 11110105.

1005 3116 1185 3178 Dices
1214 3112 1462 3185 iterum,
1496 3123 1849 3185 repugnare
1882 3104 2095 3181 etiam,
2133 3105 2300 3184 quod
2347 3126 2457 3167 rex

923 3209 1259 3276 transferat
1285 3204 1348 3264 in
1377 3201 1568 3262 alium
1588 3201 1693 3279 jus
1723 3197 1801 3258 ad
1832 3198 2064 3259 tributa
2086 3197 2221 3278 jam
2253 3200 2454 3279 impo-

924 3306 1042 3368 sita
1076 3322 1089 3363 :
1124 3298 1272 3380 quia
1300 3295 1435 3356 haec
1464 3312 1589 3354 non
1619 3290 1927 3352 debentur
1955 3291 2274 3353 asubditis
2294 3294 2449 3373 regi,

921 3398 1042 3459 nisi
1070 3395 1149 3455 ad
1178 3385 1607 3454 sustinendam
1651 3385 1890 3464 regiam
1921 3384 2321 3464 dignitatem,
2357 3387 2455 3448 vel

921 3492 999 3554 ad
1019 3484 1419 3550 necessitates
1447 3497 1810 3541 communes
1833 3494 1846 3534 ε
1868 3495 2010 3537 0001
2029 3496 2178 3556 ergo
2210 3484 2448 3558 postea,

920 3582 1170 3665 quando
1202 3576 1554 3656 exiguntur,
1604 3570 1685 3631 ad
1737 3569 1872 3630 haec
1916 3587 2039 3629 non
2070 3570 2447 3650 deserviant,

921 3696 1042 3738 000
1072 3672 1368 3754 poterunt
1412 3663 1646 3728 subditi
1692 3661 1831 3741 cogi
1876 3661 1956 3721 ad
2003 3680 2079 3723 ea
2123 3663 2445 3742 solvenda,

917 3771 1064 3852 quia
1091 3765 1374 3829 cessante
1405 3776 1594 3820 causa
1614 3757 1785 3836 justa
1814 3754 2051 3830 tributi,
2072 3760 2275 3817 cessat
2295 3757 2451 3818 obli-

915 3864 1084 3944 gatio
1118 3854 1402 3921 solvendi
1431 3850 1581 3912 illud
1605 3896 1621 3925 ,
1655 3852 1723 3908 ut
1751 3846 2101 3917 videbimus
2134 3866 2149 3913 ε
2184 3867 2307 3910 non
2335 3869 2450 3930 po-

916 3962 1036 4019 test
1058 3971 1210 4033 ergo
1238 3968 1350 4010 rex
1399 3940 1739 4008 transferre
1798 3941 1861 4001 in
1917 3941 2110 4001 alium
2154 3942 2275 4003 tale
2314 3941 2443 4023 jus,

915 4050 1034 4111 nisi
1059 4035 1242 4109 simul
1285 4039 1622 4104 transferat
1667 4053 2026 4115 supremam
2072 4053 2288 4096 curam
2334 4056 2445 4116 gu-

912 4137 1218 4204 bernandi
1241 4129 1692 4196 5111)(1110511105.
1720 4121 2173 4206 Respondetur,
2191 4126 2253 4188 id
2274 4128 2446 4208 quod

914 4254 950 4297 a
977 4231 1243 4296 subditis
1269 4225 1529 4288 solvitur
1555 4240 1666 4283 suo
1697 4219 1949 4281 domino
1981 4219 2255 4282 inferiori
2283 4268 2298 4298 ,
2333 4222 2445 4283 de-

911 4326 1145 4390 servire
1175 4320 1429 4402 quidem
1459 4315 1537 4375 ad
1567 4313 1807 4393 regiam
1835 4313 2226 4392 dignitatem,
2251 4316 2443 4376 0100-

910 4418 1250 4490 cessitates,
1283 4427 1647 4473 communes
1669 4410 1977 4486 quatenus
2008 4405 2142 4486 ejus
2169 4407 2439 4485 pretium

909 4517 1096 4575 antea
1124 4510 1451 4586 acceptum
1481 4501 1560 4561 ad
1591 4518 1736 4560 eum
1764 4500 1952 4559 finem
1996 4499 2311 4561 deserviit.
2348 4501 2443 4562 Si-

909 4608 1014 4667 cut
1066 4603 1118 4664 si
1173 4619 1283 4661 rex
1334 4599 1555 4656 mutuo
1611 4592 1952 4671 accepisset
2005 4610 2042 4651 a
2092 4595 2440 4655 mercatore

908 4697 1101 4772 mille,
1135 4699 1198 4755 et
1223 4694 1404 4753 daret
1430 4687 1516 4749 illi
1539 4687 1645 4765 jus
1673 4684 1756 4746 ad
1784 4683 2150 4763 recipienda
2177 4685 2440 4748 totidem

907 4811 982 4853 ex
1009 4789 1242 4851 tributo
1275 4783 1424 4844 anni
1452 4778 1791 4859 sequentiS,
1826 4776 1928 4837 illa
1957 4776 2149 4854 mille,
2186 4778 2437 4856 quando

905 4905 945 4947 0
971 4881 1235 4946 subditis
1262 4877 1607 4949 solvuntur,
1667 4868 2027 4930 immediate
2076 4868 2439 4934 deserviunt

907 4977 988 5038 ad
1016 4972 1386 5037 solvendum
1438 4962 1769 5026 mercatori
1821 4980 1931 5040 pro
1974 4965 2192 5023 mutuo
2243 4963 2430 5039 dato;

903 5068 1176 5131 mediate
1203 5070 1415 5127 tamen
1446 5057 1807 5119 deserviunt
1832 5056 2020 5134 reg'iae
2053 5057 2429 5134 necessitati,

904 5168 1210 5245 quatenus
1238 5161 1525 5217 mutuum
1556 5151 1633 5211 ad
1656 5149 1818 5230 han-c
1847 5149 2050 5209 fuerat
2078 5154 2427 5228 acceptum.

904 5258 1006 5320 Sic
1035 5271 1185 5332 ergo
1214 5249 1518 5312 tributum
1548 5243 1820 5304 solutum
1850 5260 2015 5301 nunc
2055 5241 2310 5303 domino
2340 5242 2432 5303 in-

900 5348 1112 5410 feriori
1168 5340 1442 5405 deservit
1487 5335 1567 5398 ad
1618 5335 1784 5414 regis
1840 5335 2242 5396 necessitates
2265 5382 2280 5412 ,
2352 5336 2431 5396 ob

899 5460 1056 5523 quas
1112 5439 1444 5515 acceptum
1483 5432 1688 5492 fuerat
1714 5428 1985 5508 pretium
2028 5447 2143 5508 pro
2177 5427 2318 5507 jure
2346 5428 2428 5489 ad

896 5534 1200 5597 tributum
1230 5533 1447 5608 postea
1475 5523 1864 5585 solvendum.

2557 708 2679 751 non
2710 691 2908 752 solum
2950 692 3054 772 jus
3096 694 3175 753 ad
3207 695 3439 756 tributa
3483 696 3816 774 praesentia
3844 695 4061 773 exigen-

2557 783 2658 859 da,
2693 784 2803 845 sed
2833 785 3020 846 etiam
3049 787 3130 846 ad
3160 787 3542 866 imponenda
3573 789 3729 865 alia,
3781 805 3907 849 non
3957 787 4062 866 qui-

2557 876 2701 937 dem
2730 877 2863 938 sine
2895 896 3121 955 causa,
3170 880 3279 940 sed
3326 885 3587 960 propter
3629 890 3854 943 causas
3895 884 4061 940 01110-

2556 970 2874 1032 cessitates
2902 972 3143 1033 suturas
3172 992 3187 1046 ;
3221 973 3306 1034 ita
3335 974 3707 1034 01010101110
3736 974 3860 1050 ille,
3898 992 3954 1033 v.
3983 991 4057 1051 gr.

2554 1068 2767 1142 posset
2794 1068 3012 1142 postea
3044 1084 3119 1125 ex
3144 1064 3440 1127 facultate
3462 1071 3674 1146 empta
3690 1065 4059 1127 1015101000-

2553 1175 2730 1217 cessa
2782 1157 3104 1237 imponere
3148 1172 3309 1219 nova
3355 1159 3590 1221 tributa
3637 1159 3764 1219 suis
3792 1158 4052 1233 5111)(11115,

2555 1249 2806 1329 quando
2862 1251 3214 1312 necessaria
3267 1256 3475 1313 essent
3529 1252 3609 1312 ad
3683 1251 4058 1312 necessitates

2555 1358 2940 1418 0010100005,
2962 1344 3059 1404 vel
3087 1344 3277 1405 etiam
3297 1345 3585 1425 proprias
3607 1345 3797 1423 ipsius
3816 1344 4053 1415 domini,

2556 1452 2696 1515 quae
2727 1440 2943 1513 postea
2972 1436 3418 1498 occurrerent?
3463 1440 3732 1516 Respon.
3776 1455 3954 1516 posse
3980 1455 4061 1496 re·

2554 1545 2699 1604 gem
2727 1528 3085 1589 venditione
3117 1529 3213 1589 vel
3242 1529 3363 1589 alia
3385 1530 3557 1608 justa
3588 1547 3776 1590 causa
3803 1529 3953 1589 dare
3975 1528 4063 1589 do-

2554 1619 2724 1680 mino
2755 1620 2839 1680 illi
2863 1619 2967 1699 jus
2997 1621 3185 1682 etiam
3215 1620 3277 1681 in
3308 1621 3589 1682 futurum
3610 1621 3688 1681 ad
3710 1621 4061 1701 imponenda

2551 1711 2677 1772 suis
2706 1713 2971 1774 subditis
3001 1732 3162 1775 nova
3206 1714 3443 1775 tributa
3490 1714 3551 1773 in
3594 1712 3669 1774 iis
3710 1715 3986 1790 casibuS‚
4014 1720 4065 1774 et

2555 1809 2912 1883 emergente
2939 1806 3046 1868 tali
3078 1825 3288 1884 causa,
3322 1812 3583 1886 propter
3610 1824 3797 1886 quam
3817 1825 3927 1866 rex
3953 1807 4062 1884 ipse

2553 1905 2763 1977 posset
2780 1898 2945 1977 juste
2965 1918 3197 1959 novum
3214 1899 3521 1961 tributum
3544 1899 3893 1979 imponere.
3913 1899 4064 1962 Unde

2554 1997 2913 2069 emergente
2930 1991 3298 2054 necessitate
3325 1991 3643 2052 communi
3664 1992 3827 2052 illius
3852 1991 4059 2071 oppidi,

2552 2084 2613 2143 in
2647 2102 2769 2163 qua
2803 2103 2909 2143 rex
2956 2091 3168 2163 posset
3209 2085 3376 2145 cives
3421 2085 3656 2146 tributo
3698 2102 3959 2163 gravare
3997 2083 4064 2143 ad

2551 2177 2638 2237 illi
2694 2176 3045 2238 necessitati
3101 2177 3602 2238 subveniendum
3626 2224 3642 2253 ‚
3712 2182 3923 2255 posset
3964 2177 4061 2236 hoc

2552 2270 2756 2348 ipsum
2786 2270 2991 2330 facere
3022 2269 3312 2331 dominus
3336 2271 3438 2330 ille
3470 2269 3747 2345 inferior,
3780 2275 4065 2348 potestate

2545 2361 2677 2442 jam
2700 2361 2871 2441 prius
2899 2382 2935 2422 a
2966 2381 3113 2442 rege
3143 2374 3460 2424 concessa.
3488 2363 3583 2422 Ad
3605 2381 3750 2422 suas
3771 2381 3920 2424 vero
3941 2366 4067 2441 pro-

2551 2455 2718 2533 prias
2748 2456 3147 2516 necessitates
3176 2461 3324 2517 tunc
3369 2455 3573 2516 solum
3604 2460 3815 2534 posset
3854 2456 4066 2517 tributa

2549 2548 2891 2627 imponere,
2925 2547 3176 2627 quando
3206 2565 3475 2626 persona
3491 2546 3729 2607 domini
3745 2554 3911 2609 esset
3927 2548 4065 2609 adeo

2551 2641 2903 2701 neccssaria
2929 2641 3094 2701 bono
3126 2641 3374 2719 publico
3400 2688 3415 2717 ,
3449 2638 3550 2702 vel
3596 2640 3752 2702 adeo
3785 2640 3868 2702 de
3903 2661 4068 2720 repu-

2549 2733 2712 2794 blica
2740 2734 2900 2794 bene
2915 2733 3161 2809 merita,
3198 2738 3266 2794 ut
3292 2752 3401 2794 rex
3431 2734 3565 2813 ipse
3593 2739 3742 2794 tunc
3758 2740 3965 2813 posset
3983 2735 4068 2813 ju-

2552 2830 2644 2886 ste
2670 2826 2991 2905 imponere
3018 2826 3283 2887 subditis
3329 2845 3488 2887 onus
3536 2826 3616 2885 ad
3668 2826 4068 2888 sublevandas

2555 2919 2955 2981 necessitates
3011 2919 3248 2981 domini
3312 2918 3497 2980 111105.
3566 2920 3761 2981 Secus
3836 2921 4069 2999 quando

2555 3030 2743 3072 causa
2773 3029 2897 3072 non
2926 3017 3090 3073 esset
3116 3011 3470 3089 sufficiens,
3524 3018 3592 3074 ut
3639 3031 3748 3072 rex
3794 3013 3925 3092 ipse
3968 3016 4068 3073 00-

2555 3123 2703 3165 vum
2755 3105 3059 3165 tributum
3102 3105 3471 3184 imponeret.
3528 3107 3745 3166 Posset
3789 3124 3937 3185 ergo
3974 3125 4073 3167 rex

2557 3197 2708 3259 dare
2735 3197 2822 3258 illi
2843 3199 2947 3277 jus
2977 3198 3056 3258 ad
3086 3198 3473 3276 imponenda
3501 3215 3663 3260 nova
3689 3200 3953 3277 tributa,
3984 3201 4074 3261 vel

2555 3291 2843 3369 augenda
2872 3293 3130 3371 antiqua
3155 3290 3217 3351 in
3250 3292 3323 3352 iis
3353 3292 3678 3368 omnibus,
3716 3297 3780 3354 et
3807 3294 3954 3355 solis
3981 3313 4077 3355 ca-

2553 3384 2744 3461 511015,
2777 3384 2836 3444 10
2868 3385 3095 3466 quibus
3123 3403 3234 3445 rex
3264 3404 3376 3463 per
3402 3403 3468 3446 se
3502 3384 3706 3464 ipsum
3739 3391 3953 3464 posset
3968 3388 4075 3446 im-

2550 3494 2782 3556 ponere
2810 3493 2825 3539 :
2860 3476 3028 3557 quod
3059 3477 3225 3537 enim
3253 3496 3366 3555 per
3393 3496 3458 3538 se
3497 3477 3703 3556 ipsum
3734 3479 3943 3539 facere
3971 3495 4076 3558 po-

2550 3575 2689 3647 test,
2722 3570 2950 3649 poterit
2978 3570 3165 3630 etiam
3195 3587 3307 3649 per
3336 3569 3529 3630 alium
3553 3616 3568 3647 ,
3622 3575 3685 3631 et
3714 3571 3880 3632 hanc
3912 3578 4076 3650 pote-

2548 3667 2771 3724 statem
2799 3681 2874 3724 ac
2900 3682 3117 3723 curam
3143 3662 3231 3723 illi
3251 3662 3657 3724 demandare.
3686 3666 3813 3725 Nec
3838 3684 3953 3744 per
3970 3666 4079 3726 hoc

2548 3757 2730 3817 daret
2755 3756 2841 3816 illi
2870 3769 3231 3834 supremam
3253 3756 3692 3818 auctoritatem
3724 3758 3785 3818 in
3820 3759 4077 3838 populos

2546 3849 2704 3926 illos,
2737 3848 2846 3909 sed
2877 3848 3083 3909 adhuc
3130 3849 3398 3909 retinere
3448 3849 3563 3909 sibi
3607 3856 3823 3930 posset
3870 3849 4083 3931 supre-

2545 3961 2714 4002 mam
2745 3960 2960 4002 curam
2989 3946 3052 4003 et
3076 3937 3521 4020 obligationem
3555 3942 3693 4004 illos
3720 3944 4083 4023 gubernan-

2544 4035 2631 4112 di,
2655 4035 2937 4114 regendi,
2971 4038 3158 4114 atque
3187 4035 3443 4107 tue'ndi;
3493 4035 3656 4097 sicut
3681 4037 3760 4098 de
3793 4036 3966 4099 facto
3995 4057 4085 4098 re·

2541 4130 2718 4205 tinet,
2752 4127 3003 4207 quando
3032 4126 3250 4189 vendit
3276 4126 3456 4189 alicui
3492 4127 3599 4208 jus
3643 4129 3723 4190 ad
3770 4131 4083 4210 exigenda

2538 4222 2772 4285 tributa
2792 4221 2926 4301 jam
2954 4220 3264 4300 imposita,
3314 4222 3460 4282 licet
3498 4221 3719 4302 postea
3764 4239 3885 4284 rex
3934 4223 4083 4284 nihil

2539 4314 2942 4375 emolumenti
2972 4313 3051 4374 ab
3080 4312 3199 4373 illis
3228 4313 3473 4393 populis
3504 4314 3797 4394 accipiat.

2619 4409 2708 4468 Ex
2738 4407 2856 4467 hac·
2881 4406 3168 4468 doctrina
3197 4406 3384 4469 infert
3410 4406 3613 4486 prirho
3645 4409 3889 4470 Sanch.
3928 4410 3992 4472 d.
4026 4428 4080 4472 c.

2540 4502 2641 4562 IV.
2677 4499 2827 4560 dub.
2861 4507 2991 4560 xlv.
3026 4517 3169 4559 cum
3198 4497 3489 4560 Corduba
3509 4499 3843 4562 inSumma
3861 4522 3926 4582 q.
3950 4506 4079 4573 115.

2539 4593 2826 4654 dominos
2854 4592 3014 4667 illos,
3051 4591 3219 4672 quia
3246 4610 3395 4671 rege
3432 4594 3635 4672 pretio
3666 4594 4087 4657 obtinuerunt
4125 4565 4200 4660 ⁸2.

2539 4685 2865 4756 alcavalaS,
2911 4704 3021 4745 5011
3075 4683 3349 4745 decimas
3395 4685 3459 4746 in
3501 4685 3630 4746 suis
3660 4688 3923 4766 oppidis
3955 4688 4082 4767 regi
4124 4675 4200 4766 ³:⁹2

2537 4778 2813 4855 dehitaS‚
2864 4796 2989 4838 non
3036 4775 3217 4857 p‘os‘se
3249 4775 3503 4857 quidem
3533 4777 3669 4839 illas
3700 4793 3953 4858 augere
3984 4799 4085 4842 su-

2533 4889 2651 4951 pra
2675 4870 2738 4932 id
2768 4871 2936 4950 quod
2969 4873 3075 4931 rex'
3105 4870 3354 4949 exigere
3385 4874 3655 4950 poterat,
3690 4872 3964 4952 quando
3986 4876 4086 4952 jus

2533 4964 2685 5025 illud
2722 4963 3004 5024 vendidit
3036 4983 3049 5024 :
3089 4963 3252 5024 intra
3285 4963 3456 5025 illum
3486 4968 3697 5025 tamen
3725 4963 4089 5028 terminum

2532 5074 2714 5135 posse
2745 5057 2911 5136 ipsos
2932 5053 3197 5136 augerc',
3230 5053 3330 5117 vel
3375 5057 3659 5118 minuere
3703 5053 3833 5136 p'ro
3882 5055 4084 5136 libito,

2530 5150 2785 5211 etiamsi'
2803 5151 2911 5209 re'x
2938 5150 3001 5210 in
3022 5149 3149 5210 suis
3179 5149 3422 5230 oppidis
3450 5147 3847 5212 contrarium
3874 5152 4083 5216 faciat.

2530 5242 2711 5304 Undo
2740 5242 2788 5303 si
2818 5242 3083 5304 ministri
3139 5242 3297 5321 regii
3354 5241 3561 5303 adhuc
3607 5243 3684 5304 ob
3728 5241 3875 5306 alia
3927 5249 4087 5308 n'ova

2526 5334 2760 5397 tributa
2790 5353 2914 5396 000
2946 5335 3267 5414 exigerent
3287 5335 3423 5415 jam
3451 5337 3891 5400 communiter
3920 5338 4088 5402 deci·

2527 5446 2696 5489 mam
2717 5429 3048 5508 integram,
3075 5428 3185 5489 sed
3204 5429 3577 5507 vigesimam
3602 5451 3617 5502 ;
3650 5430 3968 5494 dominus
3989 5431 4085 5493 1110

2526 5522 2590 5581 10
2621 5541 2732 5583 500
2763 5521 2996 5600 oppido
3043 5527 3256 5601 posset
3304 5522 3555 5600 exigere
3597 5521 3957 5602 decimam,
3990 5525 4083 5586 vel
