4263 6376
718 3417 796 3475 34

936 362 1053 422 562

2092 340 2196 400 DE
2237 333 2593 398 JUSTl'rlA
2636 331 2736 390 ET
2779 328 2977 389 JURE

934 542 1039 601 tur
1058 536 1162 614 jus
1207 535 1276 594 ut
1304 529 1574 591 debeant
1600 521 1749 604 ipsis
1781 519 1976 601 gratis
2005 514 2315 586 conferri;
2348 510 2459 573 sed
2561 527 2699 586 cap.
2726 523 2770 568 1.
2811 504 2959 566 dub.
2993 518 3114 564 Lvr.
3150 497 3435 578 congerit
3460 496 3674 576 plures
3714 493 3869 571 leges
3889 494 3949 552 ad
3966 496 4010 554 il-

937 635 1085 692 tunc
1114 627 1301 688 etiam
1325 620 1695 702 prohibetur
1730 613 2030 687 venditio,
2079 615 2189 671 aut
2232 603 2461 667 locatio
2562 602 2672 661 lud
2727 597 3104 679 principium
3142 589 3710 671 comprobandum,
3767 605 3945 664 nempe
3981 589 4009 647 l.

936 726 1193 802 propter
1218 718 1455 778 bonum
1484 727 1838 784 commune,
1873 709 1936 766 et
1964 706 2220 783 propter
2249 699 2466 758 incon-

937 813 1251 877 venientia
1298 827 1436 889 quae
1491 806 1637 865 inde
1677 803 1982 863 oriuntur.
2018 795 2198 869 Quod
2254 795 2467 852 autem

936 905 1219 968 marchio
1251 904 1383 982 ipse
1414 899 1584 961 solus
1615 897 1844 975 eligere
1884 890 2101 970 possit,
2147 889 2467 947 senatores

938 1004 1150 1062 autem
1205 995 1433 1074 singuli
1462 1011 1585 1053 non
1617 988 1879 1069 possint,
1938 984 2047 1046 sed
2095 980 2297 1059 major
2324 995 2469 1057 pars

939 1099 1052 1160 per
1079 1077 1541 1155 suffragia,per
1586 1069 1880 1132 accidens
1936 1084 2001 1126 se
2059 1062 2270 1136 habet,
2324 1075 2469 1119 cum

939 1178 1071 1236 tota
1105 1168 1456 1231 differentia
1495 1165 1574 1226 sit
1601 1162 1770 1243 quod
1800 1161 1863 1220 in
1907 1158 2107 1236 primo
2168 1172 2313 1214 casu
2346 1151 2470 1210 ele-

940 1271 1076 1327 ctor
1091 1265 1170 1325 sit
1197 1281 1358 1322 unus
1386 1259 1573 1333 soluS,
1595 1257 1658 1315 in
1680 1251 1955 1315 secundo
1975 1253 2184 1312 autem
2201 1244 2472 1304 debeant

942 1378 1079 1420 esse
1108 1357 1338 1436 plures,
1394 1351 1561 1432 quod
1591 1365 1817 1428 parum
1846 1343 2096 1405 videtur
2124 1340 2358 1400 referre
2393 1334 2473 1395 ad

941 1449 1355 1532 propositum.

1024 1546 1228 1616 Quare
1257 1539 1459 1618 magis
1511 1536 1965 1614 cousequenter
2011 1533 2074 1590 et
2112 1522 2475 1588 universali-

942 1642 1041 1700 ter
1070 1634 1353 1697 Sanchez
1408 1631 1469 1690 d.
1505 1629 1656 1690 dub.
1718 1640 1982 1687 xxxvm.
2035 1642 2098 1682 n.
2148 1622 2245 1680 18.
2279 1620 2342 1678 et
2372 1619 2470 1677 10.

944 1749 1071 1790 non
1101 1728 1303 1788 solum
1333 1725 1410 1785 de
1440 1720 1838 1783 senatoribus
1893 1721 1955 1777 et
2009 1718 2299 1793 proetore,
2334 1708 2476 1788 qui-

944 1824 1062 1884 bus
1091 1819 1390 1898 competit
1417 1816 1646 1894 eligere
1668 1810 2000 1891 praedictos
2030 1805 2348 1879 officialeS‚
2383 1801 2478 1862 di-

946 1915 1029 1976 cit
1056 1914 1286 1974 debere
1319 1909 1533 1971 electis
1563 1906 1891 1967 restituere
1922 1901 2195 1980 pretium
2224 1898 2273 1959 si
2326 1914 2478 1956 ven·-

947 2009 1121 2082 dant,
1155 2004 1267 2066 sed
1315 2004 1503 2063 etiam
1534 2019 1640 2061 nu.
1702 2001 1800 2060 22.
1835 2000 2052 2057 contra
2100 1993 2257 2052 alios
2312 1988 2479 2048 idem

948 2102 1100 2162 dicit
1127 2099 1205 2159 de
1249 2095 1517 2158 dominis
1548 2091 1923 2164 titularibus,
1978 2087 2126 2167 quia
2156 2085 2219 2145 hi
2264 2101 2480 2144 omnes

948 2194 1230 2255 vendunt
1257 2191 1320 2250 id
1350 2189 1431 2249 ad
1462 2186 1631 2268 quod
1651 2183 2006 2245 faciendum
2019 2199 2094 2240 ex
2112 2177 2480 2239 necessitate

948 2285 1346 2359 tenebantur,
1408 2298 1551 2341 cum
1592 2297 1714 2339 non
1763 2274 2001 2355 possint
2065 2291 2191 2333 non
2249 2271 2527 2348 eligere.

950 2380 1213 2458 aliquos
1248 2378 1383 2436 Non
1431 2377 1635 2452 potest
1662 2375 1873 2430 autem
1914 2367 2052 2445 quis
2082 2363 2352 2445 pretium
2382 2380 2481 2422 ac-

952 2473 1157 2550 cipere
1184 2486 1298 2548 pro
1332 2486 1404 2527 eo
1437 2464 1517 2524 ad
1546 2463 1717 2542 quod
1747 2480 1823 2520 ex
1880 2457 2255 2519 necessitate
2311 2459 2482 2516 tene-

951 2570 1074 2638 tur,
1109 2562 1219 2622 sed
1240 2557 1617 2621 beneficium
1648 2555 1767 2615 hoc
1798 2553 1876 2613 ab
1907 2553 2041 2631 ipso
2076 2549 2267 2612 officii
2312 2547 2482 2609 insti·

951 2660 1157 2720 tutore
1215 2653 1554 2715 confertur.
1603 2646 1782 2709 Unde
1841 2645 2016 2706 addit
2071 2663 2135 2704 n.
2185 2645 2283 2702 20.
2343 2659 2485 2701 eum

953 2747 1270 2827 Aragonio
1301 2750 1365 2807 et
1381 2745 1540 2820 aliis,
1578 2740 1747 2821 quod
1775 2740 1827 2800 si
1873 2742 2105 2817 praetor
2134 2734 2490 2796 committat

954 2841 1141 2908 alicui
1171 2843 1380 2900 actum
1424 2854 1614 2915 quem
1667 2853 1782 2913 per
1834 2852 1900 2893 se
1957 2831 2162 2910 ipsum
2193 2845 2485 2888 exercere

955 2933 1279 3014 potuisset,
1312 2933 1523 3009 posset
1542 2945 1688 2989 cum
1718 2926 1822 2986 illo
1846 2924 2078 3004 pacisci
2099 2922 2370 2982 deluere
2416 2920 2491 2979 il·-

956 3029 1076 3089 lius
1106 3021 1561 3088 commissionis
1579 3019 1951 3080 dividendo:
1987 3016 2137 3095 quia
2165 3034 2289 3076 non
2322 3020 2491 3076 tene-

958 3121 1126 3182 bitur
1164 3137 1240 3178 ex
1268 3114 1636 3176 necessitate
1684 3112 1914 3191 eligere
1947 3110 2161 3185 alium,
2204 3107 2314 3169 sed
2358 3107 2491 3186 ipse

960 3217 1206 3292 poterat
1235 3227 1463 3269 munus
1491 3205 1643 3266 illud
1664 3204 1889 3284 exequi
1922 3209 1985 3264 et
2012 3206 2213 3264 totum
2244 3202 2491 3263 lucrum

964 3306 1083 3368 sibi
1110 3303 1456 3383 acquirere.

1046 3402 1194 3460 Haec
1221 3402 1429 3457 tamen
1461 3392 1641 3469 ratic,
1674 3391 1724 3452 si
1753 3390 2204 3466 consideretur,
2235 3387 2500 3449 nimium

622 3546 690 3588 An
709 3542 920 3586 sacoma
967 3491 1226 3573 probat:
1260 3506 1406 3549 nam
1434 3486 1732 3565 probaret
1775 3485 1965 3545 etiam
1995 3501 2110 3543 nec
2139 3483 2347 3560 ipsum
2403 3502 2498 3542 re-

667 3596 866 3651 iu=¹i¹i³m
969 3604 1113 3667 gem
1168 3600 1350 3662 posse
1429 3596 1706 3657 unquam
1762 3576 1967 3637 officia
2020 3575 2129 3635 illa
2180 3574 2495 3635 vendere:

678 3651 869 3702 vendero.

627 3704 922 3768 quoquam„
971 3698 1097 3742 non
1122 3677 1327 3737 minus
1374 3673 1540 3734 enim
1593 3690 1703 3732 rex
1758 3671 1890 3748 ipse
1933 3687 2125 3747 quam
2180 3672 2501 3730 senatores

652 3761 740 3802 ’ἰῶ
758 3759 900 3811 “²¹¹‘'
970 3773 1070 3835 vel
1095 3770 1197 3833 alii
1221 3766 1457 3830 domini
1486 3764 1835 3838 inferioreS,
1887 3764 2137 3822 tenetur
2167 3779 2241 3820 ex
2289 3761 2500 3823 debito

756 5536 833 5596 35

973 3866 1070 3928 sui
1088 3861 1366 3924 muneris
1392 3859 1621 3936 eligere
1659 3856 2064 3934 magistratus
2093 3859 2157 3914 et
2183 3854 2340 3914 alios
2370 3855 2505 3915 offi-

976 3958 1162 4020 ciales
1189 3953 1538 4025 inferioreS,
1564 3968 1707 4010 cum
1732 3950 1865 4028 ipse
1888 3968 1991 4007 rex
2024 3966 2150 4009 non
2177 3947 2375 4025 possit
2394 3966 2507 4026 per

978 4072 1044 4112 se
1071 4051 1274 4129 ipsum
1304 4046 1519 4107 munia
1546 4044 1651 4103 illa
1680 4059 1993 4113 exercere,
2029 4060 2169 4119 quae
2225 4059 2507 4100 neeessa-

978 4145 1072 4205 ria
1092 4141 1344 4203 omnino
1359 4141 1507 4199 sunt
1529 4136 1608 4197 ad
1639 4135 1877 4195 bonum
1897 4134 2182 4212 regimen
2212 4133 2509 4212 reipubli-

982 4254 1094 4311 eae,
1129 4232 1295 4312 quod
1324 4250 1433 4291 rex
1463 4249 1538 4290 ex
1585 4227 1796 4288 debito
1825 4245 1938 4287 suo
1968 4243 2308 4303 procurare
2335 4231 2511 4287 tene-

980 4335 1106 4391 tur.
1141 4326 1207 4388 Si
1236 4342 1383 4402 ergo
1416 4342 1541 4383 non
1595 4323 1803 4400 potest
1847 4318 2120 4397 pretium
2156 4318 2353 4397 accipi
2394 4337 2510 4397 pro

984 4419 1262 4503 qualibet
1290 4416 1535 4477 actione
1564 4432 1755 4494 quam
1782 4411 2035 4473 aliunde
2067 4431 2144 4472 ex
2174 4413 2512 4473 necessita-

983 4521 1045 4578 te
1075 4514 1280 4574 tacere
1308 4512 1579 4583 tenetur,
1616 4510 1679 4567 et
1706 4505 1846 4566 ideo
1877 4508 2220 4580 senatoreS,
2250 4504 2349 4565 vel
2377 4523 2513 4565 ma·-

984 4610 1206 4688 gnates
1253 4603 1485 4663 debent
1508 4600 1834 4660 restituere
1866 4598 2034 4678 quod
2062 4598 2141 4657 ab
2170 4597 2383 4658 eleetIs
2412 4615 2515 4657 ae·

988 4700 1246 4780 cipiunt,
1280 4695 1427 4776 quia
1481 4712 1557 4753 ex
1612 4691 1981 4753 necessitate
2031 4689 2347 4751 debebant
2400 4690 2509 4749 ali-

990 4810 1177 4876 quem
1199 4789 1471 4867 eligere;
1506 4785 1677 4845 idem
1716 4783 2054 4844 dicendum
2083 4782 2203 4843 erit
2230 4781 2307 4842 de
2339 4801 2511 4861 rege,

992 4886 1100 4967 qui
1127 4902 1252 4944 non
1286 4879 1514 4940 minori
1547 4877 1918 4937 necessitate
1947 4876 2282 4937 tenebatur
2310 4894 2382 4934 ex
2429 4875 2519 4935 le-

992 5000 1070 5059 ge
1093 4982 1334 5038 naturae
1364 4971 1570 5033 officia
1591 4970 1696 5030 illa
1725 4968 2036 5047 aliquibus
2085 4968 2258 5029 dare.
2293 4971 2522 5029 Faten-

994 5074 1146 5134 dum
1167 5086 1317 5148 ergo
1347 5072 1461 5142 est,
1492 5062 1869 5144 principium
1888 5061 2063 5136 illud,
2090 5080 2214 5140 quo
2238 5061 2519 5123 Sanchez

994 5165 1209 5238 utitur,
1240 5160 1463 5221 falsum
1495 5176 1630 5218 esse
1658 5156 1711 5216 si
1752 5154 2191 5216 universaliter
2252 5154 2522 5233 accipia-

994 5264 1135 5319 tur:
1171 5272 1293 5314 non
1324 5256 1470 5313 sunt
1525 5249 1692 5310 enim
1747 5248 2156 5325 restituenda,
2208 5265 2520 5326 quaeeum-

1001 5367 1122 5429 que
1152 5350 1409 5423 accepta
1453 5344 1704 5405 fuerunt
1731 5341 1811 5402 ob
1839 5341 2152 5403 actionem
2189 5358 2372 5419 qeam
2401 5341 2522 5401 sal-

999 5446 1129 5501 tem
1157 5438 1218 5497 in
1248 5454 1477 5514 genere
1507 5434 1803 5496 debebas.

2574 694 2766 756 Unum
2790 712 2863 753 ex
2888 688 3145 771 familia,
3180 688 3237 765 ξ.
3269 683 3432 746 Side
3461 680 3757 754 Falcidia,
3799 685 3852 739 et
3871 682 3914 758 ξ.
3938 681 4016 740 Sed

2568 787 2677 848 etsi
2722 784 2990 867 fundu-m,
3042 783 3104 842 ff.
3137 778 3206 840 de
3247 777 3469 859 Ιερατίε,
3527 793 3594 835 11.
3658 775 3696 834 l.
3749 773 3938 844 Utrum,
3977 776 4013 852 ξ.

2573 879 2722 942 Cum
2755 876 3013 959 quidam,
3073 876 3135 933 ff.
3171 871 3241 933 de
3294 869 3418 930 reb.
3472 867 3610 928 dub.
3669 866 3780 926 ubi
3826 866 4013 926 dieitm:

2580 995 2608 1030 «
2633 972 2979 1033 Plurimum
3000 968 3279 1040 interest,
3304 983 3384 1023 an
3414 963 3475 1022 in
3498 963 3807 1039 potestate
3832 959 4018 1036 alicujus

2570 1066 2982 1144 relinquatur,
3001 1061 3053 1121 si
3070 1057 3404 1133 velitdare,
3422 1075 3500 1115 an
3522 1053 3818 1132 imposita
3833 1053 4021 1111 necessi·

2570 1163 2699 1220 tate
2746 1155 2960 1232 dandi,
3009 1154 3212 1214 solum
3267 1151 3324 1210 ei
3371 1146 3791 1209 distribuendi
3829 1145 4020 1204 liberum

2573 1250 2901 1311 arbitrium
2956 1244 3357 1307 concedatur.
3395 1264 3423 1298 υ
3461 1241 3558 1301 Ad
3590 1240 3731 1298 baec
3776 1243 3960 1310 tamen,
3983 1245 4021 1297 a

2572 1343 2798 1404 similia
2826 1337 3194 1418 responderi
3222 1339 3430 1416 potest
3472 1332 3658 1393 facile
3718 1348 3833 1390 uno
3869 1331 4018 1402 verbo,

2573 1437 2636 1497 in
2668 1437 2742 1495 iis
2771 1433 3060 1495 omnibus
3107 1446 3463 1489 sermonem
3511 1444 3649 1485 esse
3682 1424 3761 1483 de
3813 1442 3888 1498 ne,
3932 1443 4022 1501 que

2576 1530 2711 1591 dari
2745 1527 3017 1588 debebat
3068 1523 3264 1602 gratis
3318 1523 3383 1581 in
3414 1520 3688 1599 gratiam
3725 1535 3917 1577 eorum
3937 1517 4023 1594 qui·

2574 1624 2693 1683 bus
2748 1620 2880 1681 dari
2923 1618 3287 1698 jubebatur,
3355 1615 3689 1691 solumque
3739 1611 4024 1688 relinquitur

2575 1716 2838 1777 facultas
2886 1710 3158 1789 eligendi
3190 1726 3383 1768 unum
3415 1727 3491 1766 ex
3519 1706 3632 1767 tali
3663 1703 3898 1777 familia,
3924 1720 4021 1778 ng.

2574 1810 2674 1869 vel
2732 1827 2808 1867 ex
2852 1804 3254 1886 pauperibuS,
3317 1807 3434 1862 etc.
3490 1801 3556 1859 in
3604 1799 3857 1877 quibus,
3902 1801 3947 1856 et
3978 1797 4024 1852 si·

2575 1901 2825 1962 milibus
2860 1899 3107 1959 casibus
3136 1900 3374 1956 eertum
3406 1894 3562 1952 mihi
3589 1898 3709 1967 est,
3739 1890 3874 1949 nihil
3906 1906 4024 1966 posse

2579 1994 2776 2073 accipi
2812 2012 2923 2072 pro
2955 1991 3257 2052 electione
3301 1987 3492 2066 hujus
3544 2003 3829 2064 persona}
3865 1984 3914 2042 in
3935 2000 4026 2059 par·

2580 2088 2847 2164 ticulari,
2882 2086 2993 2147 sed
3020 2090 3224 2147 totum
3266 2082 3328 2141 id
3366 2080 3603 2140 debere
3637 2078 3867 2138 restitui
3894 2077 3937 2134 ei
3960 2075 4026 2152 qui

2581 2182 2773 2245 dedit.
2808 2180 2986 2240 Ratio
3022 2183 3232 2239 autem
3289 2181 3382 2235 est
3428 2173 3625 2248 clara,
3658 2172 3803 2250 quia
3842 2188 3951 2229 cum
3982 2188 4028 2226 ex

2579 2277 2901 2337 voluntate
2928 2270 3247 2333 testatoris
3273 2268 3507 2328 debeas
3556 2266 3743 2325 alicui
3773 2264 3901 2323 dare
3940 2281 4030 2338 gra-

2584 2370 2663 2431 tis
2682 2368 2873 2430 talem
2905 2381 3242 2438 summam,
3278 2380 3352 2421 eo
3382 2361 3521 2439 ipso
3555 2357 3726 2437 quod
3754 2355 3949 2435 aliquid
3969 2372 4032 2411 ac-

2583 2461 2736 2540 cipis
2763 2477 2874 2539 pro
2908 2458 3209 2518 electione
3231 2454 3414 2528 illiue,
3449 2452 3606 2511 nulli
3631 2450 3761 2509 'das
3794 2448 3948 2527 gratis
3972 2453 4030 2506 tn-

2584 2558 2715 2616 tam
2731 2553 2901 2613 illam
2931 2567 3263 2616 summam,
3298 2545 3407 2605 sed
3436 2548 3684 2623 partem
3716 2543 3881 2616 illius,
3905 2549 4031 2618 atque

2587 2647 2727 2707 ideo
2760 2664 2882 2705 non
2931 2644 3043 2704 das
3073 2644 3378 2721 quantum
3422 2642 3692 2698 testator
3746 2636 3864 2696 dari
3903 2635 4032 2692 voluit

2588 2740 2696 2801 uni
2726 2754 3030 2817 personae,
3057 2741 3118 2795 et
3145 2752 3258 2813 per
3285 2749 3683 2809 consequens
3713 2748 3824 2789 non
3854 2727 4031 2788 satisfa-

2590 2833 2677 2894 cis
2721 2831 2931 2891 debito
2968 2827 3250 2908 justitiae,
3282 2843 3407 2904 quo
3430 2843 3504 2882 ex
3526 2828 3884 2884 testamento
3906 2820 4033 2878 debe·

2587 2926 2702 2987 bas
2747 2928 2944 2985 totam
2973 2922 3142 2982 illam
3198 2935 3536 2993 summam,
3596 2935 3708 2975 seu
3751 2915 4033 2974 beneficium

2590 3019 2904 3096 integrum
2935 3016 3106 3074 dare.
3154 3015 3236 3073 At
3288 3013 3353 3070 in
3409 3014 3626 3070 nostro
3684 3027 3825 3069 casu
3872 3007 4035 3065 elacior

2594 3131 2717 3173 non
2749 3110 2937 3171 debet
2964 3127 3039 3168 ex
3059 3105 3323 3185 justitia,
3356 3104 3469 3163 sed
3496 3102 3702 3161 solum
3724 3120 3790 3160 ex
3819 3099 4036 3160 obedies

2592 3208 2701 3281 tia,
2732 3205 2830 3265 vel
2860 3204 2996 3280 lege
3025 3201 3178 3259 dare
3206 3198 3402 3277 gratis
3432 3195 3712 3256 officium
3738 3194 3903 3254 illud:
3937 3209 4036 3269 qua·

2597 3317 2666 3358 re
2695 3298 2744 3357 si
2772 3314 2885 3375 pro
2941 3293 3140 3373 pretio
3198 3291 3303 3351 det
3356 3289 3536 3365 illud,
3597 3295 3811 3365 peceat
3855 3287 4036 3365 quidem

2598 3396 2816 3453 contra
2861 3386 3304 3461 obedientiam,
3339 3401 3464 3443 non
3521 3387 3738 3442 contra
3783 3380 4033 3458 justitiam.

2600 3494 2788 3563 atque
2825 3483 2966 3542 ideo
3023 3479 3276 3539 difficile
3334 3480 3621 3554 apparet,
3674 3474 3830 3534 unde
3875 3471 4040 3532 oriatur

2602 3575 2899 3655 obligatio
2945 3570 3315 3635 restituendi
3371 3573 3702 3646 acceptum
3747 3568 3820 3641 ei,
3848 3566 3935 3644 qui
3970 3563 4040 3621 de-

2602 3671 2800 3731 derat.
3445 3672 3452 3675 “

2681 3762 2833 3824 Mihi
2861 3778 3011 3837 ergo
3040 3759 3502 3835 cousequenter
3530 3755 3850 3815 dicendum
3868 3750 4041 3808 videtur

2604 3874 2745 3919 cum
2776 3853 2932 3928 aliis,
2988 3870 3145 3930 quos
3198 3851 3379 3909 affert
3431 3849 3710 3909 Sanehez
3749 3847 3848 3906 ubi
3894 3859 4040 3919 supra.

2605 3950 2939 4010 electorem
2968 3944 3244 4023 quidem,
3284 3942 3385 4000 cui
3415 3940 3724 4020 prohibita
3769 3944 3855 4000 est
3895 3933 4043 3994 vendi·

2605 4043 2691 4104 tio
2723 4039 2884 4100 illius
2914 4036 3123 4111 officii,
3157 4052 3419 4113 peceare
3450 4035 3500 4093 si
3532 4033 3756 4093 vendat
3783 4036 3878 4091 aut
3913 4028 4041 4087 locet.

2608 4138 2718 4197 aut
2771 4130 3004 4211 aliquid
3060 4146 3174 4208 pro
3243 4127 3548 4187 electione
3595 4125 3859 4202 accipiat,
3913 4126 4044 4195 sique

2608 4227 2750 4288 ideo
2781 4224 2830 4284 si
2861 4222 3068 4282 adhue
3098 4225 3191 4281 est
3217 4220 3280 4279 in
3334 4219 3495 4296 fieri,
3533 4219 3628 4279 vel
3677 4232 3940 4277 revocare
3969 4227 4043 4289 po·

2610 4321 2753 4393 test,
2787 4315 3015 4376 debere
3045 4329 3342 4375 revocare
3378 4312 3742 4371 electionem
3769 4314 3827 4368 et
3851 4305 4044 4385 pretium

2613 4410 2900 4481 reddere,
2934 4411 3004 4467 ut
3034 4407 3259 4467 iterum
3288 4403 3586 4463 eumdem
3625 4403 3714 4462 vel
3762 4401 3929 4461 alium
3949 4410 4047 4473 gra·

2612 4504 2695 4566 tis
2721 4501 2931 4579 eligat,
2964 4502 3152 4579 prout
3190 4498 3290 4557 lex
3343 4495 3652 4576 praecipit,
3685 4511 3857 4574 qnam
3903 4490 4047 4550 ohser-

2613 4614 2763 4659 vare
2790 4598 3057 4655 tenetur.
3090 4594 3422 4665 Caeterum,
3457 4589 3508 4648 si
3536 4588 3744 4649 electio
3764 4588 3885 4664 jam
3920 4579 4048 4641 sorti·

2615 4694 2680 4751 ta
2709 4692 2804 4748 est
2822 4703 3006 4746 suum
3036 4685 3350 4756 effectum,
3377 4701 3495 4743 nee
3523 4680 3786 4742 revocari
3816 4678 3981 4757 potest
3999 4670 4050 4728 ab

2618 4782 2910 4856 electore,
2943 4796 3069 4838 non
3089 4776 3273 4837 video
3304 4794 3418 4836 eur
3451 4775 3675 4835 debeat
3707 4772 3940 4851 pretium
3963 4780 4050 4823 re·

2619 4876 2866 4948 tituere,
2901 4891 2977 4933 ex
3006 4871 3126 4930 hoc
3154 4869 3360 4929 solum
3406 4868 3611 4947 eapite
3640 4866 3788 4945 qnod
3817 4864 3932 4939 lege
3955 4872 4051 4935 prv-

2622 4967 2957 5028 hibebatur
2983 4981 3097 5042 pro
3155 4962 3358 5041 pretio
3415 4961 3664 5039 eligere.
3696 4954 3950 5018 Probafio
3982 4965 4051 5007 au·

2622 5064 2751 5121 tem
2789 5057 2975 5136 hujus
3005 5055 3305 5117 doctrina!
3322 5053 3670 5133 colligenda
3696 5054 3860 5111 estex
3885 5046 4051 5119 iisq=³

2624 5153 2748 5213 late
2778 5151 3048 5211 diximus
3086 5166 3277 5225 supra
3317 5148 3482 5227 disp.
3540 5161 3708 5208 xvm.
3759 5143 3829 5201 de
3876 5136 4048 5209 obliga-

2623 5245 2791 5307 tione
2819 5241 3188 5304 restituendi
3218 5259 3295 5300 ex
3324 5241 3558 5318 injusta
3586 5236 3924 5314 acceptione,
3949 5228 4048 5287 sect

2627 5342 2686 5400 3.
2720 5337 2826 5398 ubi
2858 5335 3272 5415 explicuimus
3336 5334 3591 5413 quando
3633 5327 3844 5392 restitui
3892 5320 4050 5382 debat

2628 5432 2799 5512 quod
2837 5433 3162 5508 acceptum
3215 5431 3310 5487 est
3354 5426 3438 5487 ob
3493 5427 3780 5487 actionem
3829 5418 4049 5493 adquam

1086 5535 1393 5592 Caeterum
1447 5527 1616 5588 idem
1671 5527 1951 5589 Sanchez
2005 5529 2224 5605 postea
2306 5526 2529 5587 eodem
2630 5543 2757 5586 non
2796 5543 2867 5583 ex
2895 5521 3161 5601 justitia,
3194 5519 3307 5581 sed
3338 5539 3414 5580 ex
3444 5518 3584 5580 aliis
3610 5512 3903 5580 virtutihus
3937 5512 4052 5564 len&
