4263 6376
1171 287 1641 349 DISPUTATIO
1685 287 1956 360 XXVIII,
2010 287 2285 347 SEGTIO
2329 287 2402 346 11.

219 469 334 526 etc.
386 481 517 524 non
560 464 769 524 minus
795 464 1006 525 valere
1061 463 1252 524 debet
1303 469 1579 539 moneta,
1636 464 1749 525 sed

217 556 553 635 plusquam
584 555 906 617 metallum
932 555 1138 634 ipsum
1182 556 1441 630 valeret,
1474 575 1748 637 semper-

219 667 337 729 que
363 647 539 710 licite
558 648 788 726 poterit
812 667 927 728 pro
958 666 1032 709 ea
1060 648 1311 727 exigere
1328 667 1623 729 campsor
1667 649 1747 710 ad

217 741 441 816 minus,
463 745 774 819 quantum
794 740 1058 802 materia
1087 741 1310 802 eadem
1327 726 1453 802 non
1481 741 1749 820 sigillata

218 833 472 895 valeret.

293 927 485 988 Infert
510 927 723 1003 tertio,
744 927 796 988 si
817 926 1218 1006 incipiantde
1248 945 1411 988 novo
1443 928 1587 989 cudi
1607 927 1746 990 aliae

218 1023 481 1080 monetae
510 1019 875 1099 impurioris
901 1019 1142 1081 metalli
1171 1036 1359 1098 quam
1391 1019 1652 1098 priores,
1686 1025 1750 1081 et

218 1112 311 1173 his
336 1112 508 1172 idem
540 1112 719 1174 valor
743 1112 883 1190 lege
903 1111 1264 1189 imponatur
1289 1130 1477 1190 quem
1508 1114 1748 1191 priores

216 1204 554 1279 habebant,
588 1222 715 1266 non
771 1221 955 1282 posse
1012 1203 1345 1283 prohibere
1399 1205 1747 1283 principem

218 1298 448 1377 absque
476 1296 663 1375 gravi
684 1302 748 1359 et
770 1296 1130 1358 rationabili
1158 1314 1371 1373 causa,
1406 1315 1484 1358 ne
1513 1296 1747 1358 subditi

215 1409 323 1471 pro
350 1389 673 1470 prioribus
701 1390 971 1451 monetis
1013 1390 1372 1469 purioribus
1416 1390 1555 1470 plus
1585 1391 1749 1451 acci-

215 1484 404 1563 piant.
437 1483 669 1561 Iniqua
698 1482 862 1543 enim
904 1486 1067 1543 esset
1123 1483 1224 1542 lex
1278 1482 1516 1558 absque
1570 1483 1749 1562 gravi

215 1594 399 1636 eausa
453 1575 751 1653 obligans
777 1576 860 1636 ad
890 1574 1275 1636 servandum
1316 1576 1559 1656 aequale
1605 1595 1748 1655 pre-

215 1668 364 1729 tium
390 1667 452 1727 in
482 1667 680 1728 rebus
706 1668 986 1747 alioquin
1034 1667 1361 1746 inaequalis
1415 1669 1748 1748 perfectio·

218 1760 307 1821 nis
332 1765 397 1822 et
421 1760 699 1834 valoris;
734 1779 928 1841 quare
958 1778 1033 1821 eo
1062 1761 1198 1839 ipso
1228 1761 1397 1840 quod
1412 1760 1551 1823 aliae
1567 1779 1745 1823 novae

216 1856 474 1914 monetae
504 1851 856 1914 deteriores
884 1871 1030 1914 cum
1086 1853 1311 1914 eodem
1367 1854 1582 1915 valore
1639 1873 1748 1915 cu-

218 1944 459 2020 duntur,
493 1949 793 2007 censetur
817 1946 997 2007 valor
1013 1945 1413 2024 antiquarum
1441 1950 1505 2008 et
1528 1947 1749 2008 melio-

220 2057 350 2099 rum
390 2042 799 2100 monetarum
826 2037 1042 2117 augeri
1065 2038 1247 2119 juxta
1277 2040 1749 2117 proportionem

219 2148 501 2192 excessus
527 2129 596 2190 in
630 2131 1013 2210 perfectione
1045 2149 1233 2210 quem
1264 2131 1520 2195 habent.

292 2224 485 2285 Infert
530 2227 782 2303 quarto,
831 2224 1087 2285 mutatis
1133 2224 1640 2301 circumstantiis,
1674 2243 1747 2286 eo

223 2316 402 2396 quod,
436 2335 500 2377 v.
560 2336 661 2395 gr.
719 2316 926 2377 minor
966 2316 1047 2378 sit
1099 2318 1283 2396 copia
1341 2318 1474 2379 auri
1506 2323 1745 2396 postea,

225 2427 403 2488 quam
431 2408 693 2489 quando
722 2409 900 2470 valor
939 2409 1179 2470 nummi
1207 2410 1383 2471 aurei
1411 2411 1548 2489 lege
1579 2415 1749 2472 taxa-

223 2506 315 2563 tus
340 2502 570 2577 fuerat,
605 2502 707 2562 vel
735 2501 981 2562 avidius
1010 2506 1304 2581 petantur
1332 2508 1393 2564 et
1422 2503 1750 2563 extrahan-

224 2598 336 2669 tur,
365 2594 464 2655 vel
494 2594 641 2656 alia!
670 2595 1148 2656 commoditates
1176 2595 1449 2674 maiores
1477 2596 1556 2657 de
1585 2614 1748 2658 novo

223 2690 568 2764 occurrant,
603 2705 680 2748 eo
709 2687 845 2766 ipso
872 2689 1115 2748 censeri
1171 2688 1551 2750 taxationem
1609 2690 1749 2768 lege

226 2786 399 2841 antea
422 2780 661 2841 factam
689 2798 813 2840 non
861 2780 1169 2858 obligare,
1216 2780 1327 2841 sed
1380 2800 1562 2861 posse
1611 2782 1750 2861 plus

227 2892 328 2951 pro
356 2876 618 2934 moneta
644 2890 837 2934 aurea
879 2873 1100 2951 accipi,
1133 2891 1338 2953 neque
1366 2874 1533 2934 enim
1580 2873 1751 2953 justa

230 2969 382 3027 esset
419 2965 695 3045 amplius
723 2966 822 3026 lex
844 2965 971 3041 illa,
1005 2984 1145 3045 quae
1173 2966 1432 3028 variatis
1460 2966 1752 3027 circums-

227 3059 425 3119 tantiis
474 3058 799 3137 obligaret
841 3058 923 3119 ad
985 3058 1382 3119 retinendum
1453 3059 1746 3139 pretium,

233 3151 388 3231 quod
413 3151 477 3212 in
504 3152 585 3213 iis
614 3151 1096 3214 circumstantiis
1137 3153 1379 3232 justum
1405 3169 1528 3213 non
1561 3157 1746 3227 esset,

233 3246 504 3324 quamvis
572 3249 861 3323 tempore
930 3245 1198 3307 conditae
1287 3245 1443 3323 legis
1507 3245 1749 3325 justum

232 3338 457 3401 fuisset.

304 3433 427 3510 Ego
449 3450 574 3494 non
595 3435 750 3511 puto
778 3431 1199 3492 recedendum
1219 3449 1257 3491 a
1277 3431 1593 3492 communi
1615 3450 1752 3492 sen-

149 3578 160 3605 ,
232 3525 432 3601 tentia,
463 3525 579 3585 sed
611 3542 755 3585 cum
783 3525 916 3603 ipsa
948 3523 1305 3600 dicendum,
1339 3523 1754 3586 communiter

149 3630 169 3711 ζ
232 3617 454 3678 licitum
482 3635 625 3678 esse
656 3617 795 3695 plus
829 3615 1067 3696 aliquid
1097 3618 1381 3695 accipere
1413 3617 1530 3677 hoc
1563 3617 1752 3678 etiam

166 3703 174 3712 ’
230 3708 394 3771 titulo
416 3708 680 3789 majoris
708 3709 1192 3785 commoditatis,
1227 3715 1289 3770 et
1315 3709 1613 3770 facilioris
1644 3727 1718 3768 ex

234 3801 670 3878 pendibilitatis
698 3802 881 3863 unius
931 3806 1199 3862 monetoe
1235 3819 1426 3880 quam
1472 3802 1748 3862 ulterius.

234 3895 342 3955 Pro
372 3911 493 3975 quo
523 3895 813 3971 adverto,
843 3894 1269 3973 multipliciter
1308 3912 1489 3973 posse
1521 3893 1753 3956 dictam

234 3988 603 4049 taxationem
631 3987 770 4065 lege
800 3986 1052 4066 publica
1078 3987 1237 4048 fieri.

306 4082 529 4157 Primo,
565 4081 623 4142 si
649 4079 1057 4160 prohibeatur
1084 4079 1150 4139 in
1197 4080 1561 4142 universum
1615 4080 1756 4158 plus

237 4174 419 4253 accipi
446 4193 561 4253 pro
620 4173 731 4235 tali
786 4176 1044 4234 moneta
1070 4190 1284 4249 aurea,
1324 4192 1383 4234 v.
1423 4192 1486 4251 g.
1519 4177 1584 4234 et
1634 4173 1756 4234 hoc

235 4266 409 4327 etiam
434 4268 487 4328 si
515 4284 745 4328 aurum
799 4265 1007 4346 ipsum
1060 4266 1230 4345 quod
1281 4266 1582 4342 continet,
1622 4265 1756 4327 sine

239 4358 423 4437 sigillo
451 4361 736 4422 etforma
762 4363 1031 4421 monetae
1060 4359 1199 4438 plus
1227 4359 1453 4420 valeat.
1499 4361 1579 4419 Et
1623 4358 1758 4420 haec

238 4452 476 4531 quidem
505 4454 608 4514 lex
632 4452 862 4531 injusta
890 4456 1056 4513 esset
1081 4456 1144 4513 et
1171 4470 1295 4512 non
1326 4452 1657 4531 obligaret,
1691 4458 1762 4514 ut

241 4547 533 4608 concessit
558 4546 816 4622 Molina,
841 4563 985 4606 cum
1014 4545 1154 4606 auri
1183 4546 1360 4606 valor
1386 4563 1514 4606 non
1532 4545 1762 4607 debeat

243 4636 615 4715 decrescere,
665 4657 741 4699 ex
795 4656 871 4700 eo
903 4638 1071 4718 quod
1102 4639 1165 4699 in
1193 4642 1512 4700 monetam
1541 4638 1762 4699 redac-

244 4736 364 4790 tum
391 4731 487 4808 sit,
520 4731 634 4793 sed
665 4731 872 4811 potius
899 4747 1218 4794 crescere:
1251 4731 1330 4792 de
1377 4731 1498 4792 hoc
1552 4735 1761 4792 tamen

245 4841 380 4882 casu
430 4842 554 4885 non
614 4829 709 4886 est
759 4825 1045 4904 quaestio,
1107 4824 1258 4903 quia
1322 4842 1644 4903 nunquam
1701 4823 1761 4883 in

249 4917 471 4991 praxim
490 4918 704 4978 venire
733 4921 960 4997 potest.

319 5010 603 5071 Secundo
631 5013 845 5089 posset
882 5009 1161 5090 praecipi,
1221 5013 1540 5070 monetam
1597 5008 1768 5069 illam

251 5103 501 5181 expendi
528 5102 636 5165 tali
669 5104 882 5163 valore
907 5123 922 5164 ε
947 5107 1011 5164 et
1038 5107 1208 5179 tunc,
1227 5102 1342 5162 nisi
1360 5102 1531 5162 aliud
1563 5101 1769 5180 expri-

253 5199 461 5272 matur,
494 5196 706 5256 verius
747 5196 999 5258 videtur
1052 5196 1221 5275 quod
1272 5199 1522 5257 taxetur
1566 5194 1769 5255 solum

256 5286 418 5349 valor
435 5289 716 5368 pecuniae
758 5289 823 5348 in
850 5289 1093 5350 ratione
1120 5287 1401 5367 pecuniae
1429 5288 1493 5347 in
1551 5287 1770 5348 ordine

257 5379 327 5437 ad
356 5379 465 5440 hos
492 5383 771 5459 effectus,
804 5385 875 5443 ut
901 5381 1244 5444 creditores
1284 5383 1619 5442 teneantur
1667 5381 1774 5443 de·

267 5471 384 5534 bita
412 5473 472 5534 in
493 5493 570 5536 ea
613 5479 869 5538 moneta
895 5475 1002 5536 tali
1032 5475 1248 5536 valore
1276 5477 1627 5551 acceptare,
1662 5493 1776 5536 nec
1877 5481 1941 5537 et
1968 5494 2093 5537 non
2122 5474 2414 5554 legalem,
2444 5474 2681 5537 valebit
2725 5475 2932 5536 minus
2977 5493 3167 5554 quam
3207 5476 3412 5555 impu-

3262 289 3370 348 391

1849 463 2089 543 possint
2113 463 2291 523 illum
2320 463 2598 524 valorem
2645 462 2926 542 rejicere,
2972 467 3035 523 et
3063 461 3379 523 debitores

1849 557 2038 618 etiam
2059 559 2215 618 nont
2229 556 2469 636 possint
2495 574 2721 634 cogere
2754 574 2901 616 suos
2929 554 3272 617 creditores
3300 554 3380 614 ad

1848 649 2185 728 pecuniam
2217 649 2388 708 illam
2415 648 2641 726 majori
2654 649 2868 709 valore
2897 648 3375 727 acceptandum:

1846 743 1911 801 in
1951 741 2049 801 his
2102 741 2270 801 enim
2317 741 2712 819 potissimum
2765 740 3047 802 consistit
3097 740 3378 819 pecuniae

1848 834 2023 895 valor
2050 833 2291 912 legalis,
2328 837 2397 895 ut
2450 834 2503 894 is
2550 835 2727 895 valor
2778 834 3027 909 debeat,
3063 838 3125 894 et
3176 832 3381 912 major

1847 945 1971 988 non
1993 926 2224 988 debeat
2249 926 2669 989 creditoribus
2698 927 3051 1006 acceptari:
3103 945 3228 987 non
3274 945 3378 986 ve-

1845 1039 1915 1081 ro
1947 1024 2201 1081 taxatur
2226 1037 2414 1098 quem
2461 1021 2729 1098 pecunia
2775 1021 2880 1080 illa
2908 1020 3142 1080 habere
3175 1023 3380 1098 potest

1848 1113 2244 1174 considerata
2271 1113 2333 1173 in
2367 1113 2610 1175 ratione
2640 1114 2864 1174 mercis
2895 1117 3150 1191 propter
3204 1129 3376 1173 com-

1846 1205 2203 1280 moditates,
2235 1206 2336 1266 vel
2363 1205 2516 1267 alias
2563 1205 3060 1266 circumstantias
3099 1222 3238 1282 quae
3283 1205 3377 1264 fa-

1847 1317 1989 1360 cere
2017 1302 2302 1377 possunt,
2335 1297 2503 1376 quod
2531 1298 2885 1359 valorillius
2915 1296 3215 1358 naturalis
3241 1313 3375 1355 ma-

1839 1391 1945 1471 jor
1969 1392 2070 1467 sit,
2101 1395 2175 1452 ut
2192 1409 2335 1452 cum
2361 1390 2575 1452 Lessio
2606 1411 2668 1453 n.
2706 1395 2803 1453 14.
2837 1394 2900 1451 et
2927 1389 3062 1450 aliis
3091 1389 3380 1450 concedit

1848 1483 2023 1545 Salas
2045 1502 2108 1545 n.
2140 1488 2200 1545 4.

1925 1577 2133 1637 Tertio
2150 1576 2468 1656 prohiberi
2493 1579 2705 1657 posset
2732 1592 3044 1655 expresse,
3083 1593 3161 1635 ne
3190 1593 3381 1655 pecu-

1844 1669 1949 1730 nia
1978 1669 2083 1730 illa
2114 1669 2339 1748 majori
2368 1671 2583 1731 valore
2631 1669 2820 1731 etiam
2852 1687 2995 1729 cum
3026 1668 3381 1729 volentibus

1845 1762 2256 1842 expendatur,
2309 1766 2419 1824 aut
2460 1763 2587 1823 ullo
2650 1762 2839 1822 modo
2919 1761 3231 1821 vendatur
3283 1762 3382 1822 vel

1843 1858 2284 1929 commutetur,
2319 1874 2460 1934 quae
2489 1856 2610 1931 lex,
2644 1855 2696 1914 si
2718 1854 2888 1914 nulla
2918 1854 3203 1915 subesset
3232 1871 3383 1914 cau-

1846 1965 1913 2008 sa
1926 1947 2260 2020 sufficienS‚
2288 1947 2459 2026 justa
2489 1966 2614 2009 non
2634 1952 2818 2023 esset,
2853 1947 2905 2007 si
2931 1951 3191 2026 propter
3218 1964 3384 2008 com-

1845 2040 2180 2101 moditates
2219 2041 2312 2101 vel
2366 2042 2560 2103 alium
2606 2041 2856 2102 titulum
2908 2039 3165 2119 majoris
3220 2044 3385 2101 esset

1847 2132 2299 2209 aestimationis,
2330 2138 2393 2195 et
2419 2134 2651 2195 valoris
2679 2132 3001 2193 naturalis.
3026 2133 3059 2193 J
3066 2136 3206 2193 usta
3233 2150 3382 2193 vero

1848 2230 2033 2301 esset,
2066 2225 2114 2285 si
2166 2225 2415 2287 adesset
2442 2245 2633 2287 causa
2685 2225 2897 2304 gravis
2925 2230 2989 2287 et
3042 2225 3378 2299 sufficienS,

1846 2322 1916 2379 ut
1947 2319 1999 2378 si
2027 2336 2104 2378 ex
2131 2319 2518 2380 incremento
2549 2319 2780 2379 valoris
2798 2317 2939 2379 talis
2968 2318 3272 2395 pecuniae,
3296 2317 3383 2377 vi·-

1846 2411 2033 2471 liores
2060 2410 2478 2472 redderentur
2530 2416 2593 2472 et
2619 2411 2828 2471 minus
2884 2409 3070 2470 utiles
3098 2409 3381 2489 pecuniae

1848 2503 2146 2578 minores,
2180 2521 2322 2563 cum
2343 2503 2553 2581 plures
2599 2521 2856 2564 necesse
2885 2506 3052 2564 essct
3101 2502 3237 2562 dari
3267 2521 3381 2582 pro

1850 2595 2115 2676 pecunia
2137 2595 2242 2656 illa
2268 2596 2514 2674 majori,
2550 2601 2613 2657 et
2641 2595 2760 2657 hoc
2781 2613 2925 2656 cum
2963 2595 3142 2674 gravi
3171 2595 3383 2673 reipu-

1846 2689 2028 2749 blicae
2058 2688 2454 2765 detrimentO,
2488 2688 2587 2748 vel
2644 2689 2693 2748 si
2752 2688 2872 2749 alia
2919 2688 3138 2749 similis
3193 2706 3383 2748 causa

1848 2781 1996 2842 boni
2022 2780 2253 2859 publici
2275 2781 2698 2841 interveniret.
2722 2781 2924 2854 Quare
2970 2779 3192 2841 merito
3234 2797 3383 2840 con-

1850 2873 2035 2934 cessit
2052 2872 2265 2934 Molin.
2301 2891 2424 2934 non
2455 2873 2742 2950 obligare
2771 2873 2976 2952 legem
3009 2873 3201 2949 illam,
3234 2891 3383 2952 quo·

1848 2965 1966 3027 ties
1994 2965 2258 3028 mutatio
2306 2966 2916 3028 circumstantiarum
2975 2966 3142 3041 facit,
3195 2983 3385 3044 pecu-

1851 3059 2020 3119 niam
2049 3059 2220 3119 illam
2250 3058 2507 3138 majoris
2536 3059 2767 3120 valoris
2793 3059 2860 3119 in
2885 3077 2953 3120 se
2997 3076 3156 3136 esso,
3191 3076 3383 3138 quam

1850 3152 2069 3214 fuisset
2123 3152 2378 3231 quando
2434 3150 2651 3231 legalis
2699 3151 2877 3213 valor
2932 3156 3179 3214 taxatus
3235 3151 3373 3226 fuit,

1852 3246 2000 3324 quia
2053 3264 2180 3306 non
2225 3245 2493 3307 intendit
2545 3250 2695 3307 tunc
2737 3245 3058 3324 legislator
3103 3245 3382 3324 obligare

1853 3355 1997 3398 cum
2024 3341 2199 3398 tanto
2229 3337 2626 3397 subditorum
2655 3337 3009 3416 dispendio.

1932 3430 2111 3502 Quod
2144 3447 2290 3492 vero
2306 3429 2474 3490 idem
2495 3429 2724 3494 Molina
2754 3430 3025 3507 dicebat,
3066 3449 3215 3491 cusa
3249 3448 3386 3492 mo-

3534 3444 3608 3502 12

1854 3528 1999 3584 neta
2026 3524 2104 3583 de
2135 3541 2297 3584 novo
2325 3522 2485 3598 auri,
2517 3541 2578 3584 v.
2612 3542 2676 3602 g.
2713 3523 3073 3603 impurioris
3103 3542 3246 3585 cum
3278 3543 3384 3584 eo-
3452 3568 3617 3610 „cm
3637 3531 3731 3608 mg,

1853 3616 1997 3678 dem
2039 3616 2252 3676 valore
2307 3617 2491 3695 legali
2518 3663 2534 3692 ,
2594 3635 2783 3695 quem
2839 3617 3012 3694 prius
3067 3617 3387 3677 habebant

1850 3712 2119 3770 monetae
2169 3708 2472 3786 puriores,
2525 3710 2743 3786 augeri
2788 3708 3066 3769 valorem
3118 3713 3385 3770 monetae

1852 3801 2143 3880 purioris,
2178 3801 2430 3861 difficile
2460 3801 2661 3861 videri
2689 3805 2929 3881 potest;
2964 3802 3112 3881 quia
3130 3802 3229 3861 vel
3251 3820 3387 3861 sen-

1852 3913 1959 3956 sus
1987 3898 2100 3969 est,
2134 3894 2304 3973 quod
2334 3913 2406 3955 eo
2435 3894 2570 3972 ipso
2600 3895 2770 3973 quod
2799 3900 3069 3955 monetoe
3089 3893 3385 3973 impurio-

1851 3988 2047 4050 riores
2076 3986 2314 4048 habent
2339 3987 2516 4047 illum
2540 3987 2820 4047 valorem
2849 3987 3138 4065 legalem;
3175 4005 3390 4048 mone·

1852 4085 1932 4143 tae
1962 4080 2245 4159 puriores
2272 4079 2712 4159 relinquuntur
2739 4080 2803 4140 in
2833 4098 2946 4141 suo
2963 4080 3175 4140 valore
3206 4083 3392 4141 natu-

1852 4174 1989 4251 rali,
2023 4190 2213 4253 quem
2238 4173 2478 4233 ratione
2506 4172 2743 4234 metalli
2759 4173 3026 4251 purioris
3058 4173 3385 4250 haberent,

1856 4271 1919 4329 et
1944 4269 2207 4346 possunt
2228 4266 2362 4346 jam
2388 4283 2513 4326 non
2544 4266 2830 4326 obstante
2875 4266 3014 4344 lege
3056 4266 3248 4344 priori
3279 4285 3392 4346 pro

1857 4378 1933 4421 eo
1964 4360 2178 4420 valore
2221 4359 2509 4438 expendi.
2558 4360 2636 4420 Et
2680 4358 2800 4419 hoc
2843 4359 3099 4439 quidem
3144 4358 3396 4420 difficile

1859 4455 1974 4527 est,
2007 4455 2072 4512 et
2095 4452 2505 4530 impugnatur
2531 4469 2569 4511 a
2600 4454 2666 4513 P.
2702 4451 2881 4514 Salas
2910 4470 3083 4514 num.
3119 4455 3215 4513 11.
3251 4453 3398 4532 quia

1859 4546 1912 4605 si
1940 4562 2014 4606 eo
2042 4546 2181 4623 ipso
2210 4550 2466 4606 moneta
2495 4545 2714 4623 purior
2742 4546 2974 4608 amittit
2999 4546 3279 4607 valorem
3306 4547 3396 4607 le-

1859 4638 2090 4718 galem,
2123 4641 2187 4699 et
2209 4637 2375 4698 redit
2405 4637 2484 4698 ad
2515 4638 2718 4699 solum
2763 4638 3113 4700 naturalem
3158 4640 3399 4702 ratione

1858 4729 2116 4805 metalli,
2147 4730 2395 4792 videtur
2423 4730 2601 4810 sequi
2631 4731 2799 4809 quod
2831 4732 2967 4810 jam
2998 4749 3124 4792 non
3161 4732 3243 4794 sit
3268 4750 3398 4792 am-

1861 4822 2025 4902 plius
2052 4828 2308 4884 moneta
2331 4869 2347 4899 ,
2400 4841 2544 4884 cum
2586 4841 2711 4884 non
2759 4822 2991 4887 habeat
3018 4825 3296 4885 valorem
3325 4844 3399 4885 ex

1864 4917 2024 4994 lege,
2056 4920 2244 4995 atque
2268 4915 2412 4977 ideo
2443 4916 2786 4977 creditores
2814 4917 3057 4996 possint
3082 4916 3253 4975 illam
3275 4936 3401 4977 non

1866 5013 2195 5089 acceptare
2230 5030 2243 5071 ε
2277 5009 2404 5070 imo
2446 5010 2786 5090 aliquando
2832 5009 3039 5070 minus
3071 5012 3208 5088 jam
3234 5011 3405 5070 vale-

1864 5102 1981 5178 bit,
2015 5120 2207 5182 quam
2235 5107 2491 5164 moneta
2518 5120 2682 5165 nova
2728 5102 3036 5180 impurior
3068 5123 3081 5163 :
3115 5121 3403 5182 suppono

1867 5195 2034 5256 enim
2062 5195 2253 5256 fuisse
2277 5198 2559 5257 taxatum
2589 5195 2870 5255 valorem
2907 5195 3175 5273 legalem
3216 5214 3407 5274 supra

1867 5288 2148 5349 valorem
2174 5287 2524 5349 naturalem
2551 5287 2878 5366 utriusque
2904 5307 2920 5359 ;
2969 5306 3162 5367 quare
3192 5288 3242 5348 si
3273 5307 3405 5350 mo-

1872 5386 2017 5444 neta
2046 5381 2264 5461 purior
2286 5381 2514 5442 retinet
2537 5382 2741 5441 solum
2762 5380 3041 5441 valorem
3058 5383 3408 5444 naturalem

3435 3627 3530 3684 ncta
3547 3621 3732 3662 delerio-
3775 3655 3780 3660 .

3461 3687 3513 3723 n,
3547 3680 3705 3715 crescat

3435 3727 3552 3769 valor
3576 3727 3733 3788 'melio-

3553 3791 3632 3821 ns.
