4263 6376
1147 308 1619 369 DISPUTATIO
1662 308 1907 383 xxvn,
1957 307 2230 368 SECTIO
2275 309 2349 367 11.
3203 312 3318 369 337

204 488 257 546 in
277 485 406 565 jure
431 485 677 562 longum
698 486 945 562 tempus
957 483 1326 563 appellatur,
1357 485 1444 546 ita
1463 485 1692 563 plures,

204 597 340 658 quos
365 581 698 655 congerunt
725 582 1143 656 etsequuntur
1164 578 1340 638 Salas
1356 578 1521 639 dicta
1543 577 1692 641 dub.

203 687 342 730 mv.
374 687 536 730 num.
567 673 625 729 2.
657 674 720 729 et
760 668 1042 729 Sanchez
1070 687 1243 731 num.
1275 673 1374 732 39.
1421 672 1515 730 An
1546 687 1696 731 vero

203 782 397 823 census
408 762 692 822 vitalitius
718 761 878 822 inter
904 762 1250 822 immobilia
1285 763 1513 823 debeat
1525 780 1698 823 com-

205 855 403 933 putari,
452 858 634 932 negat
662 854 943 915 Sanchez
984 854 1069 915 ibi
1117 872 1293 916 num.
1320 857 1421 915 40.
1455 854 1693 929 dicens»,

202 950 401 1008 fratres
413 946 678 1007 Minores
692 965 955 1024 capaces
978 965 1112 1007 esse
1143 946 1328 1025 legati
1346 965 1698 1007 annuorum

204 1040 484 1099 redituum
536 1040 886 1116 legatorum
914 1039 996 1098 ad
1041 1039 1236 1100 vitam
1282 1040 1543 1118 alicujus
1573 1041 1698 1099 sra-

205 1133 298 1194 tris
326 1151 338 1191 :
371 1131 509 1211 quia
536 1130 685 1191 nihil
733 1132 963 1192 certius
1000 1136 1224 1206 morte,
1259 1151 1375 1193 nec
1402 1132 1700 1193 incertius

204 1224 319 1303 ejus
346 1223 518 1295 hora;
566 1242 761 1303 quare
808 1242 952 1284 cum
999 1224 1276 1303 quotidie
1306 1226 1500 1303 possit
1527 1225 1700 1303 lega-

206 1325 317 1378 tum
343 1316 628 1394 extingui,
676 1334 799 1377 non
828 1317 1072 1378 dicetur
1117 1318 1193 1376 ad
1242 1318 1499 1395 longum
1541 1322 1701 1378 tem·

204 1429 320 1490 pus.
369 1412 492 1469 Hoc
517 1414 728 1469 tamen
757 1409 1122 1470 difficultate
1150 1428 1273 1470 non
1304 1415 1475 1472 caret
1506 1431 1518 1471 :
1552 1412 1700 1489 quia

205 1501 415 1564 etiamsi
454 1519 622 1563 mors
642 1502 883 1563 incerta
910 1503 1019 1575 sit;
1056 1502 1308 1582 quando
1340 1508 1550 1565 tamen
1569 1522 1701 1564 em-

204 1600 323 1674 ptor
349 1600 627 1656 censetur
657 1614 837 1673 posse
868 1596 1236 1657 naturaliter
1252 1597 1463 1656 vivere
1493 1596 1700 1656 adhuc

204 1686 392 1766 viginti
420 1688 513 1747 vel
542 1688 800 1766 triginta
828 1706 1048 1764 00003,
1099 1689 1244 1750 licet
1289 1689 1485 1766 possit
1511 1690 1701 1751 etiam

206 1784 327 1840 ante
353 1780 495 1839 illud
522 1786 771 1858 tempus
799 1780 981 1856 mori,
1029 1799 1174 1841 cum
1222 1786 1430 1841 tamen
1461 1782 1700 1859 aequale

205 1872 271 1933 sit
294 1872 559 1948 dubium,
595 1873 765 1951 quod
793 1873 1100 1934 moriatur
1125 1873 1224 1933 vel
1246 1892 1367 1933 non
1400 1874 1703 1934 moriatur

206 1968 327 2024 ante
376 1964 521 2025 illud
576 1969 859 2043 tempus,
920 1965 1331 2026 aestimabitur
1383 1966 1704 2026 m01·a11ter

205 2055 429 2134 perinde
455 2075 528 2116 ac
555 2057 603 2117 si
638 2075 751 2135 pro
781 2056 1041 2117 dimidio
1062 2057 1224 2117 illius
1243 2058 1542 2135 temporis
1563 2076 1703 2118 cen·

202 2166 291 2208 sus
309 2151 797 2225 constitueretur,
830 2168 973 2210 cum
1004 2151 1244 2229 aequale
1260 2152 1340 2211 sit
1357 2152 1704 2228 periculum

204 2241 507 2300 excedendi
536 2246 600 2302 et
630 2261 750 2302 non
774 2243 1153 2321 attingendi;
1189 2262 1338 2320 ergo
1360 2262 1583 2304 census
1604 2244 1705 2303 ille

206 2334 488 2395 moraliter
537 2335 896 2395 censebitur
958 2354 1031 2395 ac
1077 2336 1127 2394 si
1177 2336 1256 2394 ad
1331 2336 1706 2397 decennium

204 2426 690 2504 constitueretur,
741 2428 910 2506 quod
956 2447 995 2488 a
1038 2428 1362 2507 posteriori
1420 2433 1701 2506 constat,

205 2518 330 2596 quia
353 2519 684 2599 aliquando
727 2526 973 2599 emptor
1027 2540 1148 2580 non
1194 2529 1608 2585 commutaret
1634 2524 1707 2582 il-

204 2612 310 2670 lum
365 2631 470 2689 pro
522 2613 649 2673 alio
712 2632 904 2673 censu
950 2614 1029 2673 ad
1076 2615 1277 2674 solum
1333 2615 1708 2676 decennium

204 2711 404 2782 empt0,
435 2710 496 2765 et
522 2724 555 2764 e
597 2712 817 2766 contra
862 2707 1152 2768 venditor
1194 2708 1530 2786 aliquando
1559 2709 1707 2769 saci-

202 2796 301 2855 lius
342 2797 632 2859 venderet
663 2798 741 2857 ad
784 2799 1157 2860 decennium
1207 2806 1468 2876 certum,
1516 2821 1707 2879 quam

203 2888 270 2947 ad
295 2890 472 2949 vitam
500 2890 766 2969 alicujus
799 2910 813 2950 ε
846 2896 995 2952 tunc
1024 2911 1173 2971 ergo
1205 2912 1327 2954 non
1358 2893 1563 2969 videO,
1595 2913 1709 2956 cur

1794 488 1923 545 tam
1954 502 2088 543 esse
2113 530 2129 560 ,
2177 484 2468 543 dixerunt
2509 484 2735 562 aliqui,
2795 484 2939 545 licet
2979 485 3327 547 concedant

1797 595 2052 637 censum
2081 578 2432 655 antiquum,
2457 580 2520 636 et
2536 581 2720 637 antea
2738 576 2872 656 jam
2892 578 3322 654 constitutum,

1792 670 1958 730 licite
1988 671 2113 729 emi
2142 689 2345 747 posse.
2393 671 2482 729 lta
2511 670 2814 730 Hem-icus
2844 671 3123 749 quodlib.
3161 673 3318 732 VllI.

1796 766 2017 841 quaest.
2049 779 2227 823 xxm.
2263 765 2327 821 et
2349 761 2490 835 alii,
2524 780 2680 841 quos
2725 763 2906 821 affert
2953 763 3129 823 Salas
3171 764 3322 824 dub.

1796 872 1866 915 11.
1901 874 2006 916 00.
2039 859 2097 916 2.
2147 853 2408 929 Quando
2438 859 2646 915 autem
2680 855 2743 914 hi
2774 859 3057 915 auctores
3086 856 3324 932 dicunt,

1796 966 1977 1025 posse
2025 947 2149 1007 emi
2189 956 2443 1007 censum
2485 947 2620 1026 jam
2666 952 2852 1008 antea
2898 949 3325 1024 constitutum,

1799 1058 1916 1100 non
1954 1040 2072 1100 hoc
2100 1040 2458 1117 intelligunt
2496 1040 2575 1099 de
2606 1058 2795 1100 censu
2828 1041 3017 1100 etiam
3046 1041 3326 1120 antique,

1798 1132 1904 1210 qui
1934 1132 1996 1190 in
2026 1150 2140 1191 sua
2168 1132 2372 1211 prima
2399 1132 2840 1192 constitutione
2877 1133 3162 1193 venditus
3194 1135 3328 1193 tue-

1798 1225 1906 1296 rit3
1941 1224 2020 1284 cle
2051 1224 2172 1284 hoc
2202 1224 2368 1283 enim
2401 1224 2621 1284 eadem
2659 1230 2752 1285 est
2792 1225 2951 1285 ratio
2981 1244 3054 1286 ac
3083 1226 3161 1285 de
3191 1245 3332 1286 cen-

1797 1334 1869 1376 su
1899 1334 2060 1376 novo
2111 1336 2125 1376 z
2179 1334 2324 1374 nam
2371 1316 2422 1375 si
2471 1335 2546 1375 ex
2591 1318 2795 1394 prima
2835 1317 3045 1378 radice
3075 1319 3333 1379 vitiosus

1799 1408 1914 1469 fuit
1942 1416 2004 1468 et
2029 1408 2328 1487 injustuS,
2365 1426 2490 1468 non
2521 1409 2721 1486 potuit
2749 1429 2824 1468 ex
2853 1410 2956 1469 1110
2987 1411 3158 1470 00301
3187 1412 3336 1473 titu-

1797 1502 1895 1561 lus
1910 1500 2116 1579 justus
2149 1547 2164 1575 ,
2200 1500 2305 1579 qui
2334 1519 2499 1560 0000
2527 1501 2714 1561 vendi
2744 1503 2975 1580 possit,
3038 1507 3100 1563 et
3129 1508 3332 1564 trans-

1799 1594 1946 1653 terri
1978 1594 2039 1652 in
2070 1600 2439 1672 emptorem.
2476 1594 2668 1670 Sicut,
2700 1595 2846 1672 quia
2878 1594 3160 1655 debitum
3189 1616 3339 1657 usu-

1800 1705 2014 1746 rarum
2043 1684 2346 1764 injustum
2374 1689 2507 1760 est,
2558 1686 2704 1746 binc
2732 1688 2833 1762 fit,
2881 1692 2950 1748 ut
2979 1707 3099 1748 non
3133 1688 3335 1748 solum

1802 1798 1921 1839 non
1942 1778 2181 1857 possint
2208 1778 2369 1855 exigi
2383 1778 2759 1839 mutuatario
2777 1779 2835 1838 in
2861 1780 2993 1858 ipso
3013 1785 3335 1842 contractu

1801 1871 2023 1945 mutui,
2058 1870 2311 1948 quando
2341 1870 2432 1946 fit,
2451 1871 2558 1930 sed
2592 1871 2778 1932 etiam
2797 1873 2967 1950 quod
2984 1893 3099 1934 nec
3128 1874 3176 1934 si
3200 1893 3338 1952 pro·

1802 1964 2007 2023 missae
2036 1962 2288 2036 fuerint,
2324 1962 2516 2040 possit
2542 1963 2699 2023 alius
2730 1982 2934 2024 emere
2965 1985 3001 2024 a
3030 1967 3336 2027 creditore

1801 2056 1900 2136 jus
1921 2055 2069 2115 illud
2082 2054 2163 2114 ad
2175 2073 2396 2115 usuras
2412 2055 2769 2134 promissas.
2795 2058 3165 2135 Loquuntur
3185 2077 3336 2136 ergo

1803 2149 2004 2208 solum
2032 2148 2111 2207 de
2124 2166 2315 2208 censu
2337 2152 2523 2207 antea
2538 2149 2872 2209 constituto
2904 2169 3026 2210 non
3061 2170 3174 2227 per
3193 2170 3337 2211 ven-

1805 2241 2125 2313 ditionem,
2158 2240 2268 2300 sed
2299 2259 2411 2318 per
2431 2240 2853 2317 donationem,
2881 2248 2988 2303 aut
3014 2243 3338 2303 liberalem

1805 2334 2251 2411 obligationem
2280 2332 2602 2409 debitoriS,
2637 2334 2744 2412 qui
2772 2336 2966 2410 gratis
2995 2337 3193 2398 voluit
3220 2337 3339 2397 sibi

1804 2445 1960 2487 onus
1990 2425 2144 2485 illud
2174 2425 2497 2501 imponere
2543 2426 2823 2486 solvendi
2869 2447 3144 2489 annuam
3192 2449 3338 2507 pcn-

1805 2520 2065 2593 sionem‚
2099 2518 2198 2577 vel
2227 2518 2306 2576 de
2336 2536 2525 2577 censu
2556 2519 2745 2579 etlam
2793 2522 3197 2598 1eservativ0,
3232 2523 3341 2600 qui

1805 2612 1968 2671 licite
1999 2610 2291 2671 constitui
2333 2611 2554 2688 potuit.
2617 2610 2989 2690 Hujusmodi
3019 2618 3166 2691 er'go
3197 2632 3338 2674 cen-

1806 2723 1933 2779 303,
1972 2707 2306 2781 postquam
2351 2703 2668 2763 constituti
2700 2705 2892 2763 semel
2922 2711 3098 2781 sunt,
3151 2707 3338 2766 vendi

1805 2801 2066 2875 possunt
2094 2815 2131 2855 a
2158 2795 2468 2855 creditore
2492 2840 2507 2870 ,
2544 2802 2801 2875 propter
2828 2799 3137 2859 rationem
3167 2800 3339 2859 diffe-

1805 2890 2021 2950 rentiae
2066 2892 2285 2966 postea
2328 2888 2762 2965 explicandam
2821 2907 2835 2953 ε
2896 2890 3099 2952 nullus
3127 2896 3338 2954 tamen

203 2981 380 3041 minus
404 2984 753 3062 computari
783 2984 1012 3046 debeat
1039 3003 1263 3046 census
1291 2987 1393 3046 ille
1421 2986 1585 3048 inter
1599 2989 1706 3049 bo-

204 3093 269 3132 na
293 3074 645 3152 immobilia,
679 3095 867 3155 quam
907 3096 1133 3139 census
1170 3079 1328 3139 alius
1372 3079 1451 3139 ad
1483 3080 1706 3141 decen-

204 3166 349 3227 nium
374 3171 642 3248 emptuS.

1805 3000 2028 3042 census
2074 2980 2153 3040 de
2202 2998 2363 3041 novo
2416 2984 2620 3058 potest
2646 2999 2759 3058 pro
2791 2983 2990 3060 pretio
3021 2984 3334 3060 constitui,

1804 3076 1950 3155 quia
1980 3074 2037 3132 in
2085 3072 2395 3152 ejusmodi
2442 3078 2766 3134 contractu
2809 3075 3078 3137 violatur
3125 3082 3337 3155 aperte

1795 3167 2041 3246 justitia
2068 3165 2537 3227 commutativa.

1882 3264 1963 3323 Ut
1990 3264 2201 3320 autem
2230 3258 2562 3320 difficultas
2589 3260 2812 3322 melius
2841 3264 3240 3341 percipiatur,
3273 3269 3339 3325 et
3485 3282 3552 3340 11

1803 3353 2189 3430 intelligatur
2230 3351 2712 3412 fundamentum
2756 3353 2942 3432 hujus
2983 3358 3329 3435 sentcntiae,
3383 3406 3537 3449 Eorum
3575 3407 3679 3449 run-

1802 3445 1971 3525 quod
2002 3462 2127 3504 non
2157 3444 2244 3503 ita
2273 3443 2521 3504 facilem
2551 3444 2924 3506 solutionem
2952 3447 3145 3510 habet
3167 3497 3181 3525 ‚
3230 3469 3331 3510 re·
3409 3460 3659 3502 ‹iumentum-

1801 3536 2156 3599 vocandum
2212 3540 2305 3596 est
2360 3536 2422 3595 in
2491 3537 2861 3598 memoriam
2920 3542 3088 3618 quod
3144 3562 3335 3621 supra

652 3595 1070 3682 SEG'rlo
1137 3600 1223 3683 11.

203 3905 285 3960 An
311 3901 489 3962 licitus
513 3901 591 3962 sit
641 3919 837 3961 census
864 3900 1258 3961 &redimibiles
1277 3948 1293 3979 ,
1342 3901 1433 3964 vel
1465 3900 1704 3963 redimi-

447 4006 597 4083 biles,
625 4014 963 4088 perpetuu-³,
995 4005 1088 4066 vel
1111 4005 1416 4068 vitalium.

271 4271 347 4330 De
379 4272 626 4351 justitia
667 4270 853 4351 hujus
898 4275 1255 4332 contractus
1296 4271 1568 4333 dubitari
1597 4292 1704 4352 po-

146 4424 165 4451 n
203 4364 323 4440 test,
352 4365 445 4424 vel
472 4370 709 4426 attento
738 4364 868 4424 solo
893 4363 1035 4442 jure
1067 4368 1327 4438 naturae,
1352 4364 1444 4423 vel
1468 4370 1703 4427 attento

198 4452 317 4530 jure
344 4457 526 4517 etiam
554 4457 845 4535 positivo,
879 4455 1226 4533 praesertim
1255 4457 1702 4518 constitutioni-

202 4545 301 4607 bus
315 4550 665 4610 Pontificiis.
692 4552 870 4610 Nunc
887 4549 1092 4609 solum
1111 4549 1441 4627 loquemur
1457 4550 1517 4608 in
1538 4569 1704 4611 com-

202 4641 372 4715 muni,
403 4647 462 4702 et
490 4646 727 4703 attento
768 4639 909 4719 jure
941 4644 1178 4701 naturae
1239 4661 1252 4700 :
1311 4646 1527 4719 postea
1555 4660 1704 4703 vero

199 4747 431 4808 agemus
458 4734 537 4794 de
567 4734 703 4811 iure
736 4734 1009 4794 humano
1029 4779 1044 4809 ,
1076 4738 1138 4793 et
1163 4733 1345 4792 simul
1375 4734 1705 4811 explicabi-

200 4841 321 4883 mus
346 4826 729 4888 conditiones
758 4844 975 4886 omnes
993 4825 1322 4903 requisitas
1344 4825 1421 4885 de
1440 4830 1704 4905 utroque

194 4911 317 4990 jure
346 4917 418 4975 ad
449 4918 583 4997 ejus
607 4917 1118 4997 justificationem
1142 4963 1157 4993 ,
1192 4936 1268 4977 ex
1297 4936 1563 4995 quarum
1593 4938 1704 4979 ex-

200 5006 503 5081 plicatione
547 5010 843 5071 universa
889 5009 1227 5087 disputatio
1291 5009 1369 5069 de
1417 5013 1706 5073 censibus

201 5097 509 5177 dependet.
564 5104 912 5182 Loquimur
966 5107 1178 5162 autem
1235 5121 1401 5163 nunc
1453 5103 1529 5164 de
1573 5106 1703 5167 solo

205 5208 372 5254 censu
400 5196 584 5268 reali;
637 5213 783 5256 nam
812 5195 890 5254 de
919 5195 1269 5276 personali,
1322 5196 1400 5255 (10
1444 5215 1567 5276 quo
1615 5203 1708 5259 est

205 5283 386 5363 major
410 5286 764 5365 difficultas,
796 5293 1011 5365 postea
1042 5287 1343 5349 (11000103.

276 5378 436 5439 Hanc
466 5399 617 5459 ergo
647 5381 1029 5458 emptionem
1080 5398 1303 5442 census
1347 5383 1492 5442 novi
1530 5382 1707 5444 illici-

498 5476 656 5536 Tou.
692 5475 819 5535 Vll.

1799 3635 2059 3708 agentes
2088 3628 2167 3687 de
2215 3647 2406 3688 usura
2435 3628 2708 3692 diximus
2727 3676 2742 3706 ,
2793 3633 3097 3693 malitium
3128 3654 3332 3695 usurae

1800 3723 1860 3782 in
1892 3741 1963 3782 eo
1986 3721 2348 3797 consistere,
2374 3721 2541 3799 quod
2564 3723 2872 3784 vendatur
2892 3727 3156 3802 pecunia
3179 3747 3332 3805 prae-

1800 3833 1942 3875 sens
1971 3832 2083 3893 pro
2113 3813 2338 3892 majori
2368 3814 2631 3891 pecunia
2658 3816 2869 3877 futura
2889 3863 2904 3893 ,
2958 3823 3021 3878 et
3046 3837 3158 3896 per
3184 3838 3333 3879 con-

1800 3926 2067 3986 sequens
2092 3925 2205 3986 pro
2235 3906 2434 3984 pretio
2463 3925 2651 3984 supra
2678 3910 3001 3986 proprium
3030 3911 3328 3986 valorem3

1800 4019 1943 4061 cum
1974 3999 2238 4077 pecunia
2267 4017 2406 4077 quae
2436 3998 2738 4072 redditur,
2760 4002 2898 4078 plus
2919 4004 3125 4065 valeat
3144 4024 3334 4084 quam

1803 4110 1942 4172 quae
1971 4083 2299 4169 accipitur.
2345 4092 2435 4150 Ex
2466 4090 2585 4151 hoc
2615 4097 2825 4153 autem
2855 4096 3031 4173 sequi
3060 4097 3328 4175 videtur,

1803 4184 1969 4263 quod
1999 4183 2231 4262 emptio
2261 4202 2505 4259 000303,
2531 4184 2707 4263 cujus
2736 4187 3066 4263 pensiones
3093 4192 3333 4252 solven-

1802 4277 1897 4337 dae
1910 4279 2209 4355 superant
2227 4275 2497 4354 pretium
2519 4295 2643 4354 quo
2663 4279 3000 4356 emitur,sit
3020 4286 3327 4361 usuraria,

1803 4369 1900 4427 vel
1930 4372 2097 4427 certe
2137 4372 2351 4427 contra
2386 4368 2715 4446 justitiam.
2779 4372 2955 4444 Quod
3004 4375 3334 4455 dupliciter

1803 4460 2098 4538 explicari
2127 4464 2350 4536 potest.

1886 4552 2115 4625 Primo,
2165 4551 2312 4629 quia
2342 4552 2403 4611 in
2451 4552 2570 4612 hoc
2605 4558 2924 4618 contractu
2954 4559 3333 4626 intervenire

1804 4645 2052 4704 videtur
2082 4649 2372 4703 mutuum
2404 4645 2666 4705 formale
2692 4693 2707 4722 ,
2756 4650 2853 4708 vel
2902 4651 3163 4715 virtuale
3190 4703 3204 4732 ,
3257 4677 3332 4717 ex

1804 4756 1927 4818 quo
1956 4737 2302 4815 accipiatur
2331 4737 2566 4815 aliquid
2596 4757 2785 4817 supra
2816 4749 3049 4805 sortem
3110 4768 3121 4808 ε
3182 4750 3330 4811 dare

1804 4831 1969 4891 enim
2001 4848 2166 4889 nunc
2195 4836 2446 4890 centum
2465 4834 2532 4890 ut
2557 4832 3023 4898 reddunturtibi
3057 4841 3332 4921 quinque

1802 4922 2062 5000 singulis
2091 4922 2291 4997 annis,
2326 4922 2476 4981 nihil
2499 4923 2743 4984 videtur
2771 4946 2905 4988 esse
2934 4931 3332 5012 aliud,quam

1802 5021 2089 5075 mutuare
2119 5033 2286 5074 nunc
2314 5020 2561 5075 centum
2592 5019 2890 5080 solvenda
2919 5023 3027 5083 tibi
3057 5045 3174 5102 per
3200 5047 3336 5105 par-

1804 5114 1924 5179 teS,
1984 5107 2071 5167 ita
2116 5112 2184 5168 ut
2228 5107 2466 5184 viginta
2500 5110 2681 5170 annis
2729 5114 2936 5173 omnia
2966 5118 3329 5198 reddantur,

1805 5205 1866 5261 et
1891 5205 2106 5279 postea
2134 5200 2406 5277 accipias
2433 5200 2674 5261 lucrum
2705 5211 3075 5283 perpetuum
3102 5230 3176 5270 ex
3201 5231 3334 5273 mu-

1807 5298 1911 5353 tuo
1942 5292 2340 5371 praecedenti,
2374 5310 2600 5371 nempe
2628 5295 2752 5355 alia
2771 5298 3045 5379 quinque
3077 5303 3335 5380 singulis

1806 5385 2007 5445 00013.
2066 5387 2236 5445 Ρο00
2267 5384 2456 5459 00110,
2498 5404 2598 5445 100
2627 5387 2737 5448 tibi
2767 5396 3016 5452 centum
3044 5403 3334 5460 mutuare

2938 5489 3013 5546 22
