4263 6376
1115 289 1587 351 DISPUTATIO
1631 288 1906 363 XXVIII,
1957 288 2232 350 SECTIO
2277 289 2408 349 VII.

221 466 501 542 emendaS,
532 466 637 526 sed
666 483 703 525 a
732 464 984 543 propria
1012 463 1405 526 necessitate.
1447 464 1707 525 Addunt

220 570 398 624 tamen
429 559 630 638 aliqui,
674 557 900 637 quibus
929 557 1178 618 videtur
1207 558 1561 619 consentire
1594 559 1708 619 Sa-

220 657 316 730 laS,
344 656 649 732 peccatum
671 650 844 725 illud,
876 650 1023 711 licet
1041 668 1165 710 non
1195 651 1274 712 sit
1292 656 1510 711 contra
1527 651 1707 730 justi-

220 749 368 822 tiam,
398 746 521 806 fore
548 750 754 805 tamen
774 743 1036 804 fortasse
1068 746 1285 804 contra
1312 743 1702 819 charitatem,

221 843 494 920 quatenus
522 837 598 898 ob
626 836 881 916 propria
909 836 1243 896 commoda
1279 854 1570 914 campsor
1597 854 1709 913 pa-

220 950 339 991 rum
380 933 615 990 curaret
658 928 735 988 de
780 928 999 989 alienis
1046 928 1484 989 incommodis,
1545 929 1707 988 Raro

218 1030 397 1083 tamen
442 1022 643 1098 crede,
694 1020 974 1080 futurum
1019 1025 1347 1100 peccatum
1394 1038 1583 1098 grave
1632 1038 1708 1079 ex

222 1118 319 1177 boc
346 1115 534 1194 capite
592 1134 606 1175 ε
657 1113 805 1192 quia
832 1112 1106 1174 charitas
1136 1132 1257 1174 non
1307 1112 1542 1191 obligat
1568 1131 1706 1191 gra-

218 1210 355 1270 viter
369 1208 439 1267 ad
458 1206 775 1266 vitandum
793 1205 1259 1266 incommodum
1276 1205 1547 1265 alienum
1564 1223 1708 1265 cum

216 1301 427 1380 jactura
451 1298 656 1378 magni
689 1298 1003 1359 commodi
1032 1297 1266 1376 proprii
1298 1316 1312 1362 ε
1366 1302 1427 1358 et
1453 1297 1707 1376 quidem

218 1394 270 1452 in
304 1392 407 1452 hoc
451 1410 590 1452 casu
644 1391 886 1470 aequale
916 1394 1010 1451 est
1053 1389 1477 1466 commodum,
1538 1389 1707 1469 quod

218 1484 442 1546 advenit
466 1484 774 1562 campsori
796 1502 871 1542 ex
887 1482 1233 1543 variatione
1254 1482 1372 1543 loci
1396 1501 1537 1542 cum
1560 1500 1710 1559 aug-

216 1582 397 1638 mento
424 1576 669 1650 cambii,
720 1580 782 1637 et
809 1574 1277 1635 incommodum
1320 1574 1489 1653 quod
1526 1592 1599 1633 ea
1630 1573 1708 1632 de

216 1687 377 1730 causa
402 1668 781 1747 campsarius
809 1668 1015 1728 sentit.
1072 1667 1251 1729 Unde
1301 1666 1499 1744 magis
1528 1670 1708 1726 caute

215 1762 346 1823 dixit
374 1761 703 1833 Filliucius,
751 1760 1001 1840 quando
1031 1760 1213 1820 valde
1240 1759 1710 1819 incommodum

217 1859 354 1915 esset
380 1853 684 1931 campsori
731 1853 1045 1914 abstinere
1089 1851 1169 1912 ab
1216 1851 1320 1911 illa
1367 1850 1712 1912 mutatione

213 1947 333 2022 loci,
384 1965 501 2007 non
555 1950 964 2024 peccaturum
1019 1948 1241 2006 contra
1294 1944 1702 2016 charitatem3

216 2040 330 2100 haec
355 2038 511 2099 enim
539 2057 665 2099 non
710 2037 946 2117 obligat
972 2037 1053 2097 ad
1084 2042 1293 2097 actum
1324 2036 1431 2116 qui
1459 2036 1540 2097 sit
1566 2053 1711 2096 cum

214 2152 415 2212 magno
442 2131 839 2193 incommodo
886 2130 1201 2210 operantis
1230 2129 1426 2189 illum.
1488 2129 1709 2190 Consi-

213 2225 529 2285 derandum
557 2241 710 2302 ergo
742 2226 855 2299 est,
908 2227 1211 2301 quantum
1240 2221 1319 2282 sit
1358 2221 1709 2282 incommo-

212 2319 342 2377 dum
382 2315 733 2395 campsarii,
786 2319 1088 2393 quantum
1131 2314 1320 2375 etiam
1368 2314 1710 2392 campsoris

212 2411 256 2468 si
301 2408 620 2489 campsarii
668 2407 952 2486 petitioni
1001 2406 1384 2482 consentiat,
1446 2410 1509 2466 et
1562 2405 1711 2465 defi-

211 2503 412 2562 nienda
438 2501 552 2563 erit
580 2501 722 2561 haec
771 2499 1067 2578 obligatio
1107 2500 1287 2577 juxta
1331 2499 1578 2577 regulas
1606 2517 1709 2577 ge-

211 2594 423 2654 nerales
449 2593 793 2669 charitatiS,
826 2611 965 2671 quae
987 2591 1149 2652 tradi
1170 2591 1371 2653 solent
1387 2592 1466 2650 ad
1492 2591 1711 2651 viden-

209 2689 339 2748 dum
365 2706 501 2748 cum
531 2692 767 2766 quanto
815 2703 1070 2745 excessu
1117 2684 1332 2743 damni
1380 2684 1566 2744 alieni
1600 2683 1714 2744 de-

208 2780 368 2840 beam
395 2798 508 2859 ego
538 2798 614 2839 ex
644 2778 949 2839 charitate
989 2777 1199 2837 subire
1220 2775 1533 2855 jacturam
1564 2795 1709 2855 pro·

206 2874 309 2953 prii
336 2872 668 2947 commodi,
719 2872 817 2931 vel
846 2870 1002 2930 lucri
1047 2870 1162 2930 sub
1205 2874 1463 2948 peccato
1494 2870 1706 2947 gravi;

208 2967 412 3046 dequo
459 2965 606 3025 alibi
651 2964 888 3025 dietum
926 2967 1021 3023 est
1074 2962 1232 3039 disp.
1278 2979 1403 3022 xxt.
1465 2967 1613 3023 sect.
1647 2966 1705 3022 7.

207 3077 313 3119 non
340 3058 496 3119 enim
526 3057 803 3138 pertinet
829 3056 910 3115 ad
939 3055 1105 3116 hunc
1132 3055 1361 3116 locum.

642 3480 1067 3564 snum«)
1147 3477 1289 3567 vn.

202 3785 288 3844 An
318 3783 532 3844 licitum
559 3782 637 3852 sit
668 3780 974 3858 cambium,
1024 3780 1085 3840 in
1112 3799 1225 3861 quo
1248 3799 1361 3861 pro
1389 3780 1715 3862 campsara'o

269 3888 562 3970 respondet
570 3896 953 3970 procurator,
981 3905 1079 3947 seu
1096 3884 1542 3967 correspondens
1561 3905 1714 3948 cam-

265 4014 466 4077 psoras.

270 4263 352 4321 De
380 4260 499 4322 hoc
536 4277 692 4320 casu
732 4255 1110 4318 recentiores
1137 4254 1320 4316 valde
1350 4257 1711 4316 controver-

200 4358 355 4431 tunt,
400 4358 463 4414 et
504 4356 654 4413 ante
699 4368 924 4411 novem
953 4366 1151 4409 annos
1180 4348 1408 4408 acriter
1435 4349 1714 4426 disputa-

201 4453 319 4508 tum
372 4447 486 4507 fuit
522 4448 744 4506 Romae
801 4442 861 4501 in
915 4441 1171 4520 speciali
1227 4440 1711 4519 congregatione

199 4540 476 4601 mandato
508 4534 904 4600 Sanctissimi
934 4534 1013 4594 ad
1057 4533 1173 4594 hoc
1221 4533 1387 4594 facta
1435 4553 1448 4593 ε
1503 4534 1713 4595 vocari

200 4638 389 4694 autem
427 4631 589 4693 solet
616 4627 859 4706 vulgari
895 4627 1203 4687 vocabulo
1236 4673 1252 4702 ,
1314 4624 1533 4686 cambio
1561 4624 1713 4687 della

196 4725 455 4786 Re’ccorsa
477 4771 495 4801 ,
531 4740 684 4782 nam
709 4721 856 4781 licet
884 4719 1071 4798 aliqui
1104 4719 1420 4779 cambium
1444 4737 1712 4780 recursae

196 4820 689 4896 condistinguere
716 4813 910 4874 velint
948 4830 987 4872 a
1030 4811 1275 4873 cambio
1304 4812 1713 4889 computatio-

197 4931 353 4987 num,
383 4910 554 4991 quod
571 4907 763 4985 vulgo
792 4904 1095 4984 appellari
1125 4904 1303 4981 solet,
1322 4903 1541 4964 cambio
1568 4903 1717 4967 delle

196 5003 537 5079 commoni,
590 5000 672 5060 de
704 5016 826 5079 quo
851 4999 974 5058 late
995 4997 1311 5057 Filliucius
1332 5001 1510 5057 tract.
1527 5013 1710 5059 xxxv.

195 5102 342 5176 part.
371 5113 439 5157 11.
473 5113 618 5174 cap.
654 5097 712 5153 8.
775 5088 992 5164 Quoad
1039 5088 1472 5150 substantialia
1503 5093 1715 5150 tamen

195 5199 251 5252 et
300 5189 500 5268 quoad
561 5184 998 5246 difficultatem
1048 5185 1453 5260 praesentem,
1495 5181 1717 5241 eadem

195 5288 280 5344 est
303 5282 456 5343 ratio
488 5280 567 5340 de
601 5283 886 5355 utroque.
920 5274 1133 5334 Praxis
1154 5291 1303 5352 ergo
1335 5272 1520 5352 hujus
1550 5291 1714 5333 cam·

194 5376 273 5436 bii
313 5375 446 5436 haec
492 5374 591 5434 est
650 5390 664 5432 ε
723 5371 943 5430 Petrus
982 5369 1194 5428 Romae
1225 5366 1382 5444 petit
1408 5384 1445 5426 a
1469 5367 1711 5427 Joanne

498 5468 663 5527 Tou.
696 5463 827 5525 Vll.

3220 297 3337 354 417

1806 482 2131 542 campsore
2159 463 2327 524 mille
2357 482 2581 525 aureos
2608 465 2833 544 quibus
2865 469 2965 528 hic
3004 464 3215 528 Romae
3245 468 3342 529 in-

1807 557 1980 635 diget
2011 577 2024 616 :
2058 558 2091 618 J
2100 575 2335 617 oannes
2366 559 2545 619 offert
2569 558 2885 619 cambium
2914 560 2996 620 ad
3028 560 3340 622 nundinas

1806 649 2136 711 Placentiae
2160 697 2176 726 ,
2236 655 2306 711 ut
2347 650 2434 710 ihi
2464 653 2682 713 Petrus
2727 652 2896 712 mille
2943 672 3167 714 aureos
3198 671 3342 714 oum

1807 742 2106 802 interesse
2136 742 2368 802 cambii
2395 742 2595 803 solvat
2648 764 2660 804 :
2712 746 2933 805 Petrus
2984 745 3167 822 dicit,
3217 762 3342 804 non

1807 833 2009 893 habeo
2040 835 2337 912 pecunias
2357 835 2689 895 Placentiae
2722 855 2836 896 nec
2857 836 3347 915 corresponden-

1806 919 1932 986 tem
1963 930 2071 986 aut
2097 926 2438 987 creditum:
2465 927 2563 987 fac
2584 932 2654 988 ut
2675 929 3171 1007 correspondens
3198 933 3343 989 tuus

1806 1018 1955 1079 velit
1980 1038 2094 1097 pro
2125 1018 2245 1079 hac
2273 1019 2410 1079 vice
2445 1038 2580 1080 esse
2611 1022 3110 1101 correspondens
3140 1039 3336 1096 meuS,

1808 1116 1871 1172 et
1915 1114 2243 1190 acceptare
2303 1130 2476 1173 meas
2528 1113 2771 1174 litteras
2817 1114 3049 1175 cambii
3103 1113 3341 1192 tibique

1808 1202 2069 1280 solvere,
2103 1221 2222 1282 ego
2253 1203 2417 1263 enim
2451 1223 2593 1265 eum
2625 1208 2703 1265 ab
2739 1206 2859 1266 hoc
2887 1207 3095 1267 debito
3126 1211 3346 1286 postea

1806 1296 2111 1356 liberabo,
2147 1297 2466 1357 Consentit
2492 1299 2525 1359 J
2534 1316 2788 1374 oannes,
2825 1299 2934 1359 dat
2960 1301 3144 1361 Petro
3174 1297 3344 1358 mille

1809 1405 2030 1448 aureos
2060 1390 2296 1465 Romoe,
2330 1390 2552 1449 Petrus
2577 1389 2848 1450 vicissim
2879 1391 2989 1451 dat
3024 1392 3079 1451 ei
3107 1391 3346 1452 litteras
3381 1467 3388 1474 ι

1808 1481 2035 1541 cambii
2066 1480 2336 1542 directas
2376 1482 2454 1542 ad
2488 1483 2827 1543 Antonium
2853 1530 2868 1560 ,
2902 1485 3008 1562 qui
3037 1488 3132 1544 est
3155 1484 3188 1544 J
3197 1500 3349 1543 oan—

1809 1572 1904 1632 nis
1934 1578 2304 1650 procurator
2332 1575 2667 1636 Placentiae
2690 1622 2705 1652 ,
2757 1576 2984 1655 quibus
3012 1575 3348 1637 committit

1810 1666 2076 1727 Antonio
2125 1672 2194 1728 ut
2222 1667 2424 1728 solvat
2447 1669 2480 1729 J
2489 1670 2674 1729 oanni
2726 1669 2896 1729 mille
2952 1687 3178 1729 aureos
3231 1685 3347 1747 pro

1808 1759 2371 1838 totidemacceptis
2401 1761 2480 1821 ab
2511 1779 2584 1821 eo
2633 1763 2875 1823 Romae.
2931 1762 2965 1823 J
2972 1779 3206 1822 oannes
3258 1760 3346 1821 si-

1809 1851 1938 1911 mul
1968 1851 2184 1912 scribit
2224 1851 2430 1911 eidem
2457 1853 2730 1913 Antonio
2775 1853 3164 1933 procuratori
3208 1870 3343 1928 suo,

1809 1949 1879 2005 ut
1908 1948 2193 2022 acceptet
2221 1944 2461 2005 litteras
2491 1945 2657 2006 Petri
2685 1993 2700 2022 ,
2748 1946 2829 2006 ab
2857 1964 3058 2024 eoque
3091 1944 3350 2023 recipiat

1807 2035 1872 2095 id
1903 2035 2070 2115 quod
2100 2035 2220 2095 sibi
2251 2036 2460 2113 debet,
2497 2041 2556 2097 et
2584 2038 2947 2117 frequenter
2985 2038 3132 2098 data
3175 2055 3349 2097 secu·

1811 2128 1992 2189 ritate
2012 2174 2028 2205 ,
2062 2131 2265 2189 tutum
2295 2128 2505 2191 reddit
2532 2131 2874 2191 Antonium
2900 2177 2915 2207 ,
2968 2129 3139 2209 quod
3169 2147 3244 2189 ea
3272 2128 3349 2188 de

1810 2239 2000 2281 causa
2032 2221 2271 2281 nullum
2303 2221 2603 2282 damnum
2634 2224 2931 2301 patietur,
2968 2223 3114 2283 licet
3131 2223 3349 2284 Petrus

1810 2332 1933 2374 non
1978 2313 2270 2375 solveret.
2326 2316 2499 2375 Tunc
2536 2317 2845 2377 Antonius
2890 2318 3176 2393 acceptat
3220 2332 3350 2374 cre-

1811 2405 2009 2467 ditum
2041 2407 2237 2483 Petri,
2273 2406 2532 2486 ejusque
2561 2407 2836 2479 litteras:
2890 2412 2953 2470 et
2979 2414 3048 2469 ut
3077 2426 3182 2467 eas
3212 2425 3349 2467 exe·

1809 2503 2035 2577 quatur
2059 2545 2074 2570 ,
2125 2498 2342 2559 scribit
2370 2504 2434 2559 et
2460 2501 2782 2561 constituit
2809 2502 2842 2562 J
2851 2519 3118 2561 oannem
3149 2499 3350 2560 credi-

1808 2597 2009 2653 torem
2041 2591 2204 2651 illius
2233 2609 2494 2651 summae
2515 2638 2531 2668 ,
2591 2596 2654 2653 et
2680 2594 2935 2653 Petrum
2967 2592 3342 2668 debitorem,

1811 2687 1999 2762 atque
2028 2683 2113 2744 ita
2143 2683 2494 2744 absolvitur
2527 2684 2769 2763 primus
2794 2689 3150 2746 contractus
3179 2703 3351 2745 cam-

1810 2774 1919 2835 bii.
1982 2777 2206 2837 Postea
2253 2776 2552 2855 quoniam
2585 2779 2802 2839 Petrus
2844 2795 2969 2838 non
3000 2778 3183 2839 solvit
3209 2777 3351 2837 Pla-

1810 2867 2031 2928 centiae
2072 2868 2369 2947 pecunias
2394 2915 2410 2945 ,
2446 2887 2603 2947 quas
2631 2869 2719 2930 ihi
2747 2869 2899 2929 dare
2929 2870 3236 2946 debebat,
3287 2874 3351 2930 et

1811 2979 1967 3039 quas
1995 2960 2306 3021 Antonius
2353 2979 2467 3039 pro
2515 2961 2651 3039 ipso
2681 2962 2902 3037 solvit,
2936 2961 3245 3023 Antonius
3274 2979 3350 3021 ex

1811 3052 2248 3113 commissione
2290 3054 2408 3114 sibi
2456 3054 2534 3114 ab
2565 3054 2787 3114 eodem
2817 3056 3001 3115 Petro
3033 3055 3223 3114 missa
3248 3072 3348 3113 re-

1810 3144 2001 3207 mittit
2019 3145 2186 3207 idem
2208 3145 2488 3208 debitum
2517 3165 2629 3225 per
2657 3147 3002 3208 secundum
3031 3146 3348 3209 cambium

1813 3241 2028 3299 Romae
2059 3256 2094 3297 a
2125 3241 2308 3299 Petro
2348 3257 2491 3299 cum
2539 3240 2814 3300 secundo
2844 3240 3144 3301 interesse
3175 3258 3346 3301 cam-

1812 3329 1928 3402 bii;
1991 3333 2058 3390 ut
2099 3332 2352 3408 Petrus,
2403 3331 2580 3411 quasi
2611 3332 2779 3393 illam
2811 3332 3143 3395 Placentiae
3173 3350 3351 3393 acce-

1813 3423 2004 3501 pisset
2020 3421 2098 3481 ad
2114 3423 2485 3484 solvendum
2506 3424 2776 3501 primum
2806 3426 3142 3502 cambium,
3164 3429 3353 3505 prout

1812 3514 2157 3576 virtualiter
2187 3516 2431 3594 accepit
2457 3517 2535 3576 ab
2567 3518 2838 3580 Antonio
2884 3538 2998 3597 pro
3046 3518 3179 3596 ipso
3227 3518 3351 3579 sol-

1814 3611 2026 3684 vente,
2077 3607 2308 3670 debeat
2336 3627 2476 3668 eam
2510 3611 2725 3671 Romae
2756 3611 2999 3672 solvere
3042 3630 3156 3690 per
3182 3611 3348 3673 litte-

1814 3720 1916 3761 ras
1963 3700 2194 3761 cambii
2242 3720 2398 3781 quas
2428 3704 2735 3763 Antonius
2763 3703 2842 3764 ad
2873 3703 3080 3781 ipsum
3111 3704 3344 3782 dirigit,

1813 3793 2120 3854 mandans
2169 3797 2238 3854 ut
2283 3795 2467 3854 Petro
2520 3795 2722 3855 solvat
2762 3798 2977 3856 Romae
3013 3816 3026 3857 ε
3061 3801 3351 3857 censetur

1813 3886 1980 3947 enim
2008 3886 2315 3946 Antonius
2356 3886 2687 3947 Placentia}
2729 3887 2977 3947 solvens
3020 3890 3204 3949 Petro
3243 3888 3347 3948 de·

1813 3979 1977 4039 disse
2000 3982 2182 4039 Petro
2209 3995 2347 4038 eam
2364 3997 2675 4038 summam
2703 3979 3034 4040 Placentiae
3064 3980 3145 4040 ad
3175 3998 3347 4041 cam-

1811 4072 1985 4134 bium
2015 4074 2229 4131 Romae
2260 4070 2632 4131 solvendum
2661 4090 2802 4132 cum
2833 4071 3132 4133 interesse
3166 4074 3348 4135 solito

1813 4163 2061 4225 cambii.
2123 4164 2327 4235 Quare
2382 4167 2528 4242 post
2581 4169 2708 4224 tres
2750 4182 2998 4224 menses
3041 4165 3282 4245 elapsos
3310 4185 3349 4226 a

1809 4258 2013 4337 prima
2042 4256 2403 4333 acceptione
2434 4256 2737 4334 pecuniae,
2775 4259 2990 4318 Petrus
3018 4258 3204 4320 solvit
3230 4262 3348 4319 Ro-

1810 4368 1929 4409 mae
1972 4349 2146 4411 1028.
2190 4367 2449 4425 aureOS,
2497 4349 2636 4427 plus
2681 4349 2967 4410 minusve
3015 4370 3127 4429 pro
3168 4355 3342 4414 1000.

1812 4460 1967 4521 quos
1995 4443 2346 4519 acceperat,
2381 4440 2467 4501 ita
2491 4445 2676 4504 ntes.
2698 4447 2807 4503 aut
2830 4445 2928 4503 29.
2965 4444 3088 4503 sint
3114 4462 3225 4521 pro
3258 4445 3348 4503 in-

1810 4539 2044 4595 teresse
2100 4533 2364 4612 duplicis
2420 4533 2679 4610 cambii,
2742 4539 2803 4595 et
2862 4536 3342 4612 provisionibus,

1811 4629 1958 4687 Haec
1989 4630 2081 4686 est
2127 4625 2318 4686 series
2346 4627 2527 4714 sacti,
2587 4627 2752 4686 circa
2783 4627 2950 4705 quod
2981 4628 3203 4707 aliquae
3233 4630 3347 4690 cir-

1812 4719 2204 4780 cumstantiae
2233 4718 2465 4778 variari
2495 4719 2696 4779 solent
2743 4737 2757 4777 :
2811 4719 3148 4799 aliquando
3179 4723 3346 4782 enim

1811 4811 2141 4888 Antonius,
2166 4811 2246 4871 ad
2264 4830 2450 4890 quem
2480 4811 2697 4890 primae
2716 4811 2937 4872 litterae
2969 4813 3342 4893 diriguntur,

1811 4905 1957 4966 licet
2003 4906 2083 4966 sit
2120 4905 2638 4982 correspondenS,
2672 4909 2732 4965 et
2761 4905 2940 4983 quasi
2980 4912 3349 4983 procurator

1812 5000 1845 5060 J
1854 4997 2105 5069 oannis;
2142 4997 2331 5057 habet
2359 5001 2570 5058 tamen
2601 5015 2675 5056 ex
2695 5016 2760 5056 se
2778 4999 3102 5060 facultates
3132 5004 3192 5060 et
3219 5018 3346 5062 cre-

1815 5089 2014 5150 ditum
2043 5089 2405 5150 distinctum
2435 5108 2473 5148 a
2498 5089 2741 5150 Joanne
2787 5105 2801 5152 :
2853 5090 3188 5169 aliquando
3219 5112 3345 5153 non

1813 5182 2026 5257 habet,
2060 5182 2170 5242 sed
2193 5186 2287 5242 est
2313 5183 2346 5242 J
2353 5181 2571 5241 oannis
2599 5181 2891 5243 famulus.
2926 5186 2989 5243 et
3015 5183 3348 5246 solaJoan-

1814 5275 1909 5334 nis
1938 5274 2204 5352 pecunia
2233 5277 2296 5335 et
2321 5272 2557 5335 credito
2588 5273 2962 5351 negotiatur.
2990 5275 3346 5355 Aliquando

1812 5367 1999 5429 etiam
2018 5369 2236 5427 Petrus
2262 5366 2327 5425 in
2356 5365 2557 5445 primo
2582 5365 2826 5427 cambio
2857 5367 3093 5447 obligat
3118 5387 3184 5431 se
3214 5390 3347 5431 rur·
3381 5381 3384 5384 ’
