4263 6376
1138 318 1612 382 DISPUTATIO
1654 317 1871 399 XXVI,
1921 322 2196 388 SEG'I'IO
2240 322 2398 389 VIII.

209 495 323 573 dat,
367 508 485 556 non
529 492 776 555 videtur
820 492 1194 572 obligandus
1241 494 1321 555 ad
1366 495 1708 559 restitutio-

210 604 353 663 nem,
384 586 628 666 quando
659 589 1018 665 computato
1048 587 1249 666 pretio
1280 591 1344 650 et
1370 606 1489 650 usu
1513 635 1530 665 ,
1580 608 1708 650 non

206 698 476 759 inagnum
504 679 950 741 detrimentum
979 685 1226 760 emptor
1252 686 1609 761 pateretur,
1642 701 1703 744 v.

206 792 288 852 gr.
316 772 365 833 si
388 772 665 852 galerum
693 772 1066 834 duraturum
1112 792 1225 852 per
1265 794 1504 835 annum
1536 793 1706 835 eme-

207 886 294 928 res
326 866 661 944 duocecim,
695 866 862 928 hunc
910 871 1123 929 autem
1166 867 1538 929 duraturum
1596 886 1710 948 per

208 961 568 1021 semiannum
597 959 800 1021 emisti
855 978 963 1020 sex
990 960 1088 1022 vel
1118 964 1282 1037 octo,
1327 961 1565 1023 nullum
1611 961 1712 1021 vel

210 1068 443 1133 parvum
469 1053 912 1116 detrimentum
970 1071 1191 1133 passus
1235 1072 1349 1116 es:
1403 1058 1467 1116 et
1511 1073 1587 1115 ex
1614 1053 1712 1114 his

210 1146 476 1226 exemplis
526 1146 763 1226 poteris
819 1164 965 1208 cum
1034 1148 1444 1227 proportione
1496 1137 1711 1208 debita

207 1239 459 1318 regulam
503 1238 582 1298 ad
630 1238 753 1299 alia
792 1240 1132 1319 applicare.
1193 1241 1456 1320 Semper
1501 1244 1712 1302 autem

208 1332 517 1393 videndum
545 1336 640 1395 est
658 1378 673 1409 ‚
710 1332 877 1412 quod
907 1351 1100 1412 supra
1126 1332 1398 1395 diximus
1420 1380 1435 1411 ‚
1469 1353 1549 1395 an
1578 1351 1713 1394 rem

212 1443 365 1505 aeque
401 1425 627 1486 bonam
653 1471 669 1501 ‚
730 1444 840 1485 seu
890 1424 1077 1486 simili
1122 1425 1273 1487 vitio
1319 1426 1715 1487 laborantem

212 1522 427 1597 emptor
460 1518 691 1579 habere
721 1522 934 1598 posset
959 1518 1191 1578 minori
1231 1519 1431 1598 pretio
1461 1518 1713 1598 cognito

212 1610 339 1672 vitio
358 1608 385 1669 ?
402 1610 531 1691 jam
560 1611 731 1671 enim
760 1610 969 1690 quoad
996 1611 1175 1673 illum
1196 1629 1519 1672 excessum
1540 1611 1715 1673 resti-

212 1708 363 1765 tuere
414 1704 725 1783 oportebit
754 1751 769 1782 ,
846 1702 1092 1766 etiamsi
1154 1705 1426 1784 pretium
1472 1705 1715 1785 justum

215 1797 405 1874 fuerit,
461 1798 610 1876 quia
651 1816 728 1857 ex
776 1797 919 1858 dolo
966 1799 1038 1858 fit
1085 1797 1254 1876 quod
1292 1797 1455 1858 intra
1501 1798 1718 1860 latitu-

215 1890 399 1950 dinem
425 1891 601 1971 pretii
620 1890 773 1970 justi
806 1889 1032 1970 maj0ri
1060 1890 1263 1968 pretio
1295 1889 1538 1953 emerit.

280 1984 559 2046 Dubitant
584 1983 814 2064 aliqui,
848 2004 930 2045 an
957 1988 1270 2045 mercator
1290 2030 1306 2062 ‚
1341 1984 1448 2064 qui
1477 2002 1717 2045 merces

145 2140 157 2168 ι
216 2097 338 2139 suas
376 2082 625 2157 propter
667 2078 890 2139 vitium
946 2077 1260 2139 occultum
1316 2077 1499 2137 vilius
1546 2078 1715 2156 justo

214 2170 387 2250 pretio
413 2170 628 2232 vendit
654 2169 790 2231 sine
819 2174 1177 2249 emptorum
1206 2169 1573 2249 praejudicio
1591 2212 1608 2247 ‚
1650 2174 1719 2231 ut

145 2254 176 2326 ’μ’
215 2264 421 2326 dictum
448 2268 572 2342 est,
606 2267 829 2343 peccet
854 2268 1116 2344 peccato
1145 2261 1467 2343 injustitiae
1496 2263 1716 2324 saltem

145 2354 176 2428 ἶ*
215 2362 404 2419 contra
430 2358 579 2419 alios
606 2361 1034 2434 mercatores,
1093 2355 1201 2437 qui
1249 2357 1541 2418 meliores
1569 2375 1715 2417 suas

214 2469 422 2513 merces
457 2450 605 2513 vitio
649 2454 938 2512 carentes
976 2452 1288 2529 coguntur
1315 2449 1503 2511 etiam
1532 2449 1716 2510 vilius

213 2546 453 2606 vendere
480 2562 555 2607 eo
589 2544 766 2624 quod
797 2544 900 2605 bic
930 2543 1258 2605 descendit
1284 2544 1349 2604 in
1377 2543 1580 2623 pretio
1605 2589 1621 2620 ‚
1656 2547 1718 2605 et

213 2656 402 2701 omnes
432 2636 509 2700 ad
538 2637 749 2717 ipsum
766 2641 1112 2698 recurrent.
1146 2636 1242 2697 Ad
1265 2637 1435 2716 quod
1461 2654 1716 2715 respon-

213 2733 303 2792 det
333 2732 481 2793 bene
518 2730 814 2793 Turrian.
868 2729 930 2791 d.
984 2730 1145 2809 disp.
1177 2728 1386 2791 LVIII.
1440 2729 1590 2790 dub.
1625 2744 1711 2791 v1.

214 2826 268 2888 Si
290 2826 635 2905 frequenter
662 2823 753 2886 ita
778 2823 1033 2899 vendat,
1068 2826 1139 2884 ut
1154 2822 1395 2884 ratione
1422 2822 1586 2882 illins
1607 2821 1717 2881 de-

212 2918 485 2997 ceptionis
528 2921 811 2980 mutetur
857 2916 1127 2996 pretium
1174 2916 1525 2978 communis
1571 2914 1711 2992 fori,

211 3028 445 3090 peccare
472 3010 707 3091 injuste
736 3015 956 3072 contra
1003 3009 1158 3070 alios
1180 3008 1538 3072 venditores
1571 3027 1585 3070 ε
1619 3026 1716 3069 se-

212 3119 305 3166 cus
345 3105 391 3165 si
427 3123 499 3166 ex
529 3102 861 3166 occasione
910 3120 1037 3164 non
1080 3102 1402 3164 minuatur
1443 3101 1715 3182 pretium

212 3215 512 3260 commune
540 3199 606 3259 in
633 3199 795 3260 foro.
832 3198 1013 3259 Ratio
1060 3201 1273 3259 autem
1319 3213 1455 3256 esse
1484 3198 1713 3274 potest,

213 3292 337 3370 quia
375 3293 436 3353 in
476 3293 672 3371 priori
705 3309 852 3352 casu
883 3308 994 3369 per
1038 3289 1327 3350 fraudem
1369 3287 1630 3349 abduxit
1656 3289 1719 3348 et

211 3387 447 3449 removit
471 3391 790 3466 emptores
836 3404 914 3445 ne
961 3385 1041 3446 ab
1071 3384 1209 3445 aliis
1240 3387 1564 3456 emerent;
1602 3382 1717 3442 ba·

211 3480 342 3541 bent
365 3483 569 3542 autem
606 3481 717 3560 jus
770 3479 877 3541 alii
907 3482 1290 3541 mercatores
1343 3494 1422 3537 ne
1449 3493 1565 3555 per
1588 3474 1715 3536 vim

212 3574 299 3634 vel
319 3574 594 3636 fraudem
636 3577 956 3652 emptores
993 3573 1075 3634 ab
1120 3571 1210 3633 eis
1245 3572 1708 3632 removeantur.

212 3669 287 3727 Ex
311 3668 421 3730 hoc
446 3673 662 3730 tamen
693 3686 816 3729 non
838 3666 1025 3728 credo
1048 3662 1561 3727 condemnandos
1579 3681 1714 3724 esse

213 3777 305 3821 eos
346 3762 445 3841 qui
472 3761 810 3823 artificiose
841 3763 1189 3835 conantur,
1251 3756 1420 3838 quod
1474 3773 1714 3817 merces

214 3871 321 3914 suae
348 3855 631 3916 meliores
658 3855 1010 3933 appareant
1048 3850 1363 3915 mercibus
1408 3849 1709 3924 aliorum3

214 3944 314 4008 hoc
340 3949 499 4008 enim
528 3966 751 4009 omnes
779 3947 1016 4007 faciunt
1046 3964 1061 4005 z
1094 3962 1298 4024 neque
1344 3944 1432 4004 ibi
1477 3946 1573 4005 est
1598 3943 1711 4004 do-

210 4041 293 4101 lus
318 4041 679 4123 implicitus,
735 4057 877 4101 oum
927 4039 1046 4119 ipsi
1092 4057 1209 4100 nec
1236 4039 1423 4100 tacite
1461 4055 1576 4098 nec
1604 4055 1711 4097 ex·

213 4149 400 4210 presse
428 4136 642 4197 dicant
668 4134 959 4194 meliores
989 4149 1164 4209 esse,
1211 4132 1374 4193 sicut
1417 4129 1479 4190 in
1517 4130 1712 4192 altero

213 4243 342 4288 casu
368 4226 878 4289 dicei-evidentur
890 4227 1078 4287 tacite
1106 4243 1250 4286 suas
1270 4241 1512 4285 merces
1532 4223 1713 4284 utiles

215 4336 329 4380 esse
357 4322 431 4380 ad
456 4322 651 4382 talem
694 4320 918 4396 finem,
970 4318 1133 4380 sicut
1178 4318 1315 4379 illas
1343 4335 1483 4397 quae
1512 4317 1576 4376 in
1610 4316 1715 4377 tali

211 4411 330 4474 loco
370 4413 784 4476 communiter
825 4416 1258 4492 exponuntur,
1314 4415 1380 4472 et
1423 4411 1564 4472 ideo
1604 4427 1718 4488 per

214 4504 403 4568 dolum
445 4512 506 4572 et
532 4508 938 4571 mendacium
980 4511 1295 4588 emptores
1346 4505 1427 4567 ad
1471 4524 1537 4567 se
1584 4504 1715 4566 alli·

213 4598 380 4664 ciunt.

2493 804 2550 883 §-
2586 806 2643 867 ι.

1813 1062 2103 1139 Quomodo
2144 1063 2435 1146 obliqetur
2472 1078 2699 1151 emptor
2737 1070 2819 1132 ad
2853 1073 3341 1155 manifestandam

2222 1172 2532 1236 bonitatem
2559 1175 2651 1237 rei
2673 1177 2937 1242 vendz'toe.

1894 1425 2116 1487 Nunc
2092 1446 2229 1507 Jam
2254 1427 2581 1492 videamus
2627 1430 3075 1511 obligationem
3106 1442 3343 1516 empto·

1813 1537 1955 1579 rum
1981 1519 2045 1579 in
2075 1520 2194 1582 hac
2219 1527 2396 1601 parte
2416 1569 2432 1601 ,
2481 1543 2622 1605 quae
2663 1526 2871 1587 minus
2899 1528 3196 1608 frequens
3225 1528 3339 1592 est.

1814 1614 2027 1675 Potest
2053 1617 2265 1676 autem
2294 1635 2431 1677 esse
2459 1617 2710 1698 duplex.
2761 1621 2970 1682 Prima
3015 1628 3108 1684 est
3144 1622 3342 1684 mani-

1817 1705 2092 1768 festandi
2121 1709 2576 1788 perfectionem
2603 1711 2696 1772 rei
2726 1731 2917 1791 quam
2948 1719 3187 1776 emunt.
3243 1718 3347 1777 Se·

1816 1798 2023 1859 cunda
2077 1818 2213 1861 esse
2267 1805 2473 1881 potest
2530 1804 2976 1867 manifestandi
3033 1806 3348 1870 defectum

1816 1892 2000 1970 pretii
2031 1911 2155 1973 quo
2186 1896 2478 1958 offerunt.
2508 1896 2689 1959 Circa
2717 1899 2985 1978 primam
3015 1919 3163 1980 ergo
3196 1920 3348 1964 con-

1814 1985 2077 2047 veniunt
2120 1987 2411 2050 doctores
2455 1991 2656 2052 teneri
2711 1992 3051 2071 aliquando
3107 1998 3351 2073 empto-

1812 2096 1951 2138 rem
1979 2078 2170 2142 etiam
2198 2081 2281 2143 ad
2305 2084 2835 2146 manifestandum
2865 2086 3177 2149 venditori
3204 2088 3349 2148 sim·

1815 2170 1963 2250 plici
2003 2177 2067 2234 et
2110 2174 2331 2253 ignaro
2360 2175 2710 2238 bonitatem
2752 2177 2845 2239 rei
2891 2198 3081 2259 quam
3108 2181 3345 2258 vendit,

1813 2265 1914 2325 vel
1965 2270 2134 2328 certe
2181 2267 2246 2327 in
2294 2272 2436 2330 actu
2489 2270 2760 2333 exercito
2808 2273 3079 2352 pretium
3118 2291 3349 2353 augere

1815 2357 1979 2419 ultra
2023 2358 2087 2418 id
2127 2360 2293 2439 quod
2324 2366 2579 2442 propter
2610 2363 3031 2442 ignorantiam
3059 2367 3350 2428 venditor

1814 2451 1989 2530 petit.
2025 2451 2311 2531 QuandO,
2346 2473 2406 2516 v.
2430 2475 2527 2535 gr.
2559 2457 2828 2518 rusticus
2855 2477 3174 2537 gemmam
3202 2479 3349 2521 ven-

1816 2543 1909 2606 dit
1936 2545 2274 2623 pretiosam
2303 2546 2411 2607 vili
2456 2549 2658 2628 pretio
2690 2590 2708 2626 ,
2767 2551 2915 2630 quia
2959 2552 3183 2613 falsam
3212 2567 3349 2614 esse

1814 2641 1995 2716 putat
2026 2658 2039 2699 :
2091 2639 2192 2700 vel
2230 2640 2283 2700 si
2311 2640 2537 2720 aliquis
2577 2661 2820 2704 merces
2861 2646 3347 2726 semicorruptas

1816 2733 1880 2791 et
1904 2730 2160 2793 vitiosas
2207 2751 2342 2794 esse
2388 2737 2604 2812 putet,
2649 2753 2805 2816 quas
2834 2737 3122 2800 venditor
3151 2757 3349 2817 agno-

1815 2822 1935 2884 scit
1960 2824 2238 2904 integras
2267 2831 2330 2889 et
2356 2845 2540 2889 sanas
2569 2846 2726 2907 esse,
2758 2830 2857 2891 vel
2877 2835 3057 2910 putat
3077 2832 3348 2911 pretium

1816 2934 2149 2979 commune
2205 2938 2340 2981 esse
2396 2920 2616 2982 decem
2670 2940 2815 2984 cum
2859 2924 3144 2986 venditor
3193 2925 3351 2986 sciat

1817 3028 1951 3072 esse
1989 3011 2247 3091 viginta.
2307 3013 2423 3089 Qui
2470 3032 2648 3077 error
2693 3015 2757 3076 in
2804 3016 3049 3078 cambio
3080 3021 3350 3080 monetae

1815 3102 2202 3182 frequentius
2257 3106 2617 3186 contingere
2671 3112 2879 3188 potest
2921 3110 3184 3188 exteriS,
3243 3109 3352 3191 qui

1816 3196 2156 3277 aliquando
2202 3203 2522 3261 monetam
2562 3201 2878 3263 valentem
2924 3204 3144 3283 viginti
3183 3222 3349 3265 cam-

1812 3290 1947 3351 bire
1976 3290 2181 3353 solent
2207 3308 2352 3352 cnm
2368 3292 2681 3373 indigenis
2701 3312 2814 3373 pro
2837 3295 3056 3356 decem
3075 3297 3175 3358 vel
3200 3296 3348 3358 duo-

1817 3381 2040 3443 decim.
2091 3384 2162 3443 In
2191 3382 2289 3445 his
2318 3401 2469 3464 ergo
2520 3389 2584 3447 et
2609 3387 2914 3449 similibus
2943 3389 3193 3450 casibus
3221 3407 3347 3450 em·

1813 3479 1956 3556 ptor
1996 3476 2096 3537 vel
2124 3476 2276 3538 dare
2310 3478 2499 3541 debet
2538 3480 2809 3560 pretium
2843 3482 3083 3560 justum
3125 3482 3347 3545 saltem

1814 3569 2119 3644 infimum,
2148 3571 2246 3631 vel
2265 3571 2666 3635 manifestare
2690 3574 3001 3637 venditori
3021 3575 3347 3655 perfectio-

1812 3681 1959 3723 nem
1987 3664 2079 3724 rei
2108 3681 2299 3744 quam
2326 3665 2590 3728 vendit:
2643 3666 2921 3746 alioquin
2969 3669 3202 3748 emptio
3254 3672 3347 3730 est

1814 3755 2076 3837 injuste,
2126 3775 2273 3819 cum
2314 3771 2440 3820 non
2485 3759 2765 3823 solvatur
2804 3760 3078 3841 pretium
3100 3760 3346 3841 justum

1812 3869 1926 3930 pro
1974 3869 2043 3911 re
2088 3869 2228 3931 quae
2259 3850 2507 3915 emitur.
2542 3852 2845 3916 Videatur
2884 3854 3032 3916 Mol.
3080 3853 3142 3915 d.
3177 3854 3340 3934 disp.

1813 3947 1952 4006 353.
1987 3945 2043 4024 ς.
2079 3959 2164 4007 1v.
2198 3945 2476 4008 conclus.
2520 3946 2648 4009 Sal.
2683 3946 2833 4008 dub.
2866 3963 3077 4009 xxxvl.
3113 3947 3169 4007 ei
3196 3948 3348 4010 Les-

1813 4038 1940 4099 sius
1970 4037 2170 4100 dubit.
2201 4055 2290 4100 xl.
2342 4057 2514 4100 num.
2565 4043 2665 4101 84.
2719 4040 2827 4119 qui
2863 4040 3020 4102 alios
3046 4041 3338 4104 afferunt.

1814 4130 1972 4203 Quia
2000 4135 2212 4192 tamen
2240 4131 2304 4191 in
2333 4131 2429 4193 his
2451 4132 2699 4193 casibus
2726 4152 2852 4193 non
2882 4133 3218 4196 intervenit
3235 4136 3348 4196 do·-

1812 4225 1909 4285 lus
1940 4244 2015 4285 ex
2043 4230 2223 4305 parte
2253 4224 2582 4305 emptoris,
2626 4226 2736 4287 sed
2776 4227 2910 4288 sola
2951 4227 3346 4308 inaequalitas

1814 4318 2032 4397 pretii,
2068 4319 2324 4398 quando
2352 4319 2487 4397 ipse
2515 4323 2760 4398 emptor
2787 4321 3051 4400 positive
3079 4341 3204 4383 non
3233 4324 3347 4383 im-

1814 4411 1991 4491 ponit
2032 4411 2188 4473 falso
2236 4410 2389 4473 vitia
2432 4412 2522 4472 rei
2551 4412 2799 4490 venali,
2850 4413 2998 4475 hinc
3041 4419 3135 4476 est
3175 4416 3346 4495 quod

1812 4504 2156 4566 satistaciat
2192 4504 2402 4566 dando
2439 4505 2712 4583 pretium
2760 4503 3082 4586 infimum,
3132 4509 3282 4572 licet
3312 4529 3346 4571 e

1815 4601 2034 4660 contra
2061 4596 2356 4660 venditor
2400 4616 2522 4659 non
2552 4599 2750 4678 possit
2776 4615 3028 4680 semper
3063 4602 3347 4681 accipere

1814 4691 2087 4772 pretium
2129 4708 2445 4751 summum
2475 4691 2645 4770 quod
2686 4710 2787 4754 res
2814 4694 3040 4756 vitiosa
3073 4701 3350 4759 meretur

1816 4784 2069 4865 quando
2102 4789 2348 4863 emptor
2373 4784 2526 4845 illud
2573 4785 2684 4847 dat
2719 4786 2867 4865 quia
2895 4786 3115 4849 vitium
3145 4787 3348 4849 occul·

1815 4880 1950 4939 tum
1976 4878 2250 4957 ignorat,
2284 4877 2452 4956 quia,
2489 4880 2558 4939 ut
2580 4877 2871 4956 diximus,
2904 4879 3073 4958 quod
3102 4879 3210 4942 det
3223 4898 3348 4940 em-

1814 4974 1960 5049 ptor
2012 4969 2168 5030 illud
2223 4969 2493 5049 pretium
2548 4988 2899 5048 summum,
2957 4971 3248 5051 provenit
3273 4989 3350 5033 ex

1817 5062 1962 5124 dolo
2012 5062 2303 5142 explicito
2360 5062 2461 5122 vel
2506 5061 2810 5142 implicito
2856 5063 3223 5126 venditori&
3284 5065 3350 5126 Si

1815 5160 2031 5217 tamen
2072 5154 2367 5217 venditor
2410 5155 2668 5235 ignarus
2714 5156 3058 5234 interroget
3103 5160 3352 5237 empto-

1817 5266 1953 5308 rem
1980 5248 2189 5326 ipsum
2219 5247 2297 5308 de
2318 5247 2599 5310 bonitate
2629 5253 2693 5309 et
2705 5248 2918 5310 valore
2944 5248 3059 5327 rei,
3092 5249 3355 5313 deberet

1815 5340 2104 5402 venditor
2119 5344 2316 5403 totam
2329 5341 2673 5403 bonitatem
2686 5341 3088 5404 manifestare
3111 5362 3126 5403 ε
3156 5361 3351 5423 quare

1815 5434 1871 5496 si
1920 5433 2094 5495 illam
2119 5434 2221 5496 vel
2249 5440 2549 5514 negaret,
2607 5434 2708 5496 vel
2761 5436 3035 5514 fingeret
3084 5455 3152 5498 se
3208 5454 3352 5498 eam

1816 5527 2110 5608 ignorare
2130 5571 2150 5607 ,
2198 5546 2325 5591 non
2372 5530 2779 5592 excusaretur
2816 5547 2857 5591 a
2901 5528 3068 5596 dolo.
3126 5530 3196 5594 In
3225 5546 3350 5612 quo

3492 1446 3608 1507 136

3395 1570 3665 1626 Emptoran

3395 1584 3543 1668 debeat
3581 1636 3691 1666 v-cn

3395 1678 3455 1722 dit
3442 1678 3692 1721 ton-imani-

3424 1733 3465 1775 ἴε
3466 1730 3667 1774 starerei

3426 1786 3508 1829 bon
3510 1785 3665 1828 itatem.
