4263 6376
682 1668 792 1726 112

633 1793 736 1844 Quid
770 1793 822 1836 de

579 1847 710 1890 fiscali
743 1847 876 1891 dissi-

631 1901 828 1946 mulante.

679 4850 703 4906 1
723 4849 790 4907 13

577 4974 681 5026 Quid
695 4975 736 5015 in
750 4972 872 5015 dubio

668 5040 785 5124 1ιᾶῗῖ

918 292 1032 350 714

919 466 1081 528 citur
1108 470 1409 549 tanquam
1436 469 1797 531 indifferens
1840 471 1921 531 ad
1977 470 2446 548 elucidandam,

919 562 983 620 et
1027 559 1417 638 probandam
1468 562 1796 624 veritatem
1825 581 1841 636 ;
1903 563 2247 624 advocatus
2301 581 2451 624 vero

918 650 1120 711 solum
1135 669 1201 710 se
1228 655 1399 714 tenet
1426 671 1503 714 ex
1529 657 1707 732 parte
1739 655 1921 717 unius
1949 655 2451 734 litigantis,quod

920 741 1252 803 discrimen
1287 745 1527 807 notavit
1552 749 1817 825 August.
1835 748 2015 826 epist.
2049 764 2171 809 mv.
2205 747 2288 808 ad
2324 748 2452 810 Μα-

920 834 1238 913 cedom'um,
1274 844 1335 900 et
1363 837 1631 901 habetur
1651 840 1713 900 in
1737 860 1791 901 c.
1829 841 1978 903 Cum
2005 862 2120 902 non
2150 860 2446 920 sane,xlv.

920 947 982 1007 q.
1013 931 1073 989 ὅ.
1107 934 1357 991 tenetur
1381 935 1593 996 tamen
1622 933 1966 996 advocatus
1995 935 2075 996 ad
2104 935 2230 996 alia
2275 935 2453 996 dam-

922 1040 1024 1097 na,
1058 1026 1127 1083 ut
1150 1021 1313 1085 infra
1340 1024 1693 1086 videbimus
1736 1032 1995 1106 agentes
2024 1028 2103 1088 de
2134 1027 2271 1108 ejus
2300 1028 2452 1090 obli-

919 1113 1191 1193 gatione,
1227 1121 1290 1178 et
1314 1122 1562 1180 tenetur
1592 1119 1783 1181 etiam
1811 1120 1892 1180 ad
1920 1121 2291 1182 solvendam
2320 1140 2454 1200 poe-

925 1225 1095 1283 nam,
1130 1209 1209 1268 ad
1238 1228 1429 1288 quam
1458 1211 1537 1272 ob
1568 1213 1706 1291 ejus
1735 1213 2208 1292 negligentiam,
2260 1215 2454 1293 ipsius

923 1300 1120 1361 cliens
1140 1301 1476 1365 damnatus
1522 1310 1655 1378 est;
1688 1324 1813 1366 non
1846 1310 2055 1367 tamen
2086 1307 2167 1367 ad
2209 1307 2456 1369 restitu-

925 1392 1153 1455 endam
1179 1414 1454 1475 pomam,
1498 1397 1577 1458 ad
1613 1417 1802 1478 quam
1850 1399 2070 1460 fuisset
2123 1400 2457 1461 damnatus

926 1485 1062 1563 ejus
1131 1487 1324 1549 cliens
1385 1489 1503 1549 nisi
1564 1509 1707 1550 eum
1754 1491 2138 1554 defendisset
2183 1498 2251 1555 ut
2306 1493 2456 1554 dixi-

925 1596 1085 1640 mus..

1005 1670 1277 1734 Infertur
1306 1674 1544 1752 ultim0‚
1580 1676 1730 1756 quid
1759 1678 2092 1739 dicendum
2124 1681 2206 1741 sit
2246 1681 2324 1741 de
2353 1683 2456 1743 fis·

926 1764 1042 1824 cali
1067 1784 1085 1837 ;
1110 1767 1394 1847 vasquez
1432 1770 1598 1830 enim
1630 1770 1732 1831 ubi
1755 1790 1946 1849 supra
1974 1792 2035 1833 n.
2074 1777 2171 1835 11.
2196 1774 2368 1851 dicit,
2395 1776 2457 1835 in

926 1855 1060 1935 ipso
1090 1876 1226 1919 esse
1258 1862 1641 1939 peculiarem
1681 1864 1992 1924 rationem
2023 1870 2092 1926 ut
2146 1866 2461 1945 obligetur

925 1950 1005 2010 ad
1061 1953 1516 2015 restitutionem
1572 1974 1775 2033 poenae
1821 1959 1968 2018 fisco
2035 1960 2453 2039 applicandas,

925 2045 1174 2124 quando
1195 2051 1453 2126 propter
1480 2046 1616 2125 ejus
1643 2048 1892 2127 culpam
1924 2069 2048 2109 non
2076 2052 2452 2131 applicatur,

924 2137 1072 2218 quia
1099 2139 1398 2217 peculiari
1426 2141 1668 2202 ratione
1710 2143 2110 2205 constituitur
2156 2151 2222 2206 ut
2276 2151 2458 2224 gerat

924 2248 1140 2291 curam
1164 2233 1320 2309 fisci,
1349 2237 1411 2294 et
1439 2234 1493 2294 ei
1525 2235 1809 2314 acquirat
1835 2237 2143 2316 quidquid
2177 2238 2456 2300 utilitatis

921 2322 1004 2383 ad
1040 2342 1184 2384 eum
1212 2326 1522 2405 pertinere
1553 2333 1757 2407 potest
1788 2350 1800 2390 :
1838 2348 2032 2409 quare
2063 2335 2284 2408 peccat
2311 2349 2455 2392 con-

923 2420 1024 2482 tra
1042 2416 1216 2494 illud,
1250 2419 1418 2496 quod
1446 2422 1597 2481 fisco
1630 2439 1704 2481 ex
1726 2421 1970 2499 justitia
1993 2422 2207 2499 debet,
2243 2425 2295 2484 si
2325 2442 2451 2484 non

919 2516 1216 2588 procurat
1259 2510 1486 2572 deferri
1541 2512 1843 2590 crimina,
1905 2533 1980 2575 ex
2028 2516 2256 2594 quibus
2302 2518 2452 2578 fisco

922 2603 1413 2665 emolumentum
1450 2605 1749 2666 advenire
1779 2611 2004 2686 potest.
2042 2610 2215 2670 Hanc
2262 2611 2452 2671 etiam

921 2697 1290 2758 sententiam
1320 2697 1535 2761 docuit
1587 2700 1834 2759 Bannes
1891 2701 2058 2779 apud
2113 2702 2292 2763 Salas
2345 2703 2453 2764 ubi

920 2808 1109 2868 supra
1138 2809 1201 2851 n.
1250 2794 1381 2852 104.
1418 2793 1554 2870 lpse
1596 2796 1806 2853 tamen
1862 2793 2040 2854 Salas
2093 2796 2452 2874 oppositum

919 2882 1241 2962 probabile
1271 2889 1485 2945 censet
1516 2902 1660 2944 cum
1688 2885 1899 2946 Lessio
1930 2885 1992 2947 d.
2036 2905 2091 2948 c.
2123 2905 2262 2950 xm.
2296 2889 2444 2952 dub.
2487 2909 2493 2914 ·

918 2992 979 3038 x.
1012 2975 1160 3054 quia
1187 2975 1414 3037 fiscalis
1440 2976 1738 3055 primario
1767 2979 1971 3040 solum
2004 2979 2255 3043 videtur
2280 2981 2450 3045 insti-

918 3071 1091 3132 tutus
1145 3067 1226 3129 ad
1263 3069 1618 3129 accusanda
1675 3070 1903 3132 delicta
1959 3091 2036 3133 ne
2081 3073 2257 3151 fiant,
2304 3074 2451 3139 licet

920 3161 1291 3224 secundario
1338 3163 1651 3226 conducat
1686 3164 1768 3226 ad
1795 3165 2031 3227 bonum
2078 3168 2251 3242 fisci;
2297 3188 2449 3249 ergo

918 3254 1080 3315 sicut
1108 3255 1397 3317 custodes
1416 3257 1619 3318 solum
1647 3262 1940 3321 tenentur
1972 3279 2045 3320 ex
2087 3263 2331 3340 justitia
2363 3265 2451 3324 vi-

919 3352 1053 3409 tare
1082 3348 1384 3409 damnum
1429 3350 1793 3429 reipublicae
1842 3371 2033 3432 quam
2062 3356 2446 3434 custodiunt,

920 3459 1037 3501 nec
1065 3444 1356 3503 tenentur
1409 3443 1489 3503 ad
1541 3443 1996 3506 restitutionem
2025 3466 2229 3526 poenae
2260 3468 2450 3528 quam

920 3552 1045 3594 non
1066 3533 1345 3614 exigunt,
1377 3535 1466 3595 sic
1494 3537 1685 3598 etiam
1729 3537 1806 3598 de
1835 3539 2032 3600 fiscali
2067 3540 2313 3602 videtur
2360 3544 2450 3623 di·

919 3627 1211 3704 cendum,
1244 3632 1310 3691 et
1348 3628 1484 3717 liaec
1539 3647 1706 3708 pars.
1730 3630 1981 3693 videtur
2034 3633 2189 3693 mihi
2246 3636 2450 3714 magis

917 3720 1279 3798 probabilis.

1397 4151 1820 4236 sEc'rlo
1892 4154 1972 4238 Χ.

926 4455 1137 4518 Utrum
1167 4458 1347 4522 iudea
1378 4458 1581 4524 debeat
1625 4462 1685 4524 in
1711 4462 1994 4523 sententia
2019 4463 2265 4542 ferenda
2292 4464 2458 4545 sequi

1202 4568 1528 4650 opinionem
1556 4570 1742 4650 maqis
1769 4568 2148 4651 probabdm.

1001 4840 1241 4919 Duplex
1274 4842 1641 4917 potestesse
1676 4837 1935 4898 dubium
1983 4836 2045 4896 in
2077 4854 2289 4898 causa.
2325 4836 2455 4898 Pri-

921 4949 1096 4994 mum
1124 4932 1307 4995 facti:
1368 4931 1717 4991 secundum
1763 4930 1945 5011 juris.
1998 4930 2269 4992 Dubium
2305 4929 2453 4991 facti

806 5040 858 5070 *θ
922 5031 1040 5101 est,
1067 5031 1134 5088 ut
1160 5026 1207 5087 si
1232 5026 1628 5087 dubitaretur
1658 5024 1886 5099 adhuc,
1922 5042 2001 5083 an
2058 5023 2246 5084 homo
2304 5023 2456 5083 fuis-

922 5124 1019 5182 set
1056 5120 1149 5181 sui
1172 5134 1453 5198 compos,
1488 5136 1633 5179 cum
1663 5121 2105 5179 testamentum
2135 5116 2405 5176 confecit
2434 5134 2452 5189 ;

922 5233 1003 5275 an
1031 5213 1229 5276 Titius
1259 5211 1643 5274 commiserit
1681 5211 1804 5273 tale
1861 5210 2183 5286 delictum,
2232 5213 2351 5270 etc.
2395 5210 2459 5269 et

922 5326 1036 5387 pro
1054 5306 1361 5386 eiusmodi
1404 5305 1608 5366 dubiis
1638 5307 1781 5364 sunt
1799 5303 2010 5382 plures
2022 5301 2183 5381 juris
2207 5308 2457 5364 natura-

921 5401 1018 5477 lis,
1051 5404 1113 5462 et
1143 5399 1390 5479 positivi
1409 5398 1816 5477 regulae‚quae
1847 5394 2171 5457 observari
2197 5395 2450 5471 debent,

923 5494 1159 5557 scilicet
1187 5494 1248 5555 in
1279 5492 1470 5555 dubio
1519 5490 1859 5553 favendum
1915 5507 2051 5549 esse
2078 5507 2188 5549 reo
2244 5488 2454 5568 potius

2080 294 2184 354 DF.
2218 295 2572 355 JUSTITIA
2618 294 2718 354 ΕΤ
2759 294 2960 356 JURE

2551 489 2743 550 quam
2771 471 2992 547 actori,
3027 473 3091 531 et
3143 471 3282 531 aliae
3332 469 3586 547 simileS,
3639 487 3781 549 quoe
3838 471 4087 548 proprie

2549 564 2863 644 pertinent
2882 563 2965 625 ad
3000 563 3560 642 juristas.Duhium
3578 563 3741 641 juris
3770 568 4087 642 est,quan·

2550 657 2630 718 do
2661 656 3165 737 dubitatur,quid
3196 655 3526 735 praecipiat
3544 655 3650 735 jus
3677 656 3738 715 in
3772 655 3882 716 tali
3910 674 4084 729 casm

2549 750 2743 812 anlex
2774 750 3149 811 extendatur
3178 750 3278 809 vel
3307 767 3432 810 non
3458 748 3837 809 extendatur
3886 748 3970 807 ad
4000 748 4086 826 ip-

2553 861 2714 913 sum,
2748 845 2868 904 etc.
2903 848 2967 904 et
2996 843 3290 922 utrinque
3319 846 3468 902 sunt
3509 842 3837 921 opiniones
3855 841 4087 920 proba-

2553 936 2713 996 biles
2743 955 2759 1006 ;
2795 936 2874 996 de
2903 936 3024 997 hoc
3070 936 3282 1016 itaque
3313 935 3502 996 dubio
3535 935 3821 1013 procedit
3875 938 4091 994 nostra

2554 1028 2838 1108 quaestio,
2874 1046 2953 1087 an
2988 1032 3137 1089 tunc
3164 1029 3361 1108 possit
3380 1028 3578 1107 judex
3628 1027 3789 1088 ferre
3842 1031 4093 1087 senten-

2551 1122 2702 1183 tiam
2736 1139 2847 1201 pro
2876 1120 3053 1183 libito
3083 1140 3197 1199 pro
3229 1119 3348 1181 hac
3394 1121 3492 1180 vel
3559 1121 3669 1182 illa
3709 1124 3912 1198 parte,
3949 1137 4092 1180 am-

2555 1214 2884 1292 plectendo
2913 1233 3104 1275 unam
3133 1213 3492 1292 opinionem
3550 1212 3943 1292 probabilem
3996 1230 4097 1272 re-

2553 1307 2699 1369 licta
2730 1307 2872 1368 alia.
2907 1306 3086 1370 Unde
3117 1307 3307 1369 etiam
3329 1306 3614 1382 infertur,
3649 1324 3773 1368 non
3805 1305 4007 1385 quaeri
4032 1304 4096 1364 in

2553 1399 2849 1481 praesenti
2911 1418 2992 1460 an
3040 1399 3225 1460 liceat
3247 1399 3449 1477 judici
3491 1400 3671 1478 sequi
3725 1398 4099 1477 opinionem

2557 1491 3878 1572 probabilemrelicta'probabiliori,quando
3909 1490 4098 1550 dubi-

2557 1591 2726 1648 tatur
2753 1605 2833 1646 an
2880 1585 2998 1664 ipsi
3034 1584 3234 1664 judici
3293 1584 3534 1663 aliquid
3604 1585 3818 1645 liceat:
3853 1583 3921 1642 in
3971 1582 4095 1643 hoc

2558 1678 2724 1740 enim
2792 1696 2916 1739 non
2974 1680 3140 1738 esset
3194 1676 3427 1754 pejoris
3477 1676 3857 1737 conditionis
3889 1673 4094 1754 judex

2558 1790 2746 1850 quam
2768 1771 3000 1846 caeteri,
3044 1769 3270 1848 quibus
3299 1770 3446 1831 licet
3474 1770 3726 1849 operari
3771 1787 3917 1830 cum
3962 1768 4094 1846 opi·

2557 1865 2744 1925 nione
2804 1862 3153 1942 probabili;
3187 1862 3299 1922 sed
3369 1863 3633 1942 quaestio
3686 1869 3781 1923 est
3836 1860 4092 1940 quando

2559 1957 2882 2036 opiniones
2917 1960 3247 2017 versantur
3298 1955 3469 2017 circa
3496 1957 3603 2035 jus
3632 1956 3916 2034 ipsorum
3972 1955 4094 2015 liti-

2555 2049 2862 2127 gantium,
2885 2067 2966 2109 an
2998 2052 3144 2108 tunc
3167 2048 3363 2126 judex
3392 2047 3623 2110 debeat
3645 2048 3941 2127 judicare
3980 2065 4089 2126 pro

2555 2141 2659 2202 illo
2689 2142 2866 2219 cujus
2896 2159 3040 2218 pars
3087 2140 3280 2200 habet
3330 2140 3393 2200 in
3434 2139 3576 2219 jure
3606 2138 3916 2219 majorem
3954 2157 4089 2217 pro-

2555 2234 2967 2295 habilitatem.

2638 2326 2847 2388 Prima
2873 2327 3185 2388 sententia
3228 2327 3438 2403 docet,
3473 2326 3732 2406 quando
3762 2330 3861 2388 est
3913 2343 4087 2404 aeque
4199 2342 4216 2398 1

2554 2419 2877 2499 probabile
2898 2420 3005 2498 jus
3031 2418 3360 2499 utriusque
3408 2420 3625 2498 partiS‚
3660 2418 3950 2497 judicem
3982 2435 4086 2496 pro

2554 2516 2778 2574 neutra
2818 2530 3000 2590 posse
3026 2511 3354 2591 judicare;
3388 2512 3500 2572 sed
3546 2511 3779 2571 debere
3833 2510 3936 2570 vel
3979 2510 4089 2571 liti·
4167 2532 4218 2571 tw

2549 2609 2770 2684 gantes
2798 2621 3197 2683 componere,
3229 2604 3328 2664 vel
3359 2604 3641 2664 dividere
3661 2622 3798 2664 rem
3826 2602 3992 2664 inter
4017 2603 4083 2662 il·

2549 2698 2773 2774 IOS,vel
2793 2698 2847 2758 si
2878 2697 3064 2759 fuerit
3088 2697 3504 2775 indivisibilis,
3538 2697 3823 2757 dividere
3850 2703 4085 2774 partem

2550 2791 2886 2866 fructuum,
2908 2790 3005 2850 vel
3039 2789 3246 2850 facere
3267 2789 3458 2849 aliam
3482 2790 4080 2868 compensationem.

2550 2886 2725 2944 Hanc
2754 2883 2940 2945 docet
2989 2884 3238 2943 Bannes
3293 2882 3353 2941 in
3411 2883 3704 2961 praesenti
3750 2902 3814 2962 q.
3878 2883 4083 2946 LXlll.

2550 2980 2668 3038 art.
2702 2993 2789 3037 ιν.
2826 2975 2974 3036 dub.
3023 2977 3076 3036 1.
3114 2974 3280 3035 circa
3307 2974 3685 3037 solutionem
3725 2975 3807 3034 ad
3868 2993 4084 3035 secun·

4139 2574 4220 2666 {3-

2551 3069 2728 3145 dum,
2764 3086 2920 3147 quos
2950 3068 3233 3148 sequitur
3258 3067 3480 3130 Jacob.
3515 3068 3811 3129 Granado
3842 3068 3906 3126 in
3934 3073 3992 3128 2.
4025 3070 4081 3127 Ξ.

2549 3162 2612 3223 in
2642 3161 2905 3224 materia
2932 3159 3000 3223 de
3027 3160 3248 3222 actibus
3270 3160 3559 3235 liumam's,
3594 3165 3712 3223 tra.
3747 3162 3884 3223 ΧΠ.
3927 3160 4081 3240 disp.

2550 3273 2635 3317 lv.
2672 3275 2733 3317 n.
2766 3258 2864 3317 39.
2892 3254 3040 3334 quia
3055 3273 3199 3316 cum
3215 3254 3541 3334 opiniones
3568 3259 3717 3316 sunt
3744 3273 3927 3335 aeque
3948 3272 4089 3333 pro-

2546 3348 2809 3424 babileS,
2843 3347 3082 3427 aequale
3100 3354 3194 3409 est
3212 3347 3339 3427 ju8‚
3372 3366 3448 3409 ac
3475 3348 3746 3408 subinde
3806 3366 3927 3409 non
3985 3365 4087 3407 ca-

2548 3446 2644 3504 ret
2670 3445 2928 3521 peccato
2958 3440 3271 3502 declinare
3302 3441 3504 3520 magis
3534 3441 3595 3501 in
3630 3459 3822 3501 unam
3846 3446 4086 3519 partem

2549 3554 2739 3614 quam
2765 3534 2827 3594 in
2862 3534 3070 3610 aliam,
3107 3538 3363 3613 propter
3390 3534 3737 3596 amicitiam
3772 3535 3869 3595 vel
3897 3535 4085 3595 aliam

2548 3644 2804 3688 causam
2832 3626 3198 3688 indebitam.

2629 3719 2923 3782 Secunda
2948 3720 3262 3781 sententia
3289 3724 3572 3782 extrema
3602 3719 3809 3797 docet,
3844 3739 3971 3781 non
3999 3739 4090 3781 so-

2548 3814 2704 3890 lum,
2790 3812 3043 3891 quando
3106 3818 3253 3874 sunt
3297 3832 3475 3892 aeque
3534 3813 3913 3892 probabileS,
3981 3813 4089 3874 sed

2551 3905 2794 3969 etiamsi
2842 3923 2970 3965 una
2997 3904 3077 3968 sit
3103 3905 3512 3984 probabilior,
3575 3924 3760 3984 posse
3805 3905 4088 3985 judicem

2547 3999 2844 4077 amplecti
2871 3998 3233 4076 opinionem
3262 3998 3645 4060 contrariam
3690 3997 3905 4059 minus
3935 4016 4082 4077 pro·

2550 4092 2845 4168 habilem,
2880 4096 2944 4153 et
2987 4090 3333 4152 secundum
3363 4110 3501 4152 eam
3523 4091 3839 4171 judicare,
3873 4092 4089 4152 relicta

2549 4185 2979 4265 probabiliori.
3037 4186 3131 4246 Ita
3184 4184 3414 4246 docent
3471 4185 3747 4261 Medma,
3806 4187 4085 4263 Aragon,

2553 4278 2764 4354 Salon,
2799 4283 2862 4339 et
2910 4280 3074 4339 Petr.
3110 4277 3188 4338 de
3236 4277 3456 4339 LedeS.
3493 4296 3654 4357 quos
3682 4278 3890 4339 refert
3939 4280 4091 4340 San-

2553 4371 2706 4433 chez
2756 4371 2863 4432 lib.
2926 4373 2975 4433 l.
3031 4372 3091 4430 in
3121 4370 3325 4433 Dec-al.
3358 4390 3413 4432 c.
3449 4388 3534 4433 lx.
3568 4391 3631 4432 n.
3662 4375 3766 4433 46.
3800 4370 4091 4432 eamdem

2552 4465 2834 4544 sequitur
2862 4465 3040 4528 Salas
3068 4470 3221 4526 tom.
3256 4482 3299 4526 1.
3334 4464 3398 4525 iu
3450 4468 3572 4526 la.
3634 4468 3713 4527 tr.
3746 4481 3888 4527 vui.
3923 4464 4086 4541 disp.

2556 4559 2739 4619 unica
2769 4577 2832 4620 n.
2892 4562 2990 4620 72.
3023 4560 3221 4620 Lorca
3277 4558 3490 4635 etiam,
3550 4558 3876 4633 Martium,
3922 4558 4086 4618 Delr.

2546 4653 2578 4713 J
2588 4668 2728 4712 oan.
2764 4651 2993 4716 Sanch.
3028 4656 3092 4713 et
3120 4652 3247 4727 alii,
3282 4669 3438 4730 quos
3467 4651 3757 4728 congerit
3800 4651 4013 4711 Diana
4041 4667 4087 4712 1.

2551 4747 2706 4805 tom.
2765 4761 2829 4805 11.
2908 4763 2970 4822 p.
3043 4749 3222 4806 tract.
3297 4743 3368 4804 de
3433 4763 3705 4825 opimone
3766 4742 4089 4824 pmbabdz,

2634 4931 2845 4993 Tertia
2872 4931 3183 4993 sententia
3211 4931 3415 5006 docet,
3451 4948 3596 4991 cum
3652 4930 3884 5010 aequali
3946 4949 4095 5011 pro·

2553 5024 2878 5086 habilitate
2907 5042 3089 5102 posse
3112 5023 3393 5101 judicem
3450 5023 3681 5101 eligere
3732 5042 3932 5103 quam
3990 5041 4095 5085 vo-

2553 5116 2740 5178 luerit
2767 5120 3034 5195 partem,
3068 5133 3208 5176 cum
3239 5115 3532 5195 inaequali
3579 5134 3706 5176 non
3737 5134 3954 5193 posse,
3986 5115 4094 5175 sed

2555 5210 2784 5272 debere
2805 5208 3036 5288 eligere
3084 5213 3326 5285 partem
3357 5207 3875 5286 probabiliorem.
3923 5210 4095 5268 Hanc

2553 5305 2770 5365 tenent
2797 5303 3004 5377 Sotus‚
3065 5301 3308 5362 Valent.
3367 5300 3639 5377 Manuel,
3698 5299 4090 5372 Ledesmius,

2554 5396 2745 5473 Vasq.
2778 5396 2962 5470 Amr,
2996 5411 3153 5472 quos
3181 5393 3373 5453 refert
3416 5397 3482 5454 et
3533 5392 3817 5471 sequitur
3848 5392 4087 5454 Sancb.

2554 5488 2661 5549 ubi
2689 5505 2877 5566 supra
2908 5506 2967 5548 n.
3017 5490 3115 5546 47.
3151 5488 3216 5547 et
3242 5484 3378 5545 haec
3424 5484 3679 5545 videtur
3733 5486 4093 5546 communis
