4263 6376
571 3987 645 4047 12

495 4113 572 4167 Qui
590 4115 748 4169 possint
1594 4161 1606 4173 .
1979 4161 1991 4174 .
2184 4161 2196 4173 .

487 4168 754 4277 '213²ssssth
818 4160 911 4219 est
940 4161 1159 4220 contra
1178 4158 1417 4221 bonum
1435 4160 1781 4239 publicum,
1814 4160 1996 4222 multi
2015 4160 2351 4239 prohiben-

567 4288 678 4321 cum.

828 341 947 399 748

829 515 993 578 niter
1025 521 1087 579 et
1113 519 1321 581 verius
1364 538 1564 600 usque
1610 522 1692 583 ad
1740 526 2035 602 quartum
2062 524 2354 603 gradum.

830 610 1268 674 Fundamenta
1296 617 1360 675 et
1405 618 1693 677 auctores
1721 616 1865 677 vide
1911 618 2078 696 apud
2113 620 2364 696 Fagun-

831 702 946 763 dez
973 710 1287 784 praecepto
1317 708 1475 770 VIII.
1511 727 1565 769 c.
1600 725 1816 771 XLVIII.
1855 728 1919 772 n.
1956 713 2051 773 10.
2087 711 2362 772 Clericus

828 814 977 858 vero
1007 815 1134 859 non
1176 802 1383 877 potest
1422 819 1679 862 suorum
1725 802 1987 882 injurias
2038 804 2356 884 prosequi,

828 888 940 950 sed
967 908 1113 951 suas
1142 892 1344 952 solum
1386 893 1450 954 in
1482 913 1674 957 causa
1716 897 2063 975 sanguiniS,
2119 896 2269 977 quia
2296 897 2361 958 id

827 983 1027 1044 solum
1073 983 1129 1044 ei
1175 986 1541 1049 conceditur
1589 989 1653 1049 in
1702 1008 1756 1051 c.
1791 1006 1860 1051 11.
1913 988 1982 1051 de
2027 989 2357 1068 homicidio,

828 1078 1279 1154 protestatione
1325 1083 1538 1142 tamen
1580 1082 1767 1160 facta,
1819 1084 1991 1163 quod
2028 1084 2111 1146 ad
2157 1084 2364 1147 vindi-

827 1174 993 1231 ctam
1017 1171 1116 1231 vel
1143 1191 1400 1251 poenam
1445 1176 1768 1255 sanguinis
1800 1195 1923 1239 non
1972 1196 2361 1257 conqueran-

828 1265 949 1338 tur,
983 1267 1052 1325 ut
1080 1265 1240 1327 bene
1267 1267 1497 1344 probat
1527 1270 1865 1348 Fagundez
1892 1270 1979 1331 ibi
2027 1290 2135 1332 nu.
2173 1275 2268 1333 12.
2298 1277 2363 1334 et

828 1358 922 1417 13.
958 1359 1108 1419 tunc
1137 1363 1349 1422 autem
1396 1380 1521 1423 non
1549 1381 1735 1443 posse
1764 1382 2086 1442 accusare,
2119 1365 2230 1426 sed
2260 1383 2362 1426 so-

823 1448 955 1510 lum
1011 1451 1402 1531 denuntiare,
1463 1457 1759 1535 supponit
1807 1457 2037 1520 Sanch.
2091 1458 2199 1520 lib.
2251 1461 2353 1521 VI.

828 1539 1002 1606 Cous.
1035 1561 1091 1606 c.
1126 1562 1170 1608 1.
1207 1546 1358 1609 dub.
1390 1564 1533 1611 xXX.
1570 1568 1676 1611 nu.
1711 1554 1770 1612 3.
1830 1550 1952 1614 Alii
1985 1555 2197 1613 tamen
2228 1570 2356 1614 non

823 1643 1174 1713 agnoscunt
1240 1658 1380 1700 eam
1451 1641 1873 1706 differentiam
1895 1690 1913 1721 ,
1987 1644 2100 1705 sed
2171 1662 2357 1706 accu-

824 1729 1132 1791 sationem
1174 1733 1366 1796 etiam
1410 1738 1785 1814 concedunt,
1843 1739 2010 1800 facta
2054 1739 2360 1817 praedicta

824 1826 1294 1905 protestatione,
1325 1832 1388 1891 et
1416 1830 1608 1891 verba
1642 1834 1846 1893 textus
1871 1831 1935 1892 in
1964 1832 2027 1894 d.
2060 1850 2115 1894 c.
2151 1850 2221 1895 11.
2254 1852 2360 1912 ge-

825 1917 1062 1980 neralia
1077 1925 1241 1996 sunt,
1276 1919 1429 1984 dicit
1451 1923 1619 1983 enim
1659 1943 1673 1985 :
1717 1945 1744 1980 «
1765 1925 2097 1997 Querelam
2127 1927 2206 1987 de
2229 1926 2358 1987 suis

821 2010 1327 2074 malefactoribus
1356 2014 1741 2095 deponentes
1762 2021 1985 2097 petunt
2014 2019 2352 2081 emendam

823 2101 939 2163 sibi
987 2104 1144 2181 fieri,
1186 2110 1249 2168 et
1274 2109 1617 2186 provideri,
1671 2129 1750 2170 ne
1781 2114 2001 2173 contra
2047 2130 2155 2174 eos
2205 2113 2356 2175 talia

822 2194 901 2256 de
933 2201 1163 2261 caetero
1193 2207 1678 2277 praesumantur.
1720 2222 1751 2265 ι
1786 2206 1990 2277 Quare
2021 2206 2357 2285 Fagundez
2436 2248 2450 2261 .

822 2288 927 2350 ubi
959 2308 1148 2369 supra
1177 2311 1284 2357 nu.
1317 2297 1412 2356 11.
1447 2299 1510 2357 et
1538 2298 1634 2357 12.
1688 2297 2070 2359 accusationes
2099 2299 2354 2361 nomine

820 2381 1187 2462 simpliciter
1228 2387 1442 2449 utitur.
1505 2389 1628 2451 Sed
1672 2393 1883 2451 tamen
1934 2409 2079 2452 cum
2128 2392 2356 2472 majori

819 2477 1202 2555 proprietate
1247 2480 1496 2543 videtur
1523 2483 1695 2562 loqui
1727 2484 1957 2546 Sanch.
2010 2504 2155 2546 cum
2186 2486 2353 2546 enim

820 2574 1148 2633 accusator
1199 2572 1440 2637 deferat
1498 2575 1739 2637 crimen
1777 2577 1977 2656 judici
2028 2578 2107 2639 ad
2155 2578 2353 2640 vindi-

821 2665 986 2723 ctam
1017 2666 1079 2725 et
1106 2683 1381 2745 poenam,
1435 2667 1705 2731 clericus
1734 2688 1859 2731 non
1889 2671 2141 2750 proprie
2168 2690 2355 2734 accu-

819 2758 917 2817 sat
942 2756 1009 2816 in
1034 2756 1345 2836 ejusmodi
1373 2761 1598 2837 causiS,
1633 2780 1778 2824 cum
1799 2763 2028 2825 debeat
2047 2768 2352 2842 protesta-

819 2848 1055 2911 tionem
1085 2850 1291 2915 facere
1341 2872 1726 2933 expressam,
1782 2860 1851 2918 ut
1888 2861 2133 2920 constat
2177 2877 2252 2919 ex
2283 2859 2344 2920 d.

819 2958 874 3002 c.
910 2959 979 3004 11.
1011 2944 1172 3025 quod
1185 2945 1267 3006 ad
1290 2947 1626 3025 vindictam,
1658 2967 1758 3010 seu
1775 2968 2013 3030 poenam
2043 2951 2352 3032 sanqm'm's

816 3053 931 3095 non
959 3036 1279 3117 intendunt,
1331 3042 1501 3120 quod
1547 3042 1718 3104 idem
1747 3046 1993 3104 constat
2037 3063 2113 3104 ex
2142 3044 2351 3106 verbis

815 3129 1338 3209 praecedentibuS,
1373 3134 1599 3213 quibus
1619 3152 1826 3196 sermo
1858 3138 1952 3198 est
1971 3135 2049 3196 de
2080 3136 2344 3214 clericiS‚

826 3244 855 3280 «
875 3224 983 3302 qui
1010 3223 1096 3293 de
1119 3225 1245 3286 suis
1275 3226 1784 3289 malefactoribus
1804 3229 2126 3308 querelam
2156 3248 2350 3309 penes

816 3316 1886 3400 saecularemjudicemdeponenteS,
1909 3326 2130 3402 petunt
2141 3341 2350 3385 emen-

816 3410 964 3471 dam
993 3410 1112 3472 sihi
1139 3412 1276 3473 ficri
1305 3417 1367 3474 et
1394 3413 1733 3492 provideri,
1766 3433 1845 3476 ne
1875 3418 2096 3477 contra
2120 3434 2230 3478 eos
2258 3419 2350 3478 ta-

813 3502 896 3563 lia
926 3502 1004 3565 de
1035 3506 1261 3566 caetero
1292 3510 1774 3585 praesumantur.
1803 3530 1832 3567 »
1872 3511 2008 3569 Non
2029 3526 2181 3587 ergo
2205 3527 2349 3569 con-

815 3600 1165 3676 queruntur
1192 3598 1274 3660 ad
1302 3599 1645 3662 vindictam
1693 3604 1755 3664 et
1795 3620 2074 3682 poenam,
2124 3602 2238 3663 sed
2266 3602 2349 3663 ad

815 3690 1166 3751 remedium
1220 3697 1479 3771 propter
1533 3694 1933 3756 securitatem
1996 3695 2341 3774 propriam,

815 3784 984 3864 quod
1013 3803 1135 3846 non
1165 3790 1259 3847 est
1278 3787 1529 3867 proprie
1558 3804 1854 3850 accusare
1875 3788 1986 3850 sed
2007 3789 2347 3869 implorare

809 3875 1040 3956 judicis
1069 3878 1367 3941 officium.

898 3970 1160 4043 Quando
1206 3989 1355 4034 vero
1401 3977 1730 4036 accusator
1778 3991 1904 4035 non
1948 3975 2351 4055 prosequitur

817 4081 1018 4141 suam,
1077 4064 1179 4125 vel
1206 4084 1465 4128 suorum
1511 4066 1834 4146 injuriam,
1895 4067 2006 4129 sed
2038 4071 2349 4147 quatenus

814 4253 918 4311 tur
944 4267 1264 4329 accusare,
1318 4272 1476 4333 quos
1514 4254 1801 4333 congerit
1847 4254 2058 4331 glossa
2088 4254 2152 4314 in
2184 4272 2239 4316 c.
2278 4254 2355 4316 Si

816 4342 1122 4423 leqitimus,
1155 4342 1225 4404 de
1251 4355 1505 4408 accusat.
1556 4350 1793 4426 Nempe
1835 4346 2091 4424 femina,
2144 4349 2351 4428 pupil-

812 4439 932 4515 luS‚
965 4436 1353 4515 criminosus,
1389 4439 1662 4516 infamis,
1712 4440 2113 4517 subornatuS,
2167 4441 2353 4502 sorti-

812 4531 1012 4611 leguS‚
1045 4549 1285 4609 servus,
1310 4531 1514 4610 miles,
1546 4533 1860 4612 princeps,
1884 4533 2169 4611 libertuS,
2200 4552 2352 4612 pau-

812 4644 947 4707 per,
998 4625 1204 4687 socius
1233 4624 1534 4704 criminis,
1582 4626 1893 4703 inimicus,
1948 4627 2232 4704 clericuS,
2271 4626 2352 4687 de

822 4718 1198 4798 quibuslate
1227 4723 1426 4797 agunt
1453 4719 1822 4800 jurisperiti.
1882 4721 1981 4781 An
2029 4738 2180 4782 vero
2226 4738 2353 4781 non

821 4813 1024 4874 solum
1051 4811 1242 4888 cives,
1299 4812 1410 4872 sed
1441 4813 1632 4874 etiam
1661 4813 1963 4890 forenses,
2014 4813 2260 4894 possint
2287 4813 2355 4873 in

823 4905 1134 4986 ejusmodi
1180 4904 1446 4983 publicis
1489 4904 1730 4967 delictis
1778 4923 2100 4983 accusare,
2163 4906 2355 4966 variae

823 5003 969 5060 sunt
997 4998 1320 5078 opiniones
1347 4998 1517 5076 apud
1538 4998 1820 5077 juristas,
1857 5016 2015 5078 quas
2040 5000 2221 5060 affert
2243 5002 2357 5061 Fa-

823 5092 1020 5171 gund.
1054 5090 1118 5152 d.
1153 5108 1207 5152 c.
1242 5107 1456 5153 XLVIII.
1492 5111 1596 5153 nu.
1634 5094 1691 5153 1.
1740 5091 2183 5153 affirmativam
2214 5111 2359 5153 sen-

825 5186 1087 5248 tentiam
1118 5203 1243 5246 non
1272 5185 1408 5246 sine
1456 5185 1622 5246 bono
1657 5184 2069 5248 fundamento
2119 5186 2359 5265 ample-

822 5298 959 5341 xus.
995 5278 1176 5340 Adde
1204 5296 1280 5340 ex
1311 5278 1542 5341 Sanch.
1574 5278 1680 5340 ubi
1711 5298 1924 5359 supra,
1969 5279 2203 5341 laicum
2233 5298 2359 5341 non

823 5391 1008 5452 posse
1038 5372 1297 5434 clericos
1327 5390 1648 5448 accusare,
1709 5373 1827 5433 nisi
1872 5376 2133 5453 propter
2178 5391 2359 5435 suam

826 5467 927 5527 vel
973 5483 1233 5527 suorum
1287 5465 1606 5545 injuriam,
1654 5466 1756 5527 vel
1801 5466 1866 5526 in
1917 5467 2104 5528 certis
2153 5466 2360 5527 crimi-

829 5559 1037 5635 nibus,
1096 5562 1166 5621 ut
1211 5554 1456 5629 haeresi,
1514 5555 1679 5620 loesee
1708 5559 2075 5638 majestatis,
2109 5560 2362 5622 sacrile-

1989 345 2093 406 DE
2135 345 2491 409 JIJSTITIA
2535 348 2636 409 ET
2679 349 2877 410 JURE

2458 524 2586 603 gio,
2619 525 2907 602 simonia,
2942 547 3017 590 ex
3047 529 3351 592 Silvestre
3381 533 3564 593 verb.
3614 533 3862 610 σίνηαι,
3900 556 3984 616 qu.

2459 633 2555 679 111.
2616 619 2900 683 subditos
2960 622 3152 684 etiam
3220 643 3345 685 non
3414 644 3606 703 posse
3680 628 3988 706 praelatum

2461 729 2779 790 accusare,
2826 732 2942 775 nec
2969 734 3189 778 servos
3219 717 3575 782 dominum.
3628 722 3915 801 Denique
3940 723 3989 783 hi

2459 822 2701 882 omnes,
2735 806 2843 887 qui
2872 807 2951 869 ab
2982 810 3384 873 accusatione
3407 813 3838 891 repelluntur,
3886 835 3988 876 non

2460 898 2875 978 prohibentur
2928 901 3322 981 denuntiare,
3359 906 3489 967 imo
3518 906 3875 987 aliquando
3919 915 3990 969 te

2462 995 2707 1069 nentur,
2759 997 2830 1055 ut
2876 1013 3019 1056 cum
3048 996 3371 1077 cajetano,
3407 1000 3588 1079 Soto,
3639 1003 3706 1063 et
3732 1000 3873 1063 aliis
3896 1021 3990 1064 no-

2459 1087 2553 1147 tat
2573 1085 2744 1149 idem
2772 1088 3004 1152 Sanch.
3034 1089 3120 1152 ihi
3152 1109 3215 1153 n.
3249 1096 3308 1154 2.

2938 1513 3362 1602 SBGTIo
3444 1518 3540 1601 11.

2456 1814 2546 1878 De
2572 1815 3107 1897 denuntiatore,ubi
3128 1820 3200 1882 de
3228 1821 3589 1903 obb'qatione
3616 1823 3987 1889 deamat·

2669 1944 2745 1986 ex
2771 1925 2987 2001 edictas,
3010 1928 3102 1989 vel
3116 1937 3413 2011 proecepto
3440 1931 3795 2012 super-ubas.

2536 2193 3052 2274 Supponendum‚
3086 2198 3645 2262 denuntiationem
3702 2221 3838 2264 esse
3888 2204 3981 2265 tri-
4084 2235 4125 2292 η

2451 2285 2698 2363 plicem.
2734 2289 2944 2350 Prima
2969 2295 3066 2354 est
3091 2294 3604 2373 evangelica,seu
3637 2297 3978 2373 christiana,
4118 2361 4123 2372 ,

4144 1225 4153 1470 *an-*1*

2454 2394 2579 2459 qua
2606 2380 3006 2445 denuntiator
3032 2386 3301 2448 intendit
3339 2389 3553 2449 solum
3611 2391 3851 2451 bonum
3876 2393 3981 2452 fra·
4014 2355 4154 2486 m

2452 2473 2566 2534 tris
2594 2474 2966 2554 denuntiati,
2999 2483 3062 2540 et
3087 2479 3229 2541 ideo
3260 2482 3644 2545 recurritad
3674 2486 3979 2564 praelatum

2450 2566 2552 2627 vel
2604 2570 3013 2649 superiorem,
3067 2577 3136 2634 ut
3162 2573 3243 2633 ad
3298 2579 3579 2654 patrem,
3628 2584 3705 2640 ιιι
3758 2579 3979 2640 subdito

2454 2663 2756 2725 consulat.
2793 2666 2879 2725 De
2912 2664 3029 2727 hac
3057 2671 3271 2729 autem
3296 2686 3425 2729 non
3454 2669 3788 2749 loquimur
3812 2691 3976 2747 nunc,

2450 2755 2601 2834 quia
2627 2774 2752 2817 non
2780 2758 3051 2836 pertinet
3064 2760 3145 2819 ad
3165 2760 3431 2840 judicia,
3458 2763 3543 2823 de
3574 2765 3810 2843 quibus
3836 2784 3981 2825 nunc

2451 2847 2716 2927 agimuS,
2753 2851 2921 2913 etde
2975 2870 3051 2912 ea
3104 2855 3425 2932 agendum
3467 2856 3537 2916 in
3598 2861 3872 2920 tractatu
3912 2859 3977 2917 de

2450 2940 2775 3004 charitate.
2840 2945 3132 3006 Secunda
3183 2947 3547 3025 appellatur
3607 2950 3979 3012 denuntiatio

2449 3035 2777 3113 canonica,
2806 3055 2931 3116 qua
2970 3038 3349 3102 denuntians
3405 3043 3685 3104 recurrit
3710 3043 3791 3103 ad
3818 3063 3981 3123 supe-

2448 3128 2680 3190 riorem
2719 3131 2812 3194 vel
2830 3130 3133 3211 judicem,
3166 3151 3293 3196 non
3321 3140 3394 3198 ut
3424 3136 3675 3214 puniat,
3739 3156 3853 3199 nec
3894 3137 3970 3199 in·

2447 3223 2713 3285 tendens
2741 3225 3105 3304 vindictam,
3137 3229 3250 3289 sed
3304 3233 3374 3290 ut
3424 3230 3565 3309 ipse
3592 3249 3714 3311 pro
3744 3250 3982 3292 munere

2448 3334 2560 3377 suo
2580 3317 2887 3396 impediat
2909 3319 3215 3380 damnum
3241 3339 3585 3383 commune
3642 3343 3725 3384 ex
3776 3324 3977 3386 delicto

2444 3407 2798 3487 imminens,
2831 3412 2930 3472 vel
2959 3412 3223 3492 alicujus
3252 3415 3509 3492 privati,
3546 3435 3749 3496 quam
3800 3418 3975 3496 aliqui

2446 3501 2513 3562 in
2530 3502 2736 3564 latiori
2763 3504 3221 3583 significatione
3251 3513 3483 3570 vocant
3514 3509 3861 3589 aliquando
3887 3510 3977 3570 de·

2449 3596 2907 3659 nuntiationem
2924 3597 3323 3678 judicialem,
3357 3602 3511 3681 quia
3543 3620 3675 3664 non
3706 3605 3777 3665 fit
3813 3622 3979 3681 supe—

2447 3688 2618 3765 riori,
2655 3694 2724 3751 ut
2770 3691 2955 3770 patri,
3006 3692 3118 3753 sed
3146 3697 3216 3754 ut
3234 3693 3461 3773 judici,
3496 3700 3565 3756 et
3615 3701 3691 3756 ιιι
3746 3696 3975 3757 habenti

2448 3786 2822 3861 potestatem
2865 3787 2928 3845 et
2980 3802 3199 3846 curam
3256 3786 3601 3864 publicam.
3638 3790 3852 3850 Tertia
3896 3794 3977 3848 est

2449 3876 2839 3937 denuntiatio
2884 3878 3135 3955 proprie
3158 3877 3499 3957 judicialia,
3536 3900 3672 3960 qna
3724 3882 3979 3943 desa-un

2450 3970 2686 4031 crimen
2707 3968 2928 4049 judici,
2961 3975 3031 4032 ut
3057 3970 3190 4050 ipse
3224 3990 3298 4032 ex
3327 3991 3442 4033 suo
3471 3992 3749 4036 munere
3780 3976 3976 4055 puniat

2449 4062 2940 4142 delinquentem,
2976 4082 3165 4143 quem
3194 4069 3407 4126 tamen
3450 4065 3843 4129 denuntians
3868 4085 3973 4128 non

2448 4156 2582 4218 vult
2606 4173 2926 4232 accusare,
2961 4174 3076 4218 nec
3104 4156 3313 4218 facere
3348 4175 3613 4219 causam
3645 4179 3852 4236 suam,
3880 4159 3974 4219 sed

2448 4250 2514 4310 id
2539 4251 2741 4311 totum
2767 4248 3307 4329 relinquitjudicis
3336 4268 3529 4327 curae,
3565 4258 3638 4315 ut
3694 4255 3829 4333 ipse
3878 4270 3975 4314 suo

2448 4342 2696 4403 muneri
2722 4341 3084 4405 satisfaciat.

2529 4438 2662 4497 Hoc
2691 4436 3031 4516 supposito,
3079 4436 3420 4498 dicendum
3473 4441 3594 4515 est,
3656 4440 3789 4501 fere
3838 4456 3976 4499 nuu-
4076 4447 4115 4504 ll

2453 4547 2642 4610 quam
2671 4548 2806 4590 esse
2833 4529 3089 4608 privatis
3120 4530 3572 4610 obligationem
3618 4533 3978 4594 denuntians·
4008 4576 4055 4615 Α,
4074 4584 4103 4609 ,2
4126 4568 4153 4605 2

2454 4624 2519 4686 di
2536 4622 2953 4703 judicialiter:
2985 4623 3250 4703 quilibet
3282 4626 3453 4686 enim
3504 4627 3815 4689 satisfacit
3860 4642 3974 4687 sue

4022 4637 4153 4722 „2-

2454 4715 2817 4796 obligationi
2872 4716 3038 4779 facta
3092 4716 3571 4781 denuntiatione
3653 4721 3971 4793 canonica,
4021 4735 4153 4787 »fle-³·

2455 4829 2580 4891 qua
2607 4809 2893 4872 notitiam
2919 4809 3031 4872 dat
3049 4811 3276 4891 judici,
3336 4816 3399 4873 et
3458 4815 3801 4877 committit
3857 4815 3977 4893 ejus

2453 4903 2802 4985 prudentiae
2833 4903 2985 4983 quid
3010 4905 3149 4964 fieri
3190 4909 3501 4984 oporteat.
3555 4907 3869 4969 Officialoe
3892 4913 3977 4968 ta·

2453 4993 2868 5077 men,quibus
2898 5015 2975 5056 ex
3027 4996 3233 5058 officio
3299 4998 3612 5062 incumbit
3651 5017 3977 5080 procurare

2455 5095 2525 5154 ut
2571 5090 2799 5152 delicta
2849 5090 3211 5169 puniantur,
3269 5095 3569 5154 tenentur
3612 5095 3981 5175 judicialiter

2457 5183 2848 5260 denuntiare,
2880 5187 2950 5245 ut
2988 5185 3256 5262 fiscales,
3291 5187 3610 5262 custode5‚
3633 5188 3897 5266 syndici,
3926 5194 3977 5246 et

2457 5278 2563 5342 alii
2605 5277 2688 5339 ad
2744 5276 2865 5338 hoc
2919 5294 3147 5339 munus
3203 5278 3515 5358 deputati.
3574 5283 3792 5344 Caeteri
3844 5299 3979 5341 vero

2457 5376 2607 5435 tunc
2648 5371 2850 5432 solum
2872 5388 2947 5431 ex
2972 5389 3038 5431 se
3066 5374 3368 5434 tenentur
3411 5374 3711 5434 canonice
3758 5376 3981 5435 denun-

2458 5466 2638 5542 tiare,
2672 5463 2923 5545 quando
2963 5463 3027 5524 id
3057 5466 3491 5528 necessarium
3546 5472 3642 5529 est
3676 5469 3761 5529 ad
3790 5469 3977 5549 publi·

2462 5577 2606 5621 cum
2627 5557 2950 5633 damnum,
2983 5557 3083 5619 vel
3106 5557 3381 5637 alicujus
3409 5561 3760 5626 innocentis
3801 5563 3977 5641 impe—
