4263 6376
837 336 955 397 424

917 515 1067 573 Haec
1084 515 1294 573 tamen
1317 512 1539 572 solutio
1563 530 1684 572 non
1702 512 1952 573 videtur
1970 511 2196 588 soluta,
2224 510 2371 590 quia

836 607 890 666 si
917 608 1118 666 totum
1146 604 1266 665 hoc
1290 603 1552 663 virtuale
1573 603 1944 683 implicitum
1962 603 2374 665 reduceretur

837 697 916 756 ad
949 695 1306 776 explicitum
1336 700 1399 758 et
1424 714 1810 774 expressum,
1847 714 1971 757 non
2003 696 2372 757 admittere-

837 795 941 851 tur
969 787 1273 868 ejusmodi
1320 792 1675 849 contractus
1703 807 1816 867 pro
1864 789 2033 849 licito
2059 834 2074 865 ,
2117 793 2181 850 et
2221 806 2371 848 vero

838 881 1104 942 cambio.
1137 883 1212 941 V.
1246 899 1309 958 g.
1343 881 1393 941 si
1424 883 1643 942 Petrus
1671 881 1923 960 quando
1958 885 2170 942 Romae
2199 900 2374 942 acce-

838 974 929 1054 pit
956 973 1125 1033 mille
1167 991 1203 1032 a
1240 975 1522 1049 Joanne,
1570 974 1827 1034 dixisset
1871 973 2192 1053 explicite;
2240 976 2372 1052 Ego

839 1065 1093 1144 quidem
1124 1084 1247 1126 non
1277 1066 1478 1125 habeo
1509 1065 1804 1144 pecunias
1834 1066 2167 1127 Placentiae
2192 1113 2208 1143 ‚
2241 1066 2373 1145 qui·

837 1159 956 1220 bus
983 1158 1248 1228 solvam,
1282 1158 1392 1219 sed
1418 1162 1631 1219 tamen
1653 1163 1936 1237 tempore
1954 1160 2232 1237 praefixO,
2256 1177 2373 1237 ego

840 1250 924 1310 ibi
956 1250 1248 1330 obligabo
1278 1270 1380 1312 me
1409 1249 1522 1311 tibi
1551 1251 1630 1310 de
1670 1268 1834 1312 novo
1883 1251 1962 1311 ad
2003 1251 2374 1312 solvendum

840 1343 961 1403 hoc
990 1343 1270 1403 debitum
1300 1344 1514 1403 Romae
1544 1360 1686 1403 cum
1716 1344 1890 1404 lucro
1922 1343 2182 1404 secundi
2210 1361 2376 1403 cam-

838 1435 927 1496 bii
961 1455 975 1495 ε
1009 1445 1177 1495 certe
1209 1435 1328 1495 hoc
1357 1440 1610 1513 pactum
1643 1442 1704 1496 et
1731 1436 2047 1496 cambium
2078 1434 2157 1495 ab
2176 1436 2377 1497 omni-

841 1545 951 1587 cus
995 1527 1441 1605 reprobaretur
1485 1530 1555 1588 ut
1600 1528 1834 1588 siccum
1880 1531 1943 1589 et
1990 1528 2370 1604 usurarium,

842 1636 985 1679 cum
1017 1617 1169 1677 nihil
1211 1618 1380 1678 aliud
1425 1624 1625 1696 esset,
1675 1637 1863 1698 quam
1912 1620 2209 1698 obligatio
2251 1638 2377 1679 me·

842 1711 1011 1772 diata
1041 1710 1522 1792 adsolvendum
1549 1711 1829 1772 debitum
1875 1711 1938 1771 in
1979 1712 2203 1773 eodem
2238 1713 2374 1773 loco

845 1821 988 1864 cum
1013 1801 1223 1874 lucro,
1260 1803 1390 1862 sine
1420 1803 1547 1862 ulla
1587 1803 2044 1882 permutatione
2094 1805 2377 1883 pecunioe

842 1913 956 1974 pro
987 1894 1253 1973 pecunia
1280 1895 1342 1953 in
1374 1894 1494 1955 alio
1525 1896 1685 1956 loco.
1735 1894 1907 1956 Idem
1948 1896 2085 1956 fieri
2131 1896 2381 1957 videtur

840 1987 1143 2065 implicite
1176 1986 1238 2046 in
1269 2004 1417 2046 casu
1449 1991 1659 2048 nost-ro
1690 2033 1705 2063 ,
1758 2005 1901 2048 cum
1946 1990 2167 2049 Petrus
2210 2007 2378 2050 cam-

842 2079 1087 2159 psarius
1117 2079 1356 2138 nullam
1385 2079 1618 2141 habeat
1655 2080 1987 2158 pecuniam
2017 2080 2375 2158 Placentiae,

841 2171 953 2232 sed
975 2170 1179 2231 solum
1204 2170 1436 2231 habeat
1458 2189 1640 2249 posse
1661 2189 1726 2231 se
1751 2171 2080 2233 Placentiae
2102 2173 2379 2251 obligare

845 2262 926 2323 ad
955 2261 1240 2323 debitum
1271 2262 1423 2322 illud
1461 2266 1675 2324 Romae
1719 2263 2090 2324 solvendum
2120 2284 2264 2326 cum
2291 2267 2380 2326 lu-

846 2373 989 2427 cro;
1026 2373 1220 2433 quare
1251 2356 1331 2416 ab
1361 2357 1536 2417 initio
1567 2376 1691 2416 non
1735 2356 1985 2417 videtur
2007 2375 2073 2417 se
2101 2357 2183 2418 ad
2214 2359 2381 2419 aliud

846 2446 1149 2525 obligare,
1184 2447 1300 2506 nisi
1334 2448 1412 2507 ad
1444 2447 1853 2526 obligandum
1900 2467 1965 2508 se
1997 2449 2205 2510 denuo
2248 2451 2384 2512 Pla·

848 2539 1072 2600 centiae
1100 2557 1214 2618 pro
1246 2539 1554 2601 solutione
1584 2540 1778 2600 debiti
1807 2544 2021 2602 Romae
2052 2541 2380 2604 facienda:

848 2649 973 2692 non
995 2633 1196 2710 potuit
1223 2632 1390 2692 enim
1423 2633 1503 2692 ad
1532 2633 1702 2693 aliud
1731 2651 1796 2692 se
1817 2632 2122 2711 obligare,
2156 2634 2276 2695 nisi
2305 2636 2386 2696 ad

849 2724 915 2784 id
945 2723 1113 2804 quod
1134 2724 1340 2784 facere
1357 2728 1624 2803 poterat,
1650 2743 1853 2804 neque
1873 2725 2044 2787 aliud
2060 2726 2268 2788 facere
2285 2746 2390 2807 po-

849 2820 1013 2877 terat
1039 2815 1156 2876 nisi
1179 2816 1315 2890 hoc,
1343 2821 1404 2876 et
1423 2817 1564 2877 ideo
1586 2817 1751 2877 idem
1762 2817 2180 2896 judicandum
2202 2824 2296 2880 est
2311 2821 2389 2881 de

849 2909 971 2969 hoc
999 2912 1181 2988 pacto
1199 2908 1520 2987 implicitO,
1546 2910 1714 2988 quod
1745 2910 1822 2969 de
1851 2910 1954 2970 illo
1973 2912 2261 2994 explicito
2284 2912 2388 2993 ju-

853 3000 1191 3064 dicaretur.

932 3094 1112 3155 Ratio
1143 3097 1351 3155 autem
1381 3097 1489 3164 est,
1520 3093 1667 3174 quia
1688 3096 2035 3157 secundum
2065 3098 2385 3159 cambium

850 3207 976 3250 non
1007 3192 1213 3265 potest
1240 3206 1374 3248 esse
1406 3190 1592 3264 reale,
1627 3190 2035 3251 nisiJoannes
2052 3192 2386 3253 Placentiae

853 3279 1088 3360 aliquid
1120 3280 1226 3341 det
1253 3282 1437 3341 Petro
1471 3300 1485 3340 ε
1521 3300 1630 3359 per
1659 3282 2005 3343 cessionem
2024 3287 2233 3345 autem
2267 3285 2388 3363 pri-

855 3373 980 3434 oris
1009 3372 1426 3450 obligationi3‚
1446 3393 1555 3434 seu
1584 3375 1805 3435 crediti
1823 3375 1976 3435 nihil
2001 3376 2056 3435 ei
2081 3377 2219 3449 dat;
2243 3376 2390 3456 quia

855 3464 1160 3525 creditum
1189 3484 1262 3525 ex
1294 3466 1493 3543 primo
1525 3467 1771 3527 cambio
1793 3468 1892 3528 vel
1922 3474 2055 3530 erat
2085 3469 2385 3547 obligatio

856 3557 934 3618 ad
966 3557 1297 3618 solvendas
1339 3559 1673 3620 Placentiae
1711 3559 1867 3620 alias
1903 3561 2205 3640 pecunias
2246 3581 2388 3623 rea-

852 3651 965 3727 leS,
985 3651 1086 3710 vel
1114 3651 1595 3730 aequivalentcs;
1629 3653 1728 3713 vel
1757 3658 1892 3715 erat
1910 3654 2112 3715 solum
2136 3655 2216 3715 ad
2247 3674 2392 3717 con-

853 3743 1226 3804 trahendam
1286 3744 1614 3806 Placentia}
1658 3763 1886 3807 novam
1945 3747 2390 3826 obligationem

854 3836 1361 3898 solvendiRomae
1374 3856 1514 3897 cum
1537 3837 1734 3899 lucro.
1754 3838 1961 3899 Prima
1979 3841 2235 3919 quidem
2256 3860 2391 3901 esse

852 3946 976 3989 non
996 3932 1256 4007 poterat.
1292 3947 1435 3989 cum
1459 3932 1678 3992 Petrus
1708 3932 1907 3993 nullas
1923 3933 2078 3994 tales
2092 3933 2391 4013 pecunias

851 4020 1184 4084 Placentiae
1214 4020 1495 4098 haberet,
1521 4040 1634 4082 nec
1655 4025 2306 4105 potueritpermutare
2327 4026 2393 4087 id

855 4113 1024 4193 quod
1051 4131 1166 4174 nec
1207 4112 1480 4175 habebat
1526 4133 1640 4176 nec
1687 4118 1982 4194 sperabat
2025 4119 2286 4180 habere.
2325 4120 2389 4181 Si

854 4211 1066 4267 autem
1096 4210 1230 4267 erat
1257 4206 1389 4267 sola
1418 4207 1716 4287 obligatio
1740 4256 1755 4286 ,
1805 4210 1970 4271 hanc
2000 4212 2263 4291 quidem
2289 4213 2323 4274 J
2331 4231 2394 4274 o-

857 4318 1049 4358 annes
1077 4316 1199 4358 non
1222 4299 1349 4375 dat,
1379 4319 1582 4379 neque
1627 4303 1793 4363 cedit
1813 4305 1996 4365 Petro
2020 4306 2380 4383 Placentiae,

854 4391 980 4452 imo
1010 4390 1246 4475 obligat
1275 4393 1527 4453 Petrum
1573 4394 1654 4454 ad
1702 4395 1873 4455 illam
1913 4397 2389 4475 exequendam3

856 4482 1023 4560 cogit
1052 4483 1218 4542 enim
1248 4485 1502 4545 Petrum
1547 4490 1617 4548 ut
1654 4487 1816 4548 sicut
1858 4488 2235 4565 promiserat
2278 4493 2395 4551 Ro-

855 4593 1009 4651 mae‚
1062 4593 1127 4635 se
1158 4574 1393 4655 obliget
1443 4578 1774 4640 Placentiae
1824 4579 1906 4640 ad
1954 4599 2189 4641 novum
2228 4600 2393 4643 cam·

856 4667 1030 4728 bium
1061 4670 1272 4730 Romae
1302 4670 1705 4744 solvendum3
1753 4672 2067 4751 quomodo
2099 4691 2250 4752 ergo
2278 4676 2392 4736 Jo-

858 4778 1050 4821 annes
1078 4760 1385 4822 creditum
1414 4763 1513 4822 vel
1544 4762 1990 4842 obligationem
2019 4765 2193 4826 illam
2221 4766 2389 4829 cedit

859 4855 1040 4915 Petro
1070 4854 1404 4915 Placentia}
1425 4902 1439 4929 ‚
1474 4872 1666 4934 quam
1696 4855 1778 4917 ibi
1809 4857 1944 4918 vult
1971 4857 2050 4916 ad
2081 4859 2394 4920 executio-

854 4964 999 5006 nem
1023 4946 1289 5007 reduci?
1316 4948 1568 5007 Nullum
1599 4966 1749 5027 ergo
1794 4954 1888 5011 est
1917 4950 2251 5026 creditum,
2286 4951 2389 5011 vel

857 5038 1152 5117 obligatio
1182 5057 1371 5119 quam
1400 5042 1432 5101 J
1441 5058 1674 5101 oannes
1705 5042 2039 5104 Placentiae
2071 5046 2256 5104 Petro
2289 5061 2394 5104 ce-

857 5131 967 5191 dat
987 5177 1002 5207 ,
1052 5136 1115 5191 et
1154 5150 1265 5210 per
1302 5151 1690 5212 consequens
1737 5135 1890 5195 nihil
1939 5154 2194 5213 prorsus
2222 5135 2309 5196 ibi
2335 5137 2390 5196 ei

857 5222 986 5299 dat,
1017 5242 1132 5302 per
1157 5225 1324 5303 quod
1371 5227 1567 5303 possit
1596 5245 1827 5287 novum
1872 5228 2189 5289 cambium
2232 5229 2390 5289 inire

856 5334 1077 5376 verum
1106 5322 1169 5378 et
1195 5317 1384 5377 reale.

935 5409 1092 5469 Hinc
1132 5414 1344 5470 autem
1399 5412 1490 5486 fit,
1552 5430 1667 5471 nec
1723 5412 1995 5491 primum
2066 5414 2384 5474 cambium

856 5500 1025 5560 reale
1079 5502 1289 5579 fuisse,
1322 5504 1430 5563 sed
1461 5503 1739 5565 siccum:
1779 5525 1898 5566 non
1959 5507 2157 5584 potuit
2216 5507 2383 5567 enim

1995 336 2098 396 DE
2140 335 2496 397 JUSTITIA
2540 335 2640 395 ET
2682 335 2883 396 JURE

2472 527 2605 570 esse
2634 510 2823 586 reale,
2858 509 2974 570 nisi
3003 512 3223 571 Petrus
3252 510 3626 589 obligaverit
3678 529 3744 570 se
3794 510 4004 571 valide

2470 602 2552 663 ad
2581 602 2814 682 aliquid
2844 603 3074 665 ,loanni
3120 604 3454 663 Placentiae
3483 603 3854 664 solvendum
3891 622 4004 683 pro

2471 694 2751 774 pecuniis
2806 698 3019 756 Romae
3068 695 3378 774 acceptis:
3414 695 3564 756 nihil
3621 701 3835 757 autem
3882 697 4005 758 tale

2472 787 2759 865 promisit
2787 787 3069 859 solvere;
3104 804 3227 848 non
3284 788 3451 848 enim
3489 788 3790 866 pecunias
3845 807 4004 868 quas

2472 880 2806 940 Placentiae
2837 898 2960 939 non
2991 878 3286 955 habebat,
3319 897 3437 941 nec
3482 880 3782 957 sperabat
3808 880 4005 940 habe·

2472 990 2579 1032 re:
2637 989 2760 1032 non
2817 972 3006 1033 etiam
3059 972 3346 1050 promisit
3409 990 3641 1032 novum
3688 972 4001 1033 cambium

2472 1063 2803 1125 Placentiae
2820 1063 2975 1126 inire
3005 1082 3116 1141 pro
3146 1063 3529 1142 obligatione
3546 1064 3740 1142 priori
3769 1065 4003 1125 ibidem

2472 1175 2512 1217 a
2536 1158 2568 1217 J
2579 1174 2779 1217 oanne
2808 1155 3112 1232 cedenda,
3146 1174 3290 1217 cum
3319 1156 3440 1217 hoc
3467 1157 3817 1217 secundum
3839 1173 4002 1218 cam·

2473 1248 2648 1309 bium
2703 1248 3050 1311 invalidum
3080 1252 3143 1309 et
3170 1250 3384 1309 fictum
3432 1249 3530 1325 sit,
3589 1254 3663 1311 ut
3716 1247 4016 1327 probavi—-

2473 1360 2614 1402 mus
2642 1362 2656 1402 :
2691 1359 2842 1420 ergo
2873 1341 3145 1419 primum
3191 1340 3509 1401 cambium
3535 1341 3773 1402 siccum
3818 1341 4003 1402 etiam

2473 1434 2610 1510 fuit,
2671 1452 2814 1494 cum
2884 1432 2960 1492 ad
3046 1433 3283 1493 nullam
3349 1451 3567 1494 veram
3631 1434 4003 1494 solutionem

2474 1526 2807 1587 Placentiae
2838 1524 3191 1587 faciendam
3219 1525 3494 1604 potuerit
3519 1544 3585 1586 se
3618 1529 3834 1588 Petrus
3851 1524 4005 1586 obli·

2472 1637 2644 1698 gare.

2554 1712 2781 1773 Dicunt
2807 1710 3033 1790 prim0,
3068 1729 3193 1772 non
3220 1711 3428 1772 minus
3470 1715 3677 1788 potest
3729 1715 4004 1775 Joannes

2476 1803 2807 1866 Placentiae
2830 1803 3161 1881 disponere
3191 1802 3269 1862 de
3300 1802 3403 1862 illo
3424 1802 3685 1879 credit0,
3708 1820 3905 1882 quam
3933 1801 4007 1861 de

2475 1895 2756 1977 pecuniis
2785 1914 2940 1973 quas
2968 1895 3056 1955 ibi
3102 1913 3138 1954 a
3178 1897 3360 1956 Petro
3390 1895 3726 1974 recepisset
3753 1913 3872 1974 pro
3906 1913 4009 1955 ex-

2475 1988 2775 2050 tinctione
2803 1987 2990 2067 primi
3014 1987 3242 2048 cambii
3266 2007 3281 2060 ;
3310 1987 3423 2047 has
3451 1993 3666 2049 autem
3703 1988 4011 2065 pecunias

2473 2086 2685 2162 posset
2734 2080 2961 2142 iterum
3032 2079 3297 2140 reddere
3369 2082 3552 2141 Petro
3618 2080 3698 2140 ad
3769 2097 4008 2141 novum

2478 2173 2793 2234 cambium
2829 2175 3041 2233 Romae
3098 2172 3506 2234 solvendum:
3567 2191 3716 2251 ergo
3776 2172 4015 2251 poterit

2481 2266 2667 2326 etiam
2696 2265 3002 2326 creditum
3031 2265 3183 2326 illud
3203 2265 3281 2324 ad
3305 2283 3449 2326 eum
3477 2265 3666 2325 finem
3699 2267 3887 2326 Petro
3918 2284 4016 2325 as-

2482 2358 2752 2437 signare.
2805 2358 3240 2438 Respondetur
3293 2357 3601 2435 imprimis
3654 2358 3732 2417 de
3776 2358 4015 2419 credito

2482 2451 2587 2511 illo
2618 2469 2743 2511 non
2772 2467 2954 2529 posse
2985 2449 3255 2529 disponi,
3290 2468 3417 2529 qua
3471 2450 3761 2512 fictitium
3816 2456 3918 2511 est
3959 2454 4020 2511 et

2485 2542 2745 2618 nullum,
2796 2548 2863 2603 ut
2890 2542 3317 2621 probavimus,
3343 2547 3529 2621 atque
3560 2542 3701 2603 ideo
3730 2560 3859 2604 non
3910 2561 4019 2621 po-

2484 2639 2608 2697 test
2636 2653 2771 2695 esse
2826 2633 3089 2695 materia
3143 2633 3402 2694 secundi
3460 2635 3709 2695 cambii.
3744 2634 4011 2709 Deinde,

2484 2727 2629 2787 licet
2657 2715 3204 2800 concederemus-1
3212 2743 3673 2804 oannemposse
3705 2726 4021 2787 creditum

2488 2819 2642 2879 illud
2672 2818 2809 2879 aliis
2837 2818 2988 2878 dare
3032 2817 3113 2877 ad
3170 2816 3510 2893 cambium,
3562 2820 3747 2879 Petro
3805 2824 4023 2880 tamen

2486 2929 2612 2972 non
2639 2915 2866 2989 posset,
2901 2910 3049 2990 quia
3076 2910 3226 2970 nihil
3261 2910 3319 2969 ei
3372 2910 3573 2985 daret,
3605 2929 3750 2971 cum
3808 2911 4021 2972 credi-

2485 3009 2620 3066 tum
2648 3004 2801 3065 illud
2857 3021 2979 3064 non
3011 3003 3090 3064 sit
3135 3002 3303 3063 aliud
3332 3002 3450 3063 nisi
3502 3003 3802 3082 obligatio
3854 3004 4021 3065 Petri

2488 3096 2567 3156 ad
2605 3114 2839 3156 novum
2891 3095 3209 3156 cambium
3284 3095 3617 3156 Placentiae
3671 3096 4025 3156 ineundum

2489 3208 2631 3250 cum
2668 3191 2701 3250 J
2709 3207 2909 3249 oanne
2944 3209 2957 3249 ε
2993 3207 3176 3249 nemo
3207 3192 3418 3249 autem
3473 3187 3704 3249 dicitur
3730 3187 3890 3249 dare
3924 3190 4026 3250 de-

2486 3282 2675 3344 bitori
2715 3282 3042 3357 creditum,
3101 3281 3352 3360 quando
3408 3281 3648 3360 obligat
3699 3281 3884 3341 illum
3946 3282 4029 3343 ad

2487 3371 2923 3455 exequenddm
2945 3379 3005 3435 et
3033 3374 3402 3434 solvendum
3448 3374 3759 3436 creditum
3824 3374 4023 3446 illud;

2487 3468 2689 3546 magis
2719 3467 2886 3527 enim
2912 3471 3063 3527 tunc
3088 3465 3313 3527 dicitur
3348 3466 3629 3544 recipere
3684 3465 4025 3542 creditum,

2490 3578 2679 3650 quam
2709 3559 2859 3620 illud
2890 3559 3039 3618 dare
3081 3559 3180 3619 vel
3232 3557 3456 3618 cedere
3512 3557 3806 3619 debitori.
3845 3560 4027 3622 Unde

2487 3653 2635 3713 licet
2660 3653 2783 3713 alia
2811 3652 3049 3713 credita
3078 3651 3326 3711 diversa
3351 3650 3432 3711 ab
3462 3651 3567 3712 illo
3598 3654 3863 3729 posset-1
3871 3671 4030 3713 oan-

2491 3763 2602 3806 nes
2630 3747 2814 3806 Petro
2836 3744 2924 3804 ibi
2952 3744 3247 3820 vendere,
3282 3743 3380 3803 vel
3411 3743 3562 3803 dare
3592 3743 3671 3803 ad
3702 3745 4031 3806 cambium

2491 3838 2652 3899 sicut
2664 3837 2820 3914 aliis,
2847 3856 2971 3897 non
2987 3842 3197 3898 tamen
3216 3840 3421 3915 potest
3440 3836 3557 3916 ipsi
3570 3839 3755 3898 Petro
3774 3838 3935 3899 dare
3954 3838 4037 3899 ad

2492 3930 2806 3991 cambium
2834 3929 3139 3991 creditum
3168 3930 3322 3990 illud
3344 3929 3568 4009 prioris
3590 3930 3846 4007 cambii,
3882 3932 4039 4010 quia

2493 4024 2637 4085 licet
2674 4023 2810 4084 aliis
2840 4023 3020 4084 daret
3071 4022 3332 4102 aliquid,
3368 4026 3548 4084 Petro
3604 4028 3820 4083 autem
3876 4023 4037 4084 nihil

2495 4117 2695 4192 daret,
2726 4116 2836 4177 sed
2864 4116 3073 4196 potius
3128 4115 3208 4176 ab
3263 4133 3337 4175 eo
3368 4115 3682 4194 acciperet
3709 4117 4039 4178 executio-

2493 4227 2638 4269 nem
2684 4227 2813 4269 suae
2860 4207 3277 4287 obligationiS,
3308 4212 3377 4269 ut
3405 4206 3640 4268 dictum
3661 4210 3778 4267 est.

2574 4301 2754 4361 Dices
2783 4300 3031 4376 iterum,
3065 4298 3309 4360 etiamsi
3335 4301 3613 4361 Joannes
3669 4297 3825 4359 nihil
3858 4299 4039 4359 aliud

2494 4393 2725 4453 habeat
2752 4392 3083 4454 Placentiae
3110 4391 3280 4471 quod
3310 4393 3494 4453 Petro
3515 4391 3600 4451 ibi
3622 4391 3824 4470 possit
3845 4392 4037 4469 dare,

2494 4485 2612 4546 nisi
2641 4485 2949 4546 creditum
2977 4489 3194 4546 contra
3238 4485 3445 4563 ipsum
3477 4487 3757 4559 Petrum,
3816 4492 4047 4563 posset

2493 4582 2703 4640 tamen
2726 4578 2812 4638 ibi
2840 4578 3120 4638 invenire
3134 4577 3241 4656 qui
3269 4577 3333 4637 ei
3360 4581 3680 4639 mutuaret
3699 4578 4041 4655 pecunias,

2494 4690 2643 4750 ergo
2687 4671 2820 4751 Jam
2869 4670 3059 4732 habet
3094 4672 3367 4733 Joannes
3424 4670 3760 4731 Placentiae
3802 4671 4045 4733 saltem

2492 4765 2719 4825 virtute
2748 4763 3067 4842 pecunias,
3102 4763 3164 4823 in
3195 4762 3423 4842 quibus
3442 4762 3694 4823 fundari
3720 4765 3930 4843 possit
3946 4783 4046 4826 se·

2493 4855 2767 4918 cundum
2786 4856 2939 4916 illud
2967 4856 3301 4917 cambium.
3341 4855 3467 4917 Sed
3507 4860 3746 4932 contra,
3784 4857 3947 4936 quia
3979 4857 4045 4917 id

2493 4967 2606 5027 per
2642 4949 2933 5010 accidens
2969 4967 3037 5009 se
3093 4948 3285 5009 habet
3334 4947 3417 5008 ad
3470 4948 3788 5009 cambium
3846 4949 4041 5027 illud,

2493 5059 2636 5102 cum
2664 5044 2939 5104 Joannes
2981 5060 3104 5101 non
3135 5045 3347 5102 utatur
3395 5041 3674 5118 pecuniis
3703 5041 3827 5100 illis
3875 5061 4048 5122 quas

2492 5140 2709 5197 mutuo
2738 5135 3019 5195 invenire
3061 5139 3291 5214 posset,
3352 5151 3467 5194 nec
3521 5133 3629 5193 det
3686 5136 3878 5194 Petro
3934 5134 4047 5214 jus

2490 5228 2745 5308 aliquod
2800 5229 2880 5288 ad
2910 5227 3209 5306 pecunias
3269 5226 3405 5287 illas
3447 5226 3709 5287 Joannis
3770 5228 4047 5288 nomine

2488 5327 2707 5382 mutuo
2737 5320 3061 5399 petendaS,
3093 5320 3201 5380 sed
3233 5319 3435 5380 solum
3460 5319 3595 5379 vult
3626 5317 3778 5377 dare
3820 5320 4046 5380 credi·

2488 5425 2624 5476 tum
2650 5414 2816 5493 quod
2847 5417 3063 5474 contra
3094 5412 3298 5489 ipsum
3329 5410 3556 5471 habet:
3583 5427 3733 5489 ergo
3756 5412 4045 5489 perinde

2490 5526 2554 5567 se
2587 5508 2776 5568 habet
2814 5506 3021 5585 quoad
3077 5504 3390 5565 cambium
3421 5504 3597 5579 illud,
3632 5521 3706 5563 ac
3732 5502 3786 5562 si
3816 5504 4045 5565 nullas
