4263 6376
1160 307 1630 370 DISPUTATIO
1673 305 1947 381 XXVIII,
1995 303 2268 367 SEGTIO
2312 306 2470 369 VIII.

232 490 399 567 ptare
427 485 806 547 solutionem
834 485 1016 547 sortis
1056 483 1175 545 nisi
1222 484 1397 563 prius
1440 482 1764 544 solvantur

233 579 450 640 cambii
497 579 875 639 detrimenta
903 579 1001 638 vel
1045 578 1255 650 lucra;
1304 575 1451 656 quia
1481 574 1762 654 alioquin

232 670 540 732 difficilius
571 675 788 750 postea
817 660 1181 751 campsores
1212 669 1568 731 obtinerent
1595 668 1763 727 solu-

231 764 457 824 tionem
483 764 827 825 lucrorum.
863 762 1042 837 Quod
1075 765 1326 841 pactum
1357 760 1635 821 clausula
1661 778 1762 819 ex-

233 854 434 935 plicita
462 856 698 935 apponi
729 854 930 916 solere
960 856 1021 915 in
1054 853 1336 930 cambiiS,
1370 855 1635 914 testatur
1661 850 1763 911 Fi-

230 947 445 1009 liucius
475 948 651 1009 dicto
692 952 877 1010 tract.
914 949 1161 1010 XXXV.
1209 950 1371 1024 part.
1407 961 1476 1006 11.
1523 963 1660 1023 cap.
1694 960 1755 1005 x.

233 1059 395 1101 num.
425 1044 569 1102 472.
620 1042 750 1102 Imo
794 1041 844 1101 si
876 1040 1212 1120 aliquando
1243 1042 1555 1114 taceatur,
1589 1037 1763 1097 vide-

230 1135 391 1195 bitur
414 1134 647 1195 merito
678 1133 1060 1212 subintelligi
1089 1132 1420 1210 implicite,
1455 1134 1762 1210 quatenus

232 1225 410 1286 datur
435 1226 519 1286 ad
549 1226 892 1302 cambium,
927 1230 989 1287 et
1000 1225 1180 1304 juxta
1200 1225 1370 1302 leges
1400 1240 1763 1285 communes

231 1318 487 1394 cambii,
540 1318 607 1378 in
653 1316 884 1398 quibus
923 1337 995 1378 ex
1033 1319 1353 1378 voluntate
1390 1314 1763 1377 contrahen-

232 1413 379 1472 tium
407 1411 506 1470 lex
534 1410 645 1471 illa
670 1411 880 1471 locum
909 1410 1122 1487 habet,
1157 1415 1225 1472 ut
1253 1407 1638 1470 consuetudo
1668 1426 1762 1468 re-

233 1510 405 1583 cepta
425 1507 720 1565 testatur.
756 1504 902 1565 Sive
922 1508 1133 1564 autem
1155 1503 1462 1580 explicite,
1495 1501 1625 1561 sive
1654 1499 1765 1560 im-

234 1597 431 1674 plicite
480 1601 741 1675 pactum
787 1595 939 1656 illud
970 1594 1356 1670 intercedat,
1407 1611 1531 1654 non
1577 1592 1765 1653 debet

232 1688 526 1767 injustum
576 1687 897 1768 judicari:
949 1705 1092 1748 cum
1139 1687 1307 1747 enim
1353 1685 1759 1763 campsariuS,

232 1780 602 1842 adveniente
622 1779 891 1842 termino
913 1780 1237 1841 solutionis
1264 1798 1388 1840 non
1410 1778 1615 1838 minus
1627 1776 1763 1856 jam

231 1873 449 1934 debeat
473 1872 659 1933 lucra
700 1892 891 1952 quam
920 1876 1154 1933 sortem
1176 1918 1192 1949 ,
1243 1872 1446 1951 potuit
1473 1887 1763 1949 campsor

232 1965 304 2025 ad
334 1965 743 2026 securitatem
772 1966 926 2026 lucri
957 1965 1239 2025 solvendi
1270 1964 1391 2025 hoc
1419 1980 1763 2043 gravamen

235 2076 545 2138 apponere
570 2104 586 2135 ,
649 2063 720 2120 ut
748 2077 871 2119 non
903 2058 1076 2136 prius
1105 2075 1239 2118 sors
1268 2057 1547 2117 solvatur
1573 2071 1763 2134 quam

232 2151 491 2212 lucrum.
526 2152 709 2223 Quod
733 2168 854 2211 non
877 2156 972 2211 est
990 2150 1331 2210 admodum
1352 2167 1544 2226 grave
1567 2166 1757 2208 onus:

235 2262 372 2305 nam
399 2243 453 2304 si
484 2243 784 2322 accepisti
812 2243 979 2303 mille
1011 2242 1090 2302 ad
1111 2242 1448 2316 cambium,
1483 2245 1545 2303 et
1571 2239 1763 2300 debes

234 2337 777 2398 Placentiae1025.
828 2340 1088 2415 propter
1129 2339 1361 2395 sortem
1405 2337 1466 2394 et
1493 2333 1758 2408 lucrum,

233 2448 304 2491 ex
330 2447 403 2490 eo
450 2428 628 2509 quod
675 2428 920 2507 cogaris
951 2426 1199 2488 solvere
1239 2427 1411 2506 prius
1439 2429 1537 2487 25.
1574 2443 1763 2505 quam

232 2528 495 2599 sortem,
553 2522 635 2583 ad
681 2521 801 2581 hoc
837 2521 1039 2583 solum
1069 2518 1385 2599 gravaris,
1438 2523 1508 2580 ut
1551 2519 1604 2579 si
1632 2517 1764 2579 sola

233 2615 393 2675 mille
425 2613 743 2687 solvebas,
777 2632 1032 2674 maneas
1051 2613 1261 2674 adhuc
1280 2612 1526 2673 debitor
1553 2614 1652 2673 25.
1690 2629 1761 2671 ex

234 2713 433 2783 sorte,
486 2726 569 2767 ex
617 2706 844 2786 quibus
892 2710 1059 2768 certe
1098 2723 1319 2783 parum
1346 2704 1505 2766 lucri
1534 2704 1759 2780 solveS,

232 2800 372 2862 licet
400 2800 513 2860 illa
542 2801 750 2860 denuo
780 2798 1051 2877 accipias
1088 2799 1169 2859 ad
1198 2798 1514 2859 cambium
1540 2816 1761 2857 secun-

235 2893 410 2970 dum,
463 2897 541 2954 ut
566 2892 841 2972 primurn
871 2891 1247 2970 extinguas:
1306 2908 1430 2951 non
1479 2893 1573 2950 est
1617 2907 1765 2968 ergo

236 2984 414 3045 nimis
461 3003 661 3064 grave
692 3030 708 3060 ,
767 2986 880 3044 aut
925 2983 1559 3063 improportionatum
1615 2980 1767 3041 illud

237 3097 385 3138 onus
414 3077 779 3155 appositum
808 3074 887 3135 ad
917 3074 1314 3137 securitatem
1341 3073 1499 3135 lucri
1521 3073 1768 3134 solven-

236 3169 325 3249 di,
358 3188 433 3232 ac
466 3169 744 3250 denique
774 3167 1075 3249 quidquid
1109 3167 1316 3229 oneris
1344 3166 1427 3228 ibi
1457 3170 1586 3243 est,
1632 3165 1767 3246 jam

235 3263 603 3342 intelligitur
622 3261 930 3323 inclusum
959 3261 1020 3320 in
1041 3261 1242 3340 pretio
1263 3260 1573 3321 communi
1598 3277 1769 3320 cam-

234 3356 314 3416 bii
334 3403 350 3433 ,
398 3355 573 3436 quod
603 3357 867 3416 fortasse
911 3373 946 3414 a
975 3353 1280 3434 principio
1312 3352 1769 3433 aliquantulum

233 3450 435 3509 minus
494 3454 780 3510 taxatum
835 3451 965 3524 est,
1027 3446 1174 3526 quia
1228 3446 1616 3526 campsarius
1662 3443 1766 3505 illo

235 3542 419 3602 etiam
464 3544 653 3622 pacto
699 3539 982 3618 apposito
1033 3538 1489 3619 aliquantulum
1534 3554 1764 3616 grava-

236 3637 350 3694 tur.

659 4053 1079 4140 SEGTIO
1161 4052 1337 4137 vm.

234 4362 317 4425 De
340 4360 763 4424 conditionibus
789 4358 870 4420 ad
891 4358 1116 4420 cambia
1132 4357 1465 4418 necessariis
1482 4376 1557 4418 ez·
1585 4355 1768 4417 Bulla

372 4468 487 4531 Pii
528 4467 589 4528 V.
620 4467 726 4527 uni
747 4464 817 4527 de
842 4464 1184 4547 monopoliis
1224 4482 1610 4545 campserunt.

310 4733 495 4796 Sicut
534 4731 701 4793 circa
728 4749 972 4808 censuS,
1005 4730 1095 4791 sic
1142 4730 1330 4791 etiam
1376 4729 1543 4791 circa
1590 4748 1764 4790 cam-

167 4887 177 4908 ,
232 4825 335 4886 bia
388 4825 555 4900 Piusj
584 4825 656 4885 V.
706 4821 971 4884 Kalend.
1025 4821 1324 4883 Februar.
1383 4839 1546 4882 anno
1607 4825 1755 4883 1571

166 4918 191 4984 .’
234 4920 477 4980 bullam
505 4917 702 4980 edidit
726 4916 805 4977 ad
829 4915 1208 4977 coercendos
1230 4914 1462 4975 abusus
1481 4914 1759 4995 aliquod,

237 5015 342 5095 qui
398 5014 461 5073 in
516 5009 823 5091 ejusmodi
888 5007 1311 5070 contractibus
1358 5007 1758 5087 irrepserant,

243 5125 387 5187 quae
415 5105 652 5183 incipit,
684 5102 754 5163 In
781 5122 927 5178 eam,
981 5105 1044 5163 et
1070 5100 1338 5161 habetur
1373 5099 1437 5160 in
1468 5099 1601 5179 ejus
1628 5100 1769 5160 bul·

234 5200 415 5274 lario,
474 5204 537 5258 et
587 5196 856 5258 refertur
901 5195 1090 5256 etiam
1136 5192 1217 5253 ad
1269 5193 1540 5254 litteram
1594 5193 1766 5271 apud

234 5296 585 5354 Navarrum
621 5289 682 5349 in
720 5286 986 5348 manuali
1029 5305 1167 5366 cap.
1214 5301 1368 5348 xvn.
1403 5304 1576 5346 num.
1616 5288 1754 5347 300.

233 5386 295 5446 in
343 5402 469 5464 qua
510 5382 710 5463 primo
754 5381 1013 5442 damnat
1048 5379 1260 5440 omnia
1291 5377 1537 5439 cambia
1567 5378 1754 5455 sicca,

236 5487 296 5541 et
340 5477 405 5538 iu
444 5477 671 5557 quihus
716 5473 862 5535 ficto
908 5472 1151 5534 cambio
1181 5473 1262 5532 ad
1301 5476 1503 5533 certas
1532 5470 1759 5531 nundi-

3271 311 3389 373 429

1860 499 1995 557 nas»,
2028 480 2128 542 vel
2159 479 2238 540 ad
2266 480 2388 540 alia
2415 480 2576 557 loca,
2612 480 2692 541 ad
2723 488 2867 561 quae
2902 481 3123 544 litterae
3154 502 3189 544 a
3218 503 3391 546 cam-

1859 574 2069 653 psario
2116 572 2453 634 traduntur
2494 572 2771 652 quidem,
2806 575 2916 635 sed
2944 575 3043 636 vel
3088 596 3209 638 non
3249 578 3388 639 mit-

1857 670 2098 742 tuntur,
2148 666 2248 727 vel
2289 671 2605 727 transacto
2654 671 2935 745 tempore
2978 669 3196 730 inanes
3233 671 3388 732 refe-

1859 763 2101 835 runtur,
2154 759 2252 818 vel
2300 759 2490 820 etiam
2535 759 2719 820 nullae
2766 759 2985 822 litterae
3029 763 3385 842 traduntur,

1859 849 1968 911 sed
1996 852 2263 930 pecunia
2292 855 2509 929 postea
2537 852 2603 911 in
2631 851 2854 912 eodem
2872 852 3032 926 loco,
3060 855 3165 914 ubi
3187 854 3388 916 factus

1858 942 2063 1005 fuerat
2092 948 2469 1018 contractuS,
2503 944 2848 1023 reposcitur
2877 963 3018 1005 cum
3049 946 3382 1022 interesse;

1860 1035 2007 1113 quia
2053 1035 2142 1097 ita
2170 1039 2547 1097 conventum
2575 1037 2779 1096 fuerat
2809 1037 2887 1097 ab
2916 1038 3115 1116 initia,
3151 1041 3246 1100 vel
3277 1040 3385 1101 tali

1859 1126 2203 1188 intentione
2235 1127 2550 1189 cambium
2577 1128 2808 1188 factum
2840 1129 3064 1206 tuerat,
3101 1150 3303 1211 neque
3324 1133 3388 1193 in

1858 1220 1997 1280 loco
2028 1220 2358 1299 designato
2390 1219 2724 1299 quisquam
2753 1225 2906 1296 erat,
2942 1223 3046 1302 qui
3081 1242 3191 1301 pro
3222 1243 3389 1285 cam-

1859 1312 2067 1389 psario
2098 1312 2389 1373 solveret.
2433 1334 2461 1368 «
2489 1312 2602 1373 Cui
2630 1313 2818 1390 malo,
2850 1312 3053 1393 inquit
3076 1318 3383 1396 Pontifex,

1859 1401 2062 1465 simile
2114 1404 2303 1465 etiam
2347 1403 2501 1464 illud
2548 1409 2661 1480 est,
2713 1423 2856 1466 cum
2900 1409 3205 1485 pecuniae,
3256 1411 3386 1471 sive

1860 1495 2152 1575 depositi,
2204 1496 2334 1557 sive
2381 1495 2500 1556 alio
2549 1496 2800 1556 nomine
2839 1498 2966 1559 ficti
2997 1499 3234 1561 ‘cambii
3265 1507 3387 1564 tra-

1861 1587 2113 1661 duntur,
2168 1592 2237 1649 ut
2281 1592 2495 1667 postea
2538 1590 2760 1649 eodem
2789 1590 2853 1650 in
2893 1591 3054 1669 locu,
3097 1593 3195 1654 vel
3239 1595 3388 1656 alibi

1862 1697 2005 1739 cum
2034 1678 2208 1740 lucro
2233 1679 2665 1742 restituantur.
2701 1681 2825 1742 Sed
2856 1688 2915 1743 et
2944 1683 3007 1743 in
3036 1684 3188 1763 ipsis
3217 1704 3389 1746 cam-

1859 1770 1999 1847 biis,
2050 1788 2191 1849 quae
2228 1768 2421 1831 realia
2468 1772 2880 1851 appellantur,
2931 1775 3269 1856 interdum,
3321 1786 3389 1842 ut

1859 1863 1940 1924 ad
1971 1882 2083 1923 nos
2111 1863 2442 1940 perfertur,
2468 1882 2826 1943 campsores
2852 1867 3197 1945 praestitum
3225 1872 3389 1933 solu·

1859 1956 2044 2018 tionis
2074 1954 2432 2032 terminum,
2465 1956 2638 2016 lucro
2656 1976 2730 2016 ex
2745 1958 2957 2035 tacita,
2978 1961 3079 2020 vel
3095 1980 3388 2041 expressa

1861 2047 2217 2109 conditione
2247 2051 2524 2126 recepte,
2558 2067 2667 2109 seu
2700 2050 2887 2110 etiam
2924 2056 3167 2113 tantum
3196 2056 3386 2117 modo

1861 2140 2191 2219 promisso,
2226 2139 2542 2205 differunt.
2572 2142 2720 2213 Quae
2743 2142 2952 2203 omnia
2971 2162 3084 2205 nos
3105 2149 3390 2208 usuraria

1862 2252 1997 2293 esse
2029 2232 2444 2307 declararum,
2480 2237 2543 2294 et
2571 2252 2647 2293 ne
2677 2234 2851 2311 fiant,
2886 2235 3224 2300 districtius
3243 2259 3390 2319 pro-

1860 2324 2170 2385 hibemuS.
2204 2346 2232 2381 n
2274 2326 2496 2386 Postea
2527 2327 2786 2404 apponit
2811 2328 3022 2407 aliqua
3049 2330 3113 2390 in
3144 2334 3389 2394 cambio

1861 2418 2256 2478 observanda
2285 2416 2380 2477 his
2409 2418 2638 2479 verbis.
2683 2439 2711 2475 «
2739 2421 2931 2482 Porro
2970 2424 3051 2483 ad
3083 2425 3389 2488 tollendas

1862 2528 2111 2589 quoque
2156 2510 2219 2570 in
2250 2510 2531 2586 cambiiS,
2566 2516 2872 2590 quantum
2900 2532 3042 2575 cum
3074 2518 3201 2578 Deo
3249 2538 3390 2598 pos-

1862 2621 2098 2677 sumuS,
2133 2602 2493 2663 occasiones
2522 2604 2848 2681 peccandi,
2869 2605 3250 2688 fraudesque
3279 2611 3391 2671 foe-

1863 2699 2246 2768 neratorum,
2270 2693 2621 2771 statuimuS,
2645 2713 2724 2755 ne
2745 2695 3038 2777 deinceps
3058 2702 3392 2781 quisquam

1862 2786 2113 2863 audeat,
2165 2786 2295 2846 sive
2340 2805 2377 2845 a
2405 2786 2733 2867 principi0,
2766 2788 2896 2849 sive
2939 2791 3114 2868 alias,
3150 2798 3390 2857 certum

1863 2883 1928 2940 et
1970 2878 2456 2940 determinatum
2509 2879 2831 2958 interesse,
2892 2882 3081 2944 etiam
3136 2885 3200 2945 in
3241 2905 3391 2949 casu

1867 2990 1987 3033 non
2016 2970 2344 3032 solutionis
2389 2972 2642 3049 pacisci,
2695 2991 2895 3052 neque
2924 2977 3116 3037 realia
3145 2980 3392 3041 cambia

1865 3064 2063 3138 aliter,
2116 3082 2308 3143 quarn
2337 3082 2450 3142 pro
2493 3065 2710 3143 primis
2757 3066 3072 3147 nundinIS,
3122 3071 3232 3132 ubi
3270 3072 3392 3134 inae

1865 3155 2281 3234 celebrantur,
2331 3176 2445 3237 pro
2474 3157 2691 3236 primis
2726 3161 3031 3239 terminis,
3073 3162 3254 3243 juxta
3294 3184 3394 3228 re-

1865 3254 2119 3330 ceptum
2146 3250 2428 3312 locorum
2458 3269 2641 3312 usum
2669 3271 2981 3332 exercere,
3014 3256 3095 3317 ab
3126 3277 3240 3319 usu
3288 3259 3392 3321 illo

1865 3361 2120 3422 prorsus
2175 3341 2432 3422 reject0,
2492 3343 2738 3405 cambia
2792 3364 2906 3424 pro
2961 3351 3272 3428 secundis,
3331 3355 3395 3414 et

1867 3435 2162 3514 deinceps
2207 3435 2503 3497 nundinis
2549 3437 2681 3498 sine
2727 3439 2995 3500 termino
3035 3444 3387 3507 exercendi.

1866 3528 2227 3590 Curandum
2274 3532 2485 3589 autem
2514 3530 2633 3590 erit
2676 3530 2737 3590 in
2780 3531 3084 3611 terminis,
3119 3539 3188 3597 ut
3231 3538 3391 3600 ratio

1866 3620 2176 3681 habeatur
2218 3620 2710 3700 longinquitatiS,
2744 3627 2807 3684 et
2848 3624 3183 3689 vicinitatis
3219 3629 3391 3691 loco-

1865 3713 2152 3798 rum,·in
2200 3712 2427 3792 quibus
2472 3714 2697 3775 solutio
2741 3714 3107 3794 destinatur,
3158 3722 3391 3783 nedum

1863 3803 2181 3883 longiores
2222 3805 2655 3883 praefiguntur,
2691 3824 2879 3885 quam
2917 3808 3055 3869 loca
3083 3810 3390 3876 distinctae

1865 3896 2191 3958 solutionis
2238 3896 2617 3974 desiderant,
2669 3898 3020 3960 foenerandi
3068 3902 3253 3966 detur
3287 3905 3393 3969 oc·

1865 3987 2054 4050 casi0.
2092 3988 2480 4068 Quicumque
2511 3995 2728 4051 contra
2755 3990 2919 4052 hanc
2947 4000 3223 4056 nostram
3251 4016 3394 4059 con-

1862 4082 2249 4144 stitutionem
2297 4082 2699 4160 commiserit,
2731 4102 2770 4144 a
2799 4085 2992 4146 sacris
3046 4077 3392 4153 canonibus

1865 4177 2083 4235 contra
2102 4173 2418 4235 usurarios
2434 4174 2681 4238 inflictis
2696 4194 2762 4237 se
2780 4178 3025 4240 noverit
3041 4181 3386 4262 subjacere.

1863 4269 1986 4328 Eos
2040 4284 2215 4343 ver0,
2267 4267 2374 4345 qui
2424 4268 2916 4349 conspirationes
2960 4271 3242 4353 fecerint,
3292 4280 3393 4340 vel

1866 4363 2229 4439 congestam
2274 4358 2549 4439 undique
2593 4362 2922 4439 pecuniam
2966 4364 3054 4426 ita
3083 4367 3163 4427 ad
3204 4388 3270 4431 se
3296 4389 3392 4434 re-

1865 4452 2173 4530 degerint,
2206 4456 2277 4512 ut
2304 4453 2483 4531 quasi
2509 4455 2942 4533 monopolium
2977 4462 3260 4537 pecuniae
3299 4463 3393 4526 fa-

1864 4563 2006 4606 cere
2051 4545 2405 4623 videantur,
2453 4547 2678 4626 poeniS,
2737 4567 2876 4627 quae
2923 4568 2959 4611 a
2987 4550 3130 4630 jure
3172 4561 3392 4618 contra

1865 4642 2226 4699 exercentes
2270 4639 2630 4718 monopolia
2672 4641 3025 4705 constitutae
3077 4652 3242 4725 sunt,
3298 4653 3387 4712 te-

1865 4730 2034 4806 neri,
2095 4729 2434 4795 sancimus,
2484 4754 2512 4790 υ
2572 4734 2721 4794 Haec
2775 4734 2894 4808 ibi;
2943 4755 3133 4815 quam
3178 4745 3390 4803 tamen

1862 4823 2101 4884 bullam
2129 4821 2193 4881 iu
2222 4822 2317 4901 iis,
2354 4842 2493 4903 quae
2516 4823 2677 4904 juris
2707 4829 3008 4889 naturalis
3026 4831 3388 4912 obligationi

1866 4915 2205 4991 adduntur,
2259 4916 2476 4994 paucis
2505 4917 2567 4977 in
2597 4918 2771 4995 lociS,
2807 4922 2869 4982 et
2896 4921 3052 4984 forte
3081 4943 3388 5005 nusquam

1865 5025 2000 5068 csse
2046 5010 2387 5085 receptam,
2429 5008 2651 5070 saltem
2681 5011 2886 5089 quoad
2928 5031 3145 5075 omnes
3181 5020 3390 5080 condi-

1863 5101 2087 5177 tiones,
2121 5099 2274 5161 dicit
2300 5100 2548 5162 Lessius
2577 5102 2729 5164 dub.
2763 5119 2848 5163 xl.
2883 5123 2945 5165 n.
2986 5109 3085 5169 93.
3119 5113 3181 5171 et
3209 5111 3385 5174 Salas

1863 5191 2013 5253 dub.
2069 5208 2240 5254 xxlv.
2300 5212 2362 5254 n.
2419 5194 2480 5255 2.
2539 5192 2647 5254 ubi
2699 5199 2912 5256 tamen
2966 5205 3219 5281 recepta
3265 5211 3379 5285 est,

1865 5284 2142 5363 obligare
2155 5283 2336 5364 juxta
2362 5287 2621 5346 modum
2649 5285 3046 5366 obligationis
3072 5293 3159 5354 ibi
3188 5314 3384 5378 appo-

1859 5377 2015 5440 sitae.

1940 5471 2117 5532 Circa
2173 5470 2439 5550 primam
2493 5477 2738 5554 partem
2779 5494 2905 5538 non
2952 5482 3047 5542 est
3093 5480 3376 5568 dubium,

3527 5488 3645 5552 ¹08
