4263 6376
177 3033 213 3117 ΕΤ

175 5243 199 5273 :·
175 5075 204 5220 &3³3

1242 318 1713 382 DISPUTATIO
1756 318 1946 394 XXX,
1994 316 2269 379 SECTIO
2312 319 2387 379 V.

266 498 515 578 potuisse
536 543 551 572 ,
597 495 657 556 in
702 495 974 575 quadam
1003 497 1284 556 Romana
1312 494 1626 556 societatis
1657 496 1754 553 10.

265 595 395 652 Dec.
427 592 593 651 1597.
626 606 837 649 coram
858 587 1041 649 Card.
1065 587 1421 649 Lancelloto
1449 587 1631 666 :quia
1659 604 1762 645 so-

264 685 379 745 cius
405 701 545 742 usus
572 681 685 742 fuit
704 681 846 760 jure
867 699 1004 757 su0,
1030 686 1092 743 et
1109 681 1402 742 facultate
1414 679 1532 739 sibi
1558 697 1761 739 reser-

262 778 391 836 vata
427 773 818 850 nominandi,
879 774 1130 852 quando
1158 774 1364 850 vellet,
1423 772 1585 835 intra
1623 771 1760 831 illos

263 866 591 947 quindecim
619 866 771 926 dies.
825 866 923 926 Ad
964 866 1083 925 hoc
1113 870 1324 927 autem
1355 865 1473 925 sibi
1504 881 1642 927 eam
1671 862 1760 923 fa-

263 959 530 1019 cultatem
556 962 1020 1032 reservaverat,
1081 961 1151 1018 ut
1177 961 1440 1036 poneret
1466 960 1667 1034 magis
1694 955 1758 1015 in

262 1056 376 1113 tuto
403 1050 724 1129 pecuniam
747 1050 812 1109 in
840 1051 1044 1128 capite
1072 1049 1328 1112 alterius
1368 1048 1637 1129 junioris
1698 1055 1761 1110 et

260 1143 620 1204 robustioris,
670 1144 856 1203 Notat
882 1146 1091 1202 autem
1121 1143 1278 1202 Rota
1307 1141 1427 1217 ibi,
1460 1141 1639 1202 aliter
1667 1140 1761 1199 di-

261 1234 504 1295 cendum
557 1234 775 1309 fuisse,
827 1235 880 1294 si
916 1234 1179 1294 facultas
1226 1233 1587 1294 nominandi
1634 1251 1761 1292 non

260 1329 453 1389 fuisset
477 1326 760 1387 restricta
789 1327 864 1386 ad
895 1325 1253 1405 quindecim
1285 1326 1439 1402 dics,
1465 1325 1574 1385 sed
1601 1328 1765 1385 esset

258 1420 432 1479 libera
459 1418 822 1479 nominandi
851 1419 1020 1480 omni
1049 1424 1328 1497 tempore
1363 1436 1376 1481 :
1429 1418 1565 1479 haec
1595 1418 1760 1478 enim

259 1515 402 1572 esset
427 1511 615 1570 nimia
638 1510 890 1572 licentia
912 1557 927 1586 ,
973 1516 1036 1571 et
1070 1512 1197 1570 fere
1240 1512 1485 1571 tolleret
1530 1510 1606 1570 de
1636 1528 1761 1569 me-

259 1604 348 1663 dio
383 1606 572 1663 totum
624 1602 971 1680 periculum
1026 1602 1308 1680 capitalis
1331 1649 1346 1679 ,
1398 1620 1543 1663 cum
1598 1620 1761 1662 sem·

258 1714 358 1775 per
404 1695 767 1755 adveniente
795 1694 1070 1775 periculo
1117 1695 1356 1771 mortis,
1390 1698 1600 1773 posset
1625 1693 1762 1754 ficri

258 1787 552 1850 translatio
581 1787 836 1866 periculi
862 1807 876 1846 :
903 1806 1025 1866 quo
1057 1788 1331 1865 periculo
1352 1787 1583 1863 ablato,
1617 1805 1762 1848 con-

257 1886 469 1942 tractus
498 1879 599 1940 hic
627 1897 752 1939 non
782 1883 1066 1940 maneret
1093 1879 1372 1958 aequaliS,
1406 1884 1469 1940 et
1488 1879 1714 1958 justuS.

324 1972 582 2034 Advorte
612 1972 883 2051 denique
928 1972 1095 2032 circa
1124 1971 1285 2032 hanc
1315 1972 1756 2050 conditionem,

257 2065 420 2126 hodie
471 2084 546 2125 ex
602 2065 1042 2126 constitutione
1086 2064 1263 2125 Pauli
1310 2067 1385 2126 V.
1437 2084 1628 2144 supra
1674 2067 1762 2127 oi-

254 2161 386 2233 tata,
418 2156 885 2218 translationem
915 2157 1077 2217 banc
1099 2203 1115 2229 ,
1163 2161 1227 2219 et
1272 2158 1761 2219 nominationem

255 2250 490 2328 periculi
519 2249 775 2310 alterius
803 2249 947 2310 vitae
976 2250 1209 2310 debere
1240 2268 1363 2310 non
1394 2249 1594 2311 solum
1622 2251 1762 2311 inti-

254 2341 413 2415 mari,
445 2345 505 2402 et
528 2341 886 2419 reproduci‚
911 2341 1021 2401 sed
1051 2342 1237 2402 etiam
1269 2342 1330 2401 in
1356 2344 1637 2421 margine
1668 2343 1763 2403 in-

254 2434 557 2495 strumenti
586 2434 829 2509 notari‚
889 2452 1013 2512 qua
1061 2434 1378 2494 notatione
1407 2434 1754 2509 deficiente,

252 2527 550 2588 translatio
580 2529 676 2586 est
703 2525 893 2600 nulla,
928 2543 1043 2585 nec
1070 2526 1325 2603 prodest
1336 2528 1755 2603 transferenti,

251 2636 350 2678 nec
376 2619 557 2679 etiam
589 2616 947 2691 officiali,ut
962 2618 1243 2677 decisum
1258 2616 1454 2678 fuitin
1486 2620 1760 2697 quadam

251 2713 509 2771 Romana
552 2709 769 2771 societ.
819 2712 879 2770 5.
935 2710 1263 2771 Decembr.
1320 2712 1494 2772 1616.
1547 2729 1760 2773 coram

252 2802 600 2864 Rambold0.

321 2897 496 2957 Sexta
524 2894 799 2957 conditio
830 2898 945 2971 est,
996 2899 1065 2956 ut
1094 2894 1375 2955 officialis
1405 2912 1529 2954 non
1557 2896 1761 2956 lucre-

250 2990 340 3047 tur
363 2987 646 3066 capitale,
681 2986 731 3047 si
761 2987 835 3063 is,
868 2987 933 3046 in
963 2986 1141 3065 cujus
1168 2987 1313 3047 vitae
1344 2987 1622 3065 periculo
1651 3007 1762 3067 pe-

251 3081 415 3140 cunia
443 3079 861 3155 constituitur,
895 3079 1202 3140 moriatur
1228 3084 1428 3141 morte
1458 3081 1754 3157 violenta,

251 3174 337 3234 vel
360 3173 684 3235 occasione
713 3176 948 3252 partus,
974 3174 1037 3233 et
1064 3172 1400 3252 aliquando
1431 3173 1619 3234 etiam
1650 3173 1762 3235 ad-

250 3265 401 3327 ditur
420 3315 435 3344 ,
469 3273 635 3348 peste
656 3310 671 3341 ,
719 3264 883 3341 bello,
943 3274 1045 3324 aut
1069 3264 1187 3325 alio
1218 3265 1513 3346 epidemioe
1532 3266 1753 3328 morbo·

249 3359 407 3419 Circa
434 3377 624 3439 quam
654 3356 1075 3418 conditionem

316 3451 590 3512 Dubitari
620 3449 779 3510 solet
807 3449 1284 3528 decimoquarto
1311 3498 1325 3525 ,
1371 3469 1451 3511 an
1497 3451 1601 3530 qui
1634 3471 1759 3513 non

247 3542 318 3603 ab
344 3544 480 3621 alio,
513 3544 626 3604 sed
651 3561 801 3603 casu
828 3543 1254 3620 submergitur
1279 3544 1341 3603 in
1371 3543 1646 3622 flumine,
1674 3545 1763 3604 di-

248 3640 408 3696 catur
433 3639 719 3697 mortuus
746 3639 948 3695 morte
977 3634 1275 3710 violenta,
1319 3640 1382 3696 et
1397 3654 1512 3713 per
1541 3654 1761 3697 conse-

247 3745 427 3805 quens
441 3726 1001 3806 impediatofficiali
1025 3728 1417 3788 occasionem
1432 3728 1715 3789 lucrandi
1732 3729 1762 3789 Ῥ

246 3821 316 3881 Ει
342 3819 674 3899 aliquando
716 3820 797 3879 ab
843 3818 1068 3879 Illustr.
1107 3819 1454 3898 Seraphino
1485 3821 1571 3882 ita
1596 3820 1756 3900 judi-

246 3916 438 3972 catum
468 3913 584 3974 suit
610 3958 626 3988 ,
690 3910 869 3989 cujus
896 3910 1200 3991 judicium
1239 3912 1432 3973 refert
1459 3913 1760 3973 Zaccbias

247 4024 300 4066 n.
340 4009 474 4067 402.
500 4005 673 4085 quod
707 4010 916 4066 tamen
940 4005 1044 4065 alii
1075 4009 1327 4083 negant.
1372 4006 1546 4067 Sicut
1574 4007 1761 4067 etiam

245 4097 550 4160 dubitatur
564 4099 644 4159 de
662 4116 757 4173 e0‚
780 4096 885 4176 qui
904 4098 967 4157 in
979 4098 1143 4158 bello
1157 4098 1553 4176 occiditur,et
1565 4099 1644 4158 de
1658 4117 1754 4175 e0‚

246 4190 341 4269 qui
366 4190 615 4269 capitali
638 4189 869 4270 judicis
897 4190 1205 4251 sententia
1234 4191 1516 4266 moritur,
1535 4191 1613 4251 de
1635 4210 1758 4270 quo

245 4283 300 4342 in
327 4284 596 4363 quadam
643 4285 926 4344 Romana
965 4282 1179 4344 societ.
1228 4285 1322 4345 15.
1373 4285 1524 4361 Apr.
1580 4286 1754 4344 1612.

244 4393 439 4438 coram
465 4379 854 4438 Damasceno
876 4375 1112 4436 dictum
1131 4376 1267 4452 fuit,
1294 4394 1416 4436 non
1439 4394 1572 4436 esse
1593 4394 1762 4436 mor-

243 4473 359 4529 tem
390 4469 763 4544 violentam,
823 4472 1010 4548 atque
1055 4468 1212 4529 adeo
1252 4467 1582 4528 officialem
1610 4471 1760 4530 tunc

242 4561 477 4624 lucrari.
532 4562 833 4624 Similiter
861 4560 1215 4638 dubitatur,
1275 4561 1525 4641 quando
1559 4561 1759 4621 socius

244 4673 302 4715 se
332 4655 530 4734 ipsum
560 4654 888 4730 interficit,
936 4671 1126 4733 quam
1170 4653 1358 4714 etiam
1389 4654 1606 4714 dicunt
1633 4673 1759 4714 non

244 4767 367 4809 esse
397 4754 665 4812 mortem
692 4748 1063 4824 violentam,
1099 4746 1286 4826 aliqui
1314 4793 1330 4823 ,
1397 4766 1553 4827 quos
1580 4748 1762 4809 affert

245 4842 528 4903 Zacchias
558 4861 623 4902 n.
655 4844 794 4902 417.
830 4845 893 4902 et
920 4841 1344 4919 sequentibus,

314 4935 440 5013 Ego
469 4935 721 4995 invenio
770 4933 932 4993 banc
977 4932 1321 4993 clausulam
1352 4950 1475 4993 non
1513 4951 1762 5012 semper

244 5025 451 5088 iisdem
479 5027 689 5090 verbis
742 5026 975 5105 apponi
1030 5025 1091 5085 in
1140 5025 1236 5086 his
1283 5026 1708 5088 instrumentis
1742 5044 1755 5085 :

245 5122 471 5181 namin
501 5121 772 5182 formula
815 5136 1005 5199 quam
1053 5119 1233 5179 affert
1261 5121 1443 5179 Azor.
1490 5137 1584 5179 ca.
1618 5134 1755 5179 vm.

242 5212 322 5272 sic
350 5213 594 5291 dicitur,
618 5221 802 5273 morte
827 5221 1017 5272 tamen
1045 5211 1324 5284 naturali,
1346 5231 1460 5271 non
1487 5209 1755 5287 violenta,

240 5324 344 5365 uon
370 5308 447 5380 vi,
492 5309 678 5387 ferro,
712 5324 816 5365 nec
846 5322 1077 5381 venem,
1107 5322 1205 5364 seu
1236 5303 1650 5384 aliter-cumque
1676 5303 1760 5362 in·

241 5398 390 5477 flictu
416 5400 486 5460 ab
541 5399 774 5464 homine
800 5397 1046 5459 violetur
1066 5443 1082 5474 ,
1143 5401 1261 5459 etc.
1315 5398 1385 5459 ln
1414 5397 1520 5457 illa
1550 5400 1760 5457 autem

241 5489 493 5554 formula
514 5538 532 5570 ‚
584 5511 775 5572 quam
805 5492 988 5552 affert
1015 5489 1315 5551 Zacchias
1342 5493 1487 5550 ante
1515 5488 1761 5551 initium

3276 326 3392 387 493

1857 491 1949 551 sui
1982 492 2300 571 opusculi,
2337 496 2400 554 et
2428 496 2521 554 est
2548 495 2890 572 recentior,
2954 498 3042 559 sic
3072 499 3341 561 habetur
3373 515 3388 563 τ

1856 584 2107 664 exceptis
2129 594 2309 664 peste,
2346 584 2509 662 bello,
2544 586 2727 665 ferra,
2763 588 2853 648 vel
2877 607 3115 668 venena,
3147 601 3248 653 aut
3276 592 3390 654 alio

1856 675 2153 756 epidemioe
2178 676 2410 753 morbo,
2477 678 2643 754 etsi,
2700 680 2946 759 feminas
2981 684 3385 764 nominaverit,

1856 777 2091 847 excepto
2113 777 2317 850 partu,
2344 778 2398 829 et
2424 769 2578 829 illius
2607 790 2779 830 εαιιεα
2795 783 3031 852 partus,
3058 780 3175 837 etc.
3203 780 3391 853 Juxta

1858 877 2013 939 quas
2061 861 2371 921 clausulas
2414 861 2692 922 diversas
2737 864 3154 929 diversimode
3202 873 3392 933 etiam

1859 954 2366 1030 respondendum
2421 954 2690 1016 videtur.
2752 958 2817 1016 In
2869 963 3133 1040 utraque
3179 969 3393 1026 autem

1860 1045 2060 1123 excipi
2092 1046 2280 1105 credo
2312 1045 2688 1106 occisionem
2721 1048 2782 1108 in
2827 1049 3021 1129 bello,
3086 1056 3231 1133 quia
3287 1057 3394 1119 illa

1859 1141 1954 1198 est
1993 1155 2164 1197 mors
2204 1138 2476 1199 violenta
2537 1139 2617 1199 ab
2683 1139 2934 1204 homine
2991 1145 3265 1222 inflicta;
3332 1153 3394 1212 et

1861 1228 2027 1288 idem
2056 1229 2244 1289 credo
2277 1230 2355 1289 de
2386 1248 2481 1305 co,
2508 1230 2611 1308 qui
2636 1231 2866 1309 judicis
2895 1240 3200 1299 sententia
3231 1242 3394 1303 occi-

1861 1321 2048 1382 ditur.
2101 1322 2270 1382 Mors
2298 1324 2507 1382 autem
2541 1340 2576 1381 a
2607 1342 2673 1383 se
2704 1324 2836 1403 ipso
2869 1326 3041 1389 illata
3072 1349 3192 1391 non
3225 1334 3392 1395 vide·

1860 1417 1963 1474 tur
2005 1419 2266 1491 excepta
2308 1414 2370 1473 in
2415 1414 2610 1493 priori
2650 1416 2967 1496 clausula,
3031 1423 3179 1501 quia
3207 1444 3391 1487 nemo

1858 1507 2092 1586 patitur
2118 1507 2247 1566 vim
2280 1524 2315 1566 a
2348 1525 2413 1566 se
2455 1507 2589 1585 ipso
2619 1554 2634 1585 ,
2699 1509 2760 1568 in
2802 1511 3011 1589 rigore
3039 1515 3388 1596 loquendo;

1858 1616 2037 1659 secus
2067 1603 2278 1660 autem
2320 1599 2383 1657 in
2432 1601 2760 1676 posteriori
2792 1604 3110 1685 clausula,
3174 1611 3233 1670 in
3270 1631 3394 1692 qua

1859 1710 1984 1751 non
2014 1691 2247 1769 petitur
2274 1691 2594 1753 violentia.
2630 1694 2832 1766 Quare
2862 1697 2914 1756 si
2946 1699 3168 1779 aliquis
3199 1723 3391 1764 vene-

1859 1802 1939 1845 no
1970 1782 2408 1859 involuntarie,
2435 1788 2495 1844 et
2515 1783 2772 1846 fortuito
2793 1795 3044 1867 sumpto
3062 1795 3387 1874 moriatur,

1859 1894 1985 1935 non
2012 1876 2262 1936 videtur
2291 1881 2550 1954 excepta
2582 1877 2645 1936 in
2677 1878 2909 1957 priori,
2946 1883 3056 1942 sed
3087 1884 3148 1944 in
3181 1893 3390 1964 poste-

1856 1967 2006 2027 riori
2035 1967 2334 2028 clausula.
2372 1969 2633 2040 Quando
2665 1989 2814 2031 vero
2836 1972 3089 2035 fortuito
3114 1979 3392 2040 submer-

1858 2060 2028 2138 gitur
2054 2060 2116 2119 in
2149 2078 2333 2138 aqua,
2369 2060 2435 2120 in
2466 2068 2686 2122 nentia
2702 2064 2981 2133 clausula
3012 2068 3262 2131 videtur
3291 2091 3392 2132 ex·

1860 2157 2077 2231 ceptus
2110 2172 2122 2212 :
2159 2153 2321 2214 sicut
2346 2171 2463 2213 nec
2493 2155 2743 2233 quando
2765 2157 2968 2234 ruina,
3001 2161 3099 2220 vel
3129 2181 3277 2224 casu
3305 2170 3393 2227 te-

1858 2246 2042 2324 gulae,
2079 2249 2189 2306 aut
2215 2245 2467 2306 fortuito
2508 2246 2800 2309 incendio
2830 2258 3220 2317 moreretur:
3247 2259 3394 2338 quia

1860 2339 1996 2400 haec
2025 2343 2119 2399 est
2147 2356 2313 2398 mors
2342 2339 2597 2401 fortuita
2627 2340 2866 2421 absque
2893 2343 3212 2425 violentia,
3233 2349 3396 2413 siout

1859 2432 1908 2491 si
1941 2430 2133 2491 nimio
2165 2430 2326 2506 cib0,
2362 2435 2472 2492 aut
2501 2436 2672 2509 potu,
2709 2435 2808 2494 vel
2842 2434 3079 2497 itineris
3128 2444 3190 2501 et
3219 2442 3392 2503 defa-

1858 2523 2176 2602 tigationis
2232 2541 2421 2583 causa
2475 2524 2798 2586 moriatur.
2885 2530 3084 2590 Credo
3150 2536 3393 2613 tamen,

1861 2615 2104 2676 etiamsi
2129 2614 2355 2694 aliquis
2387 2634 2508 2675 non
2541 2616 2706 2677 ferro
2728 2618 2836 2678 sed
2857 2619 3002 2698 igne
3028 2624 3109 2683 ab
3139 2623 3390 2689 homine

1859 2707 2200 2783 occidatur,
2234 2707 2333 2767 vel
2363 2707 2483 2767 alio
2514 2709 2725 2785 modo,
2752 2712 2953 2790 excipi
2985 2715 3174 2776 etiam
3204 2718 3266 2778 in
3298 2739 3392 2781 se·

1859 2796 2062 2862 cunda
2091 2799 2387 2875 clausula,
2411 2800 2514 2860 ubi
2533 2802 2691 2880 ferri
2709 2804 2983 2883 nomine,
3004 2810 3206 2870 omnis
3227 2811 3282 2891 ej
3292 2831 3390 2874 us-

1859 2892 2027 2953 modi
2057 2892 2404 2953 interfectio
2435 2911 2509 2952 ex
2537 2898 2744 2955 mente
2776 2899 3278 2963 contrahentium
3299 2905 3393 2966 vi-

1859 2985 2043 3046 detur
2070 2985 2332 3062 intelligi
2365 3004 2379 3044 :
2425 2986 2586 3048 sicut
2618 2987 2805 3047 etiam
2836 3007 3051 3053 omnes
3080 3001 3390 3073 martyres

1860 3077 2158 3138 dicuntur
2212 3077 2290 3136 ab
2340 3077 2618 3139 Ecclesia
2666 3081 3035 3159 sanguinem
3072 3103 3183 3163 pro
3216 3088 3394 3149 Chri-—

1858 3174 1953 3232 sto
1985 3170 2279 3231 effudisse
2304 3217 2320 3247 ,
2369 3172 2656 3252 quamvis
2702 3193 2824 3235 non
2874 3177 3208 3242 effuderint
3245 3202 3391 3245 vere

1859 3265 2248 3343 sanguinem,
2271 3265 2557 3343 sedigne,
2578 3284 2762 3346 aqua,
2788 3269 2887 3328 vel
2914 3273 3250 3350 suspendio
3282 3295 3392 3355 pe-

1859 3357 2095 3418 rierint.
2133 3358 2198 3419 Si
2228 3376 2376 3417 vero
2407 3358 2632 3437 aliquis
2681 3361 3044 3424 vulneratus
3078 3365 3159 3425 ab
3191 3368 3392 3428 inimi-

1859 3468 1933 3511 co
1962 3449 2278 3510 lethaliter
2299 3497 2314 3527 ,
2362 3454 2504 3527 post
2531 3450 2772 3530 aliquot
2798 3453 2932 3515 dies
2964 3475 3028 3517 se
3057 3476 3090 3518 e
3120 3459 3393 3522 fenestra

1860 3542 2063 3623 ejecit,
2109 3561 2235 3602 non
2273 3542 2459 3603 credo
2518 3551 2843 3623 exceptam
2898 3554 3164 3611 mortem
3220 3554 3392 3614 illam

1859 3634 2050 3714 priori
2083 3635 2389 3709 clausula,
2443 3636 2561 3695 nisi
2592 3655 2668 3696 ex
2701 3638 2959 3700 vulnere
2987 3641 3188 3703 factus
3219 3645 3389 3705 insa-

1859 3747 1975 3788 nus
2014 3745 2079 3787 se
2128 3726 2527 3806 projecisset;
2588 3733 2739 3789 tunc
2793 3731 2958 3790 enim
3006 3735 3231 3796 vulnus
3276 3736 3394 3799 fuit

1859 3838 2049 3881 causa
2077 3820 2297 3879 mortis
2321 3866 2336 3896 ,
2389 3824 2458 3880 ut
2495 3838 2637 3880 cum
2665 3821 2802 3881 aliis
2835 3824 3061 3901 probat
3090 3829 3392 3890 Zacchias

1859 3932 2030 3974 num.
2061 3915 2205 3973 410.
2270 3913 2550 3992 Denique
2581 3915 2867 3992 quamvis
2914 3920 3157 3980 occasio
3190 3922 3393 3998 prima

1859 4006 2084 4066 harum
2114 4006 2550 4083 exceptionum
2583 4025 2706 4067 non
2738 4007 2927 4070 fuerit
2955 4009 3036 4070 ad
3063 4011 3392 4075 vitandum

1860 4098 2207 4177 periculum
2233 4144 2248 4174 ,
2304 4117 2381 4158 ne
2431 4098 2588 4160 forte
2619 4099 2918 4160 officiales
2949 4103 3265 4167 avididate
3291 4108 3389 4168 lu-

1859 4189 2072 4251 crandi
2104 4190 2392 4268 capitale,
2417 4190 2562 4252 vitae
2590 4192 2902 4253 sociorum
2918 4194 3387 4272 insidiarentur;

1858 4301 1981 4343 non
2016 4286 2108 4343 est
2136 4286 2347 4343 tamen
2370 4282 2503 4362 jam
2534 4283 2669 4344 haec
2711 4285 3078 4349 universalis
3105 4291 3263 4352 ratio
3294 4311 3394 4353 re-

1857 4375 2068 4454 gulam
2097 4375 2821 4455 constituen8,quidquid
2854 4377 3022 4440 dicat
3050 4382 3288 4445 Filliuc.
3324 4403 3387 4448 n.

1861 4471 1995 4529 127.
2032 4487 2176 4529 cum
2226 4467 2615 4546 excipiantur
2659 4469 2850 4530 etiam
2898 4471 3267 4552 alii‘casuS,
3327 4476 3391 4538 in

1859 4561 2085 4640 quibus
2115 4579 2239 4621 non
2268 4560 2483 4622 subest
2530 4560 2839 4640 ejusmodi
2875 4565 3222 4641 periculum
3246 4612 3262 4644 ,
3323 4573 3395 4630 ut

1859 4657 2096 4732 partuS,
2129 4653 2339 4731 pestiS,
2374 4652 2628 4726 bellum,
2656 4657 2774 4718 etc.
2810 4658 3210 4718 Attendenda
3238 4677 3391 4739 ergo

1858 4750 2003 4807 sunt
2028 4746 2222 4806 verba
2252 4749 2643 4822 contractuS,
2699 4766 2838 4826 quae
2870 4749 3147 4828 quotidie
3177 4751 3241 4811 in
3273 4751 3392 4812 hac

1860 4837 2142 4900 clausula
2168 4837 2398 4899 variari
2432 4838 2654 4900 solent.

1942 4930 2224 5008 Septima
2252 4931 2525 4992 conditio
2563 4937 2678 5009 est,
2741 4935 2810 4994 ut
2838 4934 2945 5013 qui
3001 4934 3176 4997 dedit
3201 4955 3394 5016 pecu-

1860 5023 2016 5099 nias»,
2073 5024 2272 5103 possit
2308 5028 2438 5085 toto
2495 5024 2684 5084 etiam
2738 5029 3019 5104 tempore
3079 5032 3386 5109 sequenti,

1860 5114 2110 5195 quando
2167 5115 2435 5176 voluerit
2476 5117 2810 5178 transferre
2847 5119 3193 5196 periculum
3247 5123 3391 5186 vitae

1860 5208 1923 5269 in
1952 5227 2165 5283 unam,
2199 5208 2298 5268 vel
2326 5209 2536 5287 plures
2575 5228 2897 5289 personae,
2933 5214 3114 5274 toties
3145 5217 3392 5294 quoties

1860 5302 1916 5362 ei
1946 5301 2281 5377 videbitur,
2314 5300 2402 5362 ita
2429 5304 2661 5379 tamen,
2697 5308 2765 5364 ιιι
2783 5304 3393 5382 postintimationem

1861 5394 2043 5455 dictae
2084 5393 2509 5457 translationis
2548 5395 2719 5456 vivat
2747 5395 2969 5458 decem
3013 5398 3147 5460 dies
3203 5401 3392 5479 (nunc

1853 5486 1988 5567 jam
2017 5487 2234 5548 dicunt
2261 5485 2619 5566 quindecim
2645 5487 2802 5566 dies)
2856 5494 2919 5551 et
2947 5491 3058 5552 flat
3098 5509 3222 5554 non
3256 5510 3393 5573 per·
