4263 6376
607 4596 749 4764 ¹66st
851 4674 919 4716 re
947 4657 1169 4730 factuS,
1205 4656 1353 4734 quia
1383 4655 1444 4715 in
1476 4674 1549 4717 eo
1571 4675 1637 4717 se
1667 4656 1885 4718 laesum
1914 4659 2285 4736 praetendit;
2319 4665 2384 4721 et

508 4755 743 4818 contradus
778 4788 802 4818 a

507 4829 655 4871 niinori
670 4829 802 4871 tectus

525 4883 796 4926 rescindatur.

824 319 942 380 664

828 494 895 557 Si
949 492 1220 572 denique
1277 495 1541 570 uterque
1602 489 1979 552 contrahens
2024 488 2193 549 bona
2235 487 2362 547 fide

825 585 1169 664 processit,
1232 584 1533 644 damnum
1579 582 1842 661 gabellae
1889 581 2220 643 sustinebit
2255 580 2360 659 qui

827 696 969 739 eam
997 677 1201 753 solvit,
1235 676 1384 756 quia
1412 676 1492 736 ad
1520 677 1724 754 ipsum
1741 674 1965 736 solutio
1985 674 2359 754 pertinebat,

827 789 971 832 cum
1000 769 1157 829 alter
1186 787 1309 829 non
1363 769 1644 830 intulerit
1688 766 1915 846 injuste
1945 767 2002 826 ei
2029 766 2152 827 tale
2182 766 2361 825 dam·

827 882 999 939 num,
1034 880 1109 922 ex
1137 862 1450 923 sententia
1475 860 1723 922 Molinae
1753 860 1922 920 dicta
1952 859 2184 936 disput.
2219 862 2358 920 349.

824 958 881 1036 ἓ.
914 953 1311 1029 Sivendz·tor‚·
1352 953 1735 1014 eontrarium
1782 957 1992 1013 tamen
2035 958 2097 1013 et
2141 952 2364 1012 melius

828 1049 1013 1109 docet
1041 1048 1325 1108 Sanchez
1356 1065 1461 1107 nu.
1496 1049 1555 1107 3.
1591 1046 1884 1105 nimirum
1930 1046 2008 1105 ad
2057 1063 2202 1105 eum
2230 1063 2368 1124 per-

824 1141 1026 1201 tinere
1057 1139 1357 1208 damnum
1386 1137 1672 1218 gabellee,
1698 1138 1805 1217 qui
1825 1138 1980 1216 petit
2007 1142 2364 1199 contractus

825 1232 1264 1293 rescissionem
1297 1250 1311 1291 ε
1361 1231 1507 1310 quia
1538 1231 1601 1290 in
1631 1231 2052 1292 contractibus
2079 1230 2263 1290 bonae
2292 1230 2366 1290 fi-

827 1325 926 1386 dei
959 1344 1033 1385 ex
1064 1329 1328 1403 utraque
1362 1328 1562 1402 parte,
1596 1324 1698 1384 ille
1730 1322 1918 1384 debet
1938 1324 2205 1384 alterum
2222 1341 2364 1384 oon-

827 1417 1183 1479 trahentem
1214 1416 1574 1477 indemnem
1603 1435 1877 1492 servare,
1912 1416 2020 1495 qui
2049 1434 2086 1476 a
2116 1419 2367 1476 contra-

827 1514 934 1571 ctu
963 1509 1097 1570 vult
1123 1508 1394 1570 desilire.
1457 1507 1522 1569 Si
1565 1526 1716 1587 ergo
1759 1527 1826 1568 se
1852 1508 2073 1568 laesum
2103 1507 2360 1585 invenit,

827 1620 953 1663 non
983 1605 1156 1681 petat
1183 1606 1539 1662 contractus
1567 1600 2024 1677 rescissionem,
2057 1601 2169 1661 sed
2197 1600 2368 1680 quod

824 1693 1169 1755 reducatur
1198 1693 1279 1753 ad
1309 1692 1731 1772 aequalitatem
1756 1742 1769 1768 ,
1821 1697 1885 1754 et
1922 1693 2009 1754 ita
2038 1711 2165 1753 non
2194 1697 2369 1755 tene—

826 1784 996 1847 bitur
1023 1786 1204 1847 alteri
1244 1803 1650 1863 compensare
1703 1785 2018 1863 gabellam
2067 1786 2358 1846 solutam.

828 1880 975 1938 Haec
1004 1883 1216 1938 tamen
1246 1879 1459 1938 omnia
1503 1876 1832 1939 limitanda
1862 1883 2012 1956 puto
2045 1896 2189 1939 cum
2218 1881 2369 1940 Vas·

827 1988 984 2050 quez
1014 1970 1180 2031 dicto
1209 1971 1265 2049 ἓ.
1300 1971 1376 2030 11.
1412 1970 1562 2030 dub.
1599 1986 1683 2031 1x.
1739 1988 1914 2032 num.
1948 1974 2048 2032 53.
2102 1971 2207 2050 qui
2241 1989 2368 2032 me-

827 2063 947 2124 rito
979 2063 1220 2124 notavit
1243 2062 1467 2139 obiter,
1487 2062 1741 2142 quando
1759 2063 2031 2142 pretium
2043 2069 2138 2125 est
2165 2083 2370 2124 exces-

828 2155 1031 2215 sivum
1062 2173 1254 2233 supra
1274 2156 1539 2234 justum,
1572 2173 1647 2215 ex
1678 2155 1784 2216 illo
1817 2174 2073 2217 excessu
2105 2175 2229 2217 non
2260 2157 2369 2216 de-

829 2246 964 2308 beri
995 2248 1308 2325 gabellam
1355 2264 1369 2306 :
1420 2248 1589 2326 quod
1637 2248 1890 2326 probari
1919 2254 2162 2327 potest,
2222 2250 2370 2328 quia

831 2340 1123 2401 venditor
1149 2340 1338 2402 debet
1376 2344 1580 2402 totum
1629 2341 1804 2400 illum
1834 2360 2155 2402 excessum
2184 2343 2368 2403 resti-

830 2437 1008 2494 tuere
1038 2432 1303 2512 emptori
1336 2433 1417 2493 ad
1449 2452 1636 2512 quem
1664 2432 1956 2512 pertinet.
2017 2436 2153 2494 Non
2183 2435 2371 2496 debet

831 2530 1044 2586 autem
1071 2525 1383 2604 gabellam
1403 2572 1422 2598 ,
1485 2526 1605 2585 nisi
1645 2543 1718 2586 ex
1747 2528 1945 2605 pretio
1977 2527 2143 2605 quod
2174 2527 2262 2588 ita
2289 2528 2370 2588 ad

833 2617 1226 2678 venditorem
1258 2617 1467 2694 venit,
1526 2622 1596 2679 ut
1646 2618 1841 2696 possit
1883 2619 2035 2679 illud
2064 2619 2364 2692 retinere;

835 2709 887 2770 si
913 2728 1062 2788 ergo
1095 2709 1374 2770 nondum
1403 2712 1603 2771 soluta
1635 2716 1729 2772 est
1740 2711 2008 2790 gabella,
2037 2729 2161 2771 non
2184 2711 2373 2773 debet

835 2821 911 2862 ex
939 2802 1042 2862 illo
1076 2820 1335 2862 excessu
1364 2802 1562 2878 solvi,
1615 2803 1724 2862 sed
1755 2803 1944 2864 debet
1970 2803 2213 2865 restitui
2245 2823 2371 2863 em-

836 2894 1001 2973 ptori
1034 2914 1047 2954 :
1083 2894 1134 2953 si
1170 2913 1319 2956 vero
1352 2895 1557 2955 soluta
1586 2898 1680 2956 est
1700 2894 1834 2974 jam
1863 2897 2134 2974 gabella‚
2167 2900 2374 2975 potest

836 2987 1045 3065 quoad
1074 2987 1246 3047 illam
1295 2993 1539 3064 partem
1568 3006 1607 3048 a
1633 2988 1976 3066 gabellario
2006 2990 2204 3067 repeti
2234 2994 2375 3051 tan-

836 3097 1027 3157 quam
1056 3078 1330 3139 indebite
1361 3080 1598 3153 soluta3
1661 3079 1711 3138 si
1755 3085 1966 3142 autem
2011 3099 2138 3141 non
2169 3085 2374 3159 potest

837 3170 1219 3248 recuperari,
1253 3171 1526 3250 patietur
1550 3171 1703 3232 illud
1734 3171 2055 3249 damnum,
2090 3173 2198 3252 qui
2227 3193 2376 3235 oau-

838 3281 973 3324 sam
1004 3263 1299 3342 injustam
1326 3263 1536 3340 dedit,
1595 3265 1695 3326 vel
1725 3265 1777 3324 si
1817 3265 1981 3326 bona
2010 3266 2136 3326 fide
2165 3272 2375 3328 actum

838 3361 953 3433 est,
986 3356 1257 3436 patietur
1286 3357 1394 3436 qui
1423 3375 1563 3419 eam
1592 3358 1810 3430 solvit,
1863 3359 1943 3419 ad
1990 3377 2177 3438 quem
2215 3361 2375 3421 solu-

839 3449 926 3511 tio
976 3449 1369 3527 pertinebat,
1435 3451 1534 3511 vel
1573 3451 1681 3530 qui
1735 3451 1891 3530 petit
1941 3452 2378 3513 rescissionem

842 3546 1200 3603 contractus
1248 3541 1431 3621 juxta
1497 3543 1850 3606 doctrinam
1911 3545 2195 3625 proxime
2267 3546 2380 3606 da-

839 3638 992 3696 tam.

921 3728 1130 3789 Tertio
1184 3731 1390 3805 potest
1442 3727 1712 3789 rescindi
1751 3727 2027 3790 venditio
2080 3747 2155 3790 eo
2211 3730 2381 3810 quod

842 3823 1015 3881 metu
1043 3820 1141 3880 vel
1172 3819 1316 3881 dolo
1366 3821 1532 3881 malo
1562 3820 1905 3882 venditoris
1933 3821 2032 3881 vel
2079 3824 2382 3902 emptoris

845 3913 1012 3974 sacta
1039 3913 1120 3974 sit
1170 3933 1183 3974 :
1237 3918 1300 3973 et
1342 3918 1493 3975 tuno
1539 3913 1853 3991 gabellam
1901 3914 2171 3975 solutam
2199 3916 2380 3979 resti-

847 4009 1021 4066 tuere
1053 4004 1274 4081 debet,
1309 4005 1415 4084 qui
1445 4005 1658 4066 dolum
1685 4006 1784 4065 vel
1812 4009 2052 4068 metum
2081 4006 2381 4086 injustum

845 4098 1092 4177 posuit,
1154 4098 1241 4159 ita
1270 4117 1414 4159 cum
1442 4098 1579 4158 aliis
1610 4099 1892 4159 Sanchez
1921 4118 2027 4160 nu.
2059 4104 2120 4161 4.
2156 4105 2219 4162 et
2244 4104 2384 4164 Mo-

846 4191 974 4251 lina
1014 4190 1243 4270 disput.
1278 4194 1415 4252 352.
1463 4191 1528 4250 in
1570 4207 1665 4252 111.
1718 4196 1780 4252 et
1811 4209 1898 4253 1v.
1951 4194 2226 4255 conclus,
2279 4196 2383 4256 ille

850 4284 1037 4359 enim,
1059 4283 1165 4363 qui
1181 4283 1549 4362 injustitiam
1565 4284 1896 4363 commisit,
1912 4285 2100 4349 debet
2114 4288 2383 4348 alterum

849 4376 1208 4437 indemnem
1237 4394 1489 4437 servare
1518 4380 1580 4437 et
1609 4376 1927 4456 integrum
1952 4378 2256 4440 damnum
2284 4400 2384 4442 su-

852 4470 1101 4531 stinere.

932 4565 1165 4635 Quarto
1195 4564 1401 4640 potest
1436 4562 1707 4623 rescindi
1734 4568 2092 4627 eontractus
2120 4584 2160 4626 a
2186 4566 2383 4628 mino-

850 4753 1001 4810 tune
1053 4747 1365 4825 gabellam
1409 4767 1591 4828 posse
1638 4767 1674 4809 a
1716 4749 2057 4828 gabellario
2099 4751 2377 4822 retineri.

850 4840 1035 4901 docet
1077 4841 1238 4901 bene
1285 4859 1430 4901 cum
1472 4842 1609 4903 aliis
1653 4842 1884 4904 Melina
1912 4843 2076 4903 dicto
2109 4859 2179 4904 11.
2212 4848 2381 4905 tomo

851 4932 1010 5011 disp.
1044 4936 1182 4994 573.
1212 4934 1266 5012 ξ.
1300 4933 1466 4994 Illud
1501 4933 1918 4996 observandum
1941 4980 1957 5011 ,
2017 4933 2166 5014 quia
2211 4936 2383 5015 prior

849 5026 1124 5088 venditio
1170 5026 1380 5087 valida
1422 5026 1539 5088 fuit
1562 5073 1577 5103 ,
1636 5028 1783 5088 licet
1836 5031 2055 5105 postea
2108 5027 2378 5089 rescindi

847 5123 1077 5198 posset.
1114 5120 1319 5193 Quare
1348 5120 1400 5180 si
1414 5120 1620 5180 minor
1647 5120 1921 5180 solverat
1946 5124 2143 5180 totam
2168 5121 2380 5199 gabel-

846 5213 994 5289 lam,
1028 5213 1161 5291 ipse
1191 5212 1359 5272 solus
1390 5229 1530 5272 eam
1560 5211 1783 5290 perdet
1818 5231 1831 5273 :
1864 5211 1917 5270 si
1946 5212 2102 5272 alius
2133 5218 2384 5275 contra-

849 5305 1002 5364 hens
1032 5308 1274 5382 partem
1306 5303 1402 5364 vel
1433 5307 1630 5365 totam
1659 5304 1952 5380 solverat,
1985 5304 2216 5384 singuli
2244 5323 2382 5384 per-

846 5397 998 5458 dent
1024 5397 1087 5456 id
1116 5396 1285 5476 quod
1313 5396 1631 5458 solverant
1680 5416 1693 5457 :
1738 5401 1800 5457 et
1827 5396 1984 5458 ratio
2014 5416 2150 5457 esse
2180 5402 2384 5476 potest

846 5488 994 5570 quia
1021 5490 1168 5551 huic
1196 5489 1476 5570 periculo
1505 5508 1571 5550 se
1602 5489 1928 5568 exposuit,
1961 5489 2067 5570 qui
2098 5509 2240 5551 cum
2269 5491 2386 5552 mi-

2033 314 2136 373 DE
2176 311 2528 374 JUSTITIA
2573 311 2672 370 ET
2715 309 2915 371 JURE

2461 503 2614 546 nore
2656 483 2985 548 contraxit.
3047 485 3228 558 Quod
3280 484 3335 546 si
3379 485 3586 547 minor
3629 503 3764 546 rem
3813 502 4008 564 quam

2460 579 2833 640 vendiderat
2861 583 3194 658 recuperat
3240 578 3319 639 ab
3361 579 3579 640 ultimo
3616 596 4003 657 possessore,

2460 672 2543 732 ad
2572 690 2760 752 quem
2789 689 2903 749 per
2929 672 3160 733 multas
3177 671 3571 733 venditiones
3598 670 4009 731 intermedias

2463 769 2862 843 pervenerat,
2898 764 2960 823 in
2994 764 3220 842 quibus
3250 763 3537 825 omnibus
3565 762 3811 842 gabella
3844 763 4009 823 solu·

2462 860 2527 917 ta
2553 857 2793 929 fuerat;
2854 875 2997 916 cum
3028 856 3256 935 singuli
3285 856 3644 917 venditores
3670 859 4011 916 teneantur

2465 949 2541 1009 de
2571 950 2879 1011 evictione
2901 949 3027 1009 suis
3057 949 3467 1027 emptoribuS‚
3491 967 3887 1029 consequens
3918 950 4013 1008 est

2462 1046 2532 1103 ut
2547 1046 2748 1104 totum
2764 1042 2912 1102 illud
2936 1041 3238 1101 damnum
3249 1046 3603 1120 emptorum
3622 1043 4012 1121 subsequen·

2461 1134 2617 1196 tium
2648 1154 2721 1195 ex
2737 1134 2997 1212 gabellis
3018 1134 3235 1195 solutis
3256 1135 3625 1196 refundatur
3649 1134 3713 1194 in
3730 1134 4011 1214 primum

2464 1226 2890 1303 venditorem,
2933 1227 3040 1306 qui
3068 1245 3108 1287 a
3136 1227 3378 1287 minore
3409 1232 3649 1288 emerat
3695 1230 3759 1288 et
3787 1232 4011 1306 postea

2465 1337 2599 1379 rem
2629 1318 2950 1396 vendidit,
2996 1323 3066 1380 ut
3093 1337 3238 1380 curn
3265 1322 3523 1381 Lasarte
3552 1320 3811 1381 resolvit
3838 1320 4010 1380 idem

2464 1412 2718 1475 Molina.

2542 1504 2938 1566 Contrarium
2995 1503 3182 1584 hujus
3231 1506 3556 1568 sententiae
3603 1505 3818 1585 docuit
3849 1507 4013 1567 San-

2467 1597 2619 1657 chez
2668 1597 2832 1659 dicto
2864 1597 3016 1659 dub.
3049 1614 3145 1658 xi..
3196 1598 3261 1657 in
3288 1598 3397 1658 fin.
3433 1598 3647 1659 dicens
3670 1644 3686 1674 ,
3742 1599 4009 1659 rescisso

2466 1694 2793 1752 contractu
2821 1690 3080 1750 minoris
3111 1690 3344 1751 debere
3371 1690 3786 1769 gabellarium
3818 1690 4011 1752 etiam

2464 1782 2796 1842 restituere
2843 1782 2897 1841 ei
2955 1781 3271 1860 gabellam
3320 1800 3510 1861 quam
3540 1801 3619 1842 ex
3645 1783 4010 1844 venditione

2466 1873 2760 1951 solverat,
2795 1875 2945 1954 quia
2964 1874 3274 1936 restitutio
3304 1876 3517 1935 omnia
3563 1875 3627 1936 in
3674 1876 4011 1954 pristinum

2467 1971 2702 2028 statum
2731 1967 3004 2029 restituit
3024 2013 3040 2044 ‚
3102 1968 3272 2046 quod
3320 1968 3550 2047 probat
3577 1987 3654 2029 ex
3681 1969 3724 2030 l.
3763 1967 3939 2043 Quod
3962 1968 4016 2029 si

2466 2060 2676 2133 minor,
2709 2061 2765 2137 g.
2804 2060 3132 2135 Restitunb,
3169 2062 3230 2121 ff.
3266 2060 3336 2122 de
3362 2061 3706 2124 minoribus.
3762 2062 3895 2123 Sed
3923 2062 4010 2122 ibi

2466 2154 2669 2215 solum
2721 2156 2816 2214 est
2867 2171 3071 2214 sermo
3116 2153 3194 2214 de
3249 2153 3640 2217 restitutione
3685 2155 3750 2215 in
3781 2155 4006 2215 ordine

2469 2246 2545 2307 ad
2580 2245 3059 2307 contrahentem
3088 2264 3231 2307 cum
3261 2246 3504 2307 minore
3530 2292 3546 2322 ,
3597 2265 3635 2307 a
3665 2264 3792 2327 quo
3824 2247 4014 2308 debet

2467 2338 2674 2399 minor
2700 2339 2941 2399 restitui
2973 2339 3181 2418 quoad
3200 2339 3411 2399 omnia
3438 2340 3499 2399 in
3526 2340 3864 2417 pristinum
3893 2345 4010 2400 sta-

2467 2437 2623 2495 tum.
2663 2432 2812 2502 Quae
2842 2431 3001 2492 ratio
3032 2449 3154 2492 non
3188 2431 3439 2492 videtur
3481 2432 3829 2511 procedere
3860 2451 4011 2494 con-

2469 2529 2566 2587 tra
2592 2523 2811 2584 fiscum
2840 2523 2940 2583 cui
2970 2524 3285 2602 gabellam
3313 2524 3498 2586 solvit
3525 2540 3670 2584 vere
3701 2524 4007 2586 debitam:

2469 2616 2639 2676 nulla
2666 2616 2834 2675 enim
2861 2616 3030 2677 laesio
3060 2617 3369 2696 praetendi
3395 2621 3601 2696 potest
3627 2635 3703 2678 ex
3733 2636 3810 2679 eo
3842 2618 4013 2698 quod

2468 2726 2688 2770 verum
2715 2708 2996 2770 debitum
3025 2709 3316 2786 solverit,
3368 2709 3531 2771 sicut
3557 2709 3607 2770 si
3632 2709 3851 2790 bajulo
3884 2731 4017 2791 pre-

2469 2801 2626 2862 tium
2652 2802 2859 2878 solvit,
2894 2806 2964 2863 ut
2990 2820 3126 2862 rem
3156 2802 3476 2863 venditam
3505 2803 3763 2864 domum
3790 2804 4009 2880 ferret,

2472 2912 2595 2954 non
2624 2897 2830 2973 potest
2855 2898 3075 2973 postea
3102 2894 3496 2957 restitutione
3526 2895 3804 2971 obtenta,
3829 2900 3899 2957 et
3924 2914 4015 2956 re-

2470 2986 2767 3046 scissione
2795 2986 3197 3063 venditionis,
3214 2991 3426 3065 petere
3441 3005 3481 3048 a
3495 2985 3597 3065 baj
3607 2987 3709 3048 ulo
3738 2989 4016 3066 pretium

2471 3078 2559 3138 illi
2587 3079 2894 3155 solutum,
2946 3080 3109 3140 sicut
3150 3098 3353 3159 neque
3399 3098 3438 3138 a
3467 3079 3710 3142 notario
3741 3081 4015 3158 pretium

2472 3170 2559 3231 illi
2602 3170 2878 3233 solutum
2925 3171 3006 3232 ob
3053 3171 3538 3234 instrumentum
3580 3172 3969 3234 venditionis
3997 3194 4021 3235 ι

2474 3263 2609 3324 haec
2638 3264 2804 3324 enim
2832 3264 3041 3325 omnia
3071 3269 3252 3326 erant
3268 3283 3419 3326 vera
3447 3264 3659 3326 debita
3683 3266 4011 3328 solvenda.

2475 3356 2650 3418 Idem
2696 3375 2845 3436 ergo
2894 3356 3014 3417 dici
3063 3358 3253 3420 debet
3297 3359 3378 3419 de
3424 3358 3675 3438 gabella
3703 3360 3915 3421 soluta
3944 3379 4018 3420 ex

2476 3450 2857 3527 venditione,
2891 3470 3030 3531 quae
3059 3469 3183 3512 non
3212 3451 3418 3512 minus
3437 3450 3648 3513 debita
3677 3457 3820 3513 erat
3837 3453 4012 3529 fiseo,

2478 3561 2668 3622 quam
2696 3542 2965 3620 pretium
2991 3544 3387 3605 instrumenti
3409 3544 3651 3605 notario
3672 3544 3773 3605 vel
3785 3545 4012 3625 judici,

2481 3636 2589 3715 qui
2618 3636 3058 3698 auctoritatem
3092 3637 3381 3715 praebuit.

2559 3728 2888 3789 Dubitatur
2917 3729 3454 3807 decimoseptimO,
3508 3749 3587 3791 an
3634 3749 3711 3790 ex
3761 3732 4016 3792 redem-

2479 3822 2691 3902 ptione
2702 3839 2926 3881 census
2940 3821 3245 3883 debeatur
3258 3823 3507 3901 gabella
3519 3824 3549 3884 ⁵?
3560 3825 4011 3902 supponimus,

2483 3912 2732 3996 quando
2788 3914 3133 3976 instituitur
3175 3935 3423 3992 censue,
3470 3916 3600 3977 sive
3643 3916 4016 3978 redimibilis

2480 4008 2611 4068 sive
2638 4006 3084 4084 irredimibiliS,
3120 4008 3333 4069 deberi
3364 4009 3706 4088 gabellam,
3746 4010 3899 4091 quia
3926 4017 4017 4073 est

2481 4099 2731 4179 propria
2776 4100 3077 4177 venditi0‚
3128 4107 3198 4163 ut
3248 4101 3519 4162 diximus
3560 4120 3758 4180 supra
3787 4104 3918 4164 dub
3944 4120 4012 4165 11.

2482 4192 2684 4269 Unde,
2716 4192 2765 4253 si
2798 4192 2851 4253 is
2880 4194 2988 4272 qui
3018 4212 3275 4254 censum
3305 4194 3602 4272 possidet,
3624 4196 3810 4256 illum
3840 4195 4017 4257 alteri

2480 4286 2734 4361 vendat,
2786 4285 2977 4366 debet
3018 4287 3206 4347 etiam
3254 4287 3570 4365 gabellam
3598 4289 3773 4367 quod
3806 4293 4016 4350 tamen

2481 4379 2543 4439 in
2626 4378 2924 4458 Hispania
2995 4398 3118 4440 non
3178 4385 3462 4442 servatur
3534 4381 3597 4441 in
3695 4383 4015 4457 censibuS‚

2484 4491 2641 4552 quos
2669 4491 2779 4533 rex
2805 4473 3009 4548 solvit,
3042 4491 3199 4552 quos
3227 4474 3415 4552 vulgo
3445 4477 3677 4535 vocant
3699 4474 3908 4551 duros,
3944 4494 4019 4534 ex

2479 4564 2556 4625 iis
2585 4565 2752 4625 enim
2780 4583 2906 4626 non
2951 4565 3153 4626 solum
3183 4565 3435 4645 quando
3484 4566 3689 4644 primo
3721 4572 4020 4628 emuntur

2482 4677 2519 4716 .·ι
2571 4675 2743 4736 rege,
2805 4675 2930 4717 non
2984 4657 3250 4718 solvitur
3302 4656 3574 4736 gabella,
3636 4658 3751 4719 sed
3804 4677 4013 4738 neque

2483 4750 2672 4810 etiam
2701 4749 2952 4829 quando
3002 4767 3325 4827 possessor
3368 4749 3506 4811 illos
3553 4751 3737 4813 alteri
3778 4751 4016 4828 vendit,

2482 4847 2551 4904 ut
2589 4859 2733 4902 cum
2775 4843 2912 4903 aliis
2942 4841 3237 4904 observat
3277 4843 3511 4905 Molina
3539 4848 3695 4905 tom.
3745 4860 3815 4904 11.
3850 4843 4015 4922 disp.

2481 4939 2619 4999 384.
2665 4936 2727 4996 in
2775 4937 2922 5012 fine,
2975 4936 3143 5015 quod
3199 4937 3261 4996 in
3290 4936 3596 4998 honorem
3642 4941 3705 4998 et
3745 4937 4017 5016 gratiam

2481 5048 2705 5090 census
2733 5028 2890 5109 regii
2918 5028 3344 5090 introductum
3374 5035 3489 5091 est.

2561 5125 2649 5182 De
2687 5122 2824 5182 aliis
2877 5140 3027 5200 ergo
3075 5122 3368 5183 censibus
3412 5121 3880 5182 redimibilibus
3929 5121 4016 5182 di-

2479 5215 2750 5275 cendum
2779 5218 2892 5290 est,
2928 5214 2977 5276 si
3009 5232 3153 5275 cum
3182 5233 3255 5275 eo
3284 5219 3468 5294 pacto
3494 5213 3734 5276 venditi
3763 5219 3934 5290 sunt,
3957 5218 4019 5275 et

2482 5326 2557 5368 ex
2610 5307 2671 5368 vi
2728 5307 2890 5367 illius
2945 5307 3110 5386 pacti
3159 5313 3377 5386 postea
3418 5306 3839 5382 redimantur,
3890 5326 4013 5368 non

2483 5399 2693 5462 deberi
2752 5418 2980 5461 novam
3032 5400 3347 5479 gabellam
3390 5399 3453 5458 in
3507 5399 3949 5478 redemptione
3993 5420 4013 5459 ε

2482 5492 2633 5574 quia
2651 5492 2753 5553 ille
2785 5511 2909 5554 non
2940 5496 3036 5556 est
3062 5510 3264 5554 novus
3293 5496 3681 5572 contractus,
3709 5492 3821 5554 sed
3851 5510 4018 5555 reso·

4058 3868 4158 4030 {e}
4143 3744 4158 3800 „
