4263 6376
1157 295 1627 359 DISPU'rA'rlo
1669 295 1969 370 XXXVII,
2019 295 2293 357 SECTIO
2338 296 2441 356 XI.

174 490 452 534 munera
479 478 744 550 retenta,
777 491 967 553 quam
997 479 1256 553 propter
1286 480 1582 555 accepta3
1631 494 1726 536 er·

174 583 269 642 go
294 567 375 626 ad
405 566 727 627 vitandum
758 566 908 626 illud
945 567 1291 646 periculum
1322 573 1451 629 tam
1491 572 1731 648 oporte-

175 657 282 719 bit
310 659 635 722 restituere
664 663 808 738 post
861 658 1309 737 acceptionem,
1363 679 1553 740 quam
1602 679 1725 721 non

178 750 498 830 accipere.
551 751 710 827 Dixi,
769 749 1141 831 requieriter,
1202 751 1348 832 quia
1391 752 1727 831 aliquando

180 844 272 903 ob
305 844 664 922 fugiendam
692 844 1182 906 inurbanitatem
1217 849 1427 924 posset
1466 845 1728 906 fortasse

181 936 381 997 licere
410 935 675 997 retentio
711 937 961 998 :minus
992 937 1159 997 enim
1205 937 1519 998 urbanum
1568 942 1730 998 esset

181 1030 459 1090 reddere
488 1029 677 1090 semel
698 1034 978 1109 accepta,
999 1047 1190 1109 quam
1211 1031 1420 1092 oblata
1446 1031 1729 1092 modeste

181 1141 518 1195 recusare3
572 1126 634 1184 et
697 1122 837 1184 ideo
893 1123 1114 1185 stando
1168 1123 1229 1181 in
1265 1124 1409 1202 jure
1463 1128 1725 1201 naturae,

180 1219 407 1294 posset
432 1213 769 1293 aliquando
813 1233 888 1275 ex
929 1216 1050 1275 hoc
1083 1216 1286 1294 capite
1321 1216 1605 1277 excusari
1633 1234 1733 1276 re-

180 1308 431 1380 tenti03
467 1307 707 1368 etiamsi
734 1307 1012 1387 acceptio
1042 1308 1258 1368 fuisset
1275 1309 1517 1369 vitiosa.
1553 1310 1731 1371 Unde

185 1400 402 1461 obiter
440 1400 639 1462 infero
686 1401 892 1461 minus
921 1400 1119 1461 teneri
1158 1401 1236 1460 ad
1277 1402 1732 1464 restituendum

182 1493 467 1572 pretium
496 1497 638 1571 post
664 1511 928 1553 munera
957 1497 1219 1572 accepta
1243 1496 1307 1555 et
1333 1497 1727 1573 consumpta,

185 1603 392 1664 quam
434 1585 513 1646 ad
555 1586 945 1647 restituenda
991 1586 1127 1664 ipsa
1171 1575 1480 1647 munera:
1532 1588 1736 1666 major

185 1678 365 1738 enim
395 1683 556 1739 esset
583 1678 969 1739 inurbanitas
996 1678 1259 1738 reddere
1308 1678 1579 1757 pretium
1621 1679 1735 1739 ho-

186 1771 353 1830 mini
385 1770 592 1846 nobili,
628 1771 731 1849 qui
764 1770 999 1851 aliquid
1038 1770 1233 1849 judici
1281 1770 1556 1832 donavit.
1604 1771 1737 1831 Ali-

188 1863 452 1943 quando
481 1867 692 1924 tamen
722 1864 802 1923 ad
832 1863 952 1923 hoc
980 1863 1168 1924 etiam
1196 1867 1513 1925 teneretur
1531 1863 1735 1943 'judex

187 1960 457 2037 propter
483 1956 828 2035 periculum
858 1955 1277 2034 pei-versionis
1299 1955 1541 2035 judicii,
1568 1956 1736 2036 quod

189 2069 272 2110 ex
304 2048 714 2128 praecedentis
742 2048 1019 2109 muneris
1049 2048 1408 2126 acceptione
1427 2049 1731 2111 imminet.

188 2135 480 2221 Denique
510 2147 650 2220 post
675 2140 914 2203 finitam
945 2141 1115 2202 litem
1144 2141 1248 2201 illa
1277 2141 1573 2220 obligatio
1605 2160 1739 2202 ces-

188 2239 300 2296 sat
326 2235 402 2295 de
425 2233 568 2314 jure
597 2238 858 2310 naturas,
896 2238 961 2295 ut
1007 2234 1160 2310 dixi,
1204 2233 1352 2312 quia
1412 2238 1562 2295 tunc
1604 2234 1738 2314 jam

189 2346 327 2388 non
357 2331 451 2387 est
489 2327 835 2405 periculum
881 2327 1301 2406 perversionis
1341 2327 1585 2405 judicii,
1621 2347 1737 2389 nec

186 2422 268 2482 fit
303 2421 429 2480 ulla
461 2418 688 2499 injuria
732 2419 892 2498 parti
943 2420 1222 2480 adversas
1274 2418 1336 2478 in
1392 2419 1739 2481 retentione

190 2513 514 2584 muneris;
550 2531 623 2573 ex
649 2531 774 2592 qua
815 2513 899 2572 illi
929 2512 1168 2573 nullum
1206 2511 1341 2592 jam
1387 2513 1739 2592 pericnlum

192 2605 509 2666 imminet.

288 2696 647 2760 Secundum
678 2696 938 2758 dubium
970 2703 1098 2774 est,
1152 2698 1467 2777 loquendo
1497 2699 1577 2758 de
1598 2697 1741 2778 jure

196 2792 505 2867 humano,
540 2809 643 2867 an,
677 2794 740 2851 et
768 2791 1081 2869 quomodo
1112 2791 1297 2853 liceat
1321 2837 1337 2867 ,
1389 2791 1490 2851 vel
1518 2809 1643 2851 non
1668 2792 1744 2850 li-

195 2888 348 2946 ceat
375 2884 599 2944 horum
628 2900 961 2942 munerum
1006 2883 1306 2961 acceptio.
1370 2885 1436 2943 In
1487 2902 1610 2962 quo
1643 2883 1739 2943 di-

194 2977 475 3040 cendum
499 2977 826 3056 estprim0‚
852 2976 1167 3055 loquendo
1188 2976 1265 3036 de
1289 2974 1604 3055 judicibus
1633 2975 1744 3036 lai-

195 3072 336 3147 ciS,
397 3088 562 3149 saepe
603 3070 667 3129 in
705 3068 846 3148 jure
891 3069 1208 3130 communi
1239 3069 1624 3149 prohibitam
1654 3068 1743 3130 eis

195 3183 342 3226 esse
373 3181 701 3225 munerum
736 3162 1184 3242 acceptionem,
1218 3166 1287 3225 ut
1317 3166 1563 3225 constat
1589 3181 1664 3223 ex
1693 3162 1736 3224 1.

193 3258 538 3333 plebiscito,
572 3259 636 3318 ff.
669 3253 739 3317 de
765 3256 927 3337 offic.
957 3256 1247 3337 prcesidis,
1283 3257 1322 3318 l.
1360 3256 1542 3329 Solet,
1580 3258 1641 3317 ff.
1676 3256 1746 3317 de

193 3351 407 3432 officio
426 3348 814 3431 proconsulis.
849 3349 1037 3410 Auth.
1064 3349 1402 3429 Aevojure,
1435 3350 1501 3410 C.
1529 3348 1597 3408 de
1613 3368 1746 3430 poe—

193 3443 538 3524 najudicis.
564 3442 753 3502 Auth.
791 3439 1143 3521 Dejudicib.
1177 3441 1231 3519 ἓ.
1268 3440 1453 3500 nullo
1481 3460 1730 3522 quoque,

196 3541 268 3597 et
297 3536 352 3614 ἓ.
388 3554 519 3614 seq.
556 3533 748 3596 Auth.
788 3532 1113 3613 Utjudices
1130 3534 1253 3593 sine
1278 3552 1507 3613 quoque
1524 3535 1746 3613 suffra-

194 3630 304 3710 91‘0
331 3627 504 3709 fiunt,
538 3628 579 3689 l.
614 3643 658 3688 1.
696 3629 763 3689 C.
818 3626 898 3686 od
921 3626 1101 3707 leqem
1128 3626 1350 3686 lulium
1397 3626 1750 3707 repetundo-

197 3742 363 3798 rum,
399 3725 461 3782 et
489 3720 633 3781 alibi
664 3739 851 3799 saepe.
890 3720 1205 3799 inquibus
1226 3725 1288 3781 et
1313 3738 1577 3781 munera
1606 3739 1747 3800 pro-

199 3817 528 3890 hibentur,
563 3818 628 3874 et
648 3831 852 3893 poenas
882 3816 1273 3885 statuuntur;
1323 3813 1400 3872 de
1425 3812 1567 3891 jure
1597 3832 1746 3874 vero

196 3907 513 3971 canonico
554 3906 872 3986 judicibus
923 3905 1361 3968 ecclesiasticis
1406 3906 1632 3966 eadem
1680 3907 1751 3968 fit

198 3999 583 4087 prohibitio,
636 4019 731 4061 ca.
783 3999 933 4059 Cum
971 3997 1044 4058 ab
1074 3998 1269 4075 omni,
1320 3997 1390 4059 de
1417 3999 1539 4059 vita
1567 3999 1748 4075 etflo-

197 4103 354 4156 nest.
380 4092 647 4156 clericor.
678 4110 815 4170 cap.
852 4092 1154 4152 Statutum
1173 4138 1188 4168 ,
1223 4091 1291 4152 de
1318 4093 1615 4173 rescriptis
1635 4140 1650 4170 ,
1687 4093 1749 4152 in

198 4206 297 4250 vt.
331 4188 389 4266 g.
428 4185 594 4262 Quod
615 4194 804 4246 autem
832 4231 847 4261 ,
882 4203 937 4246 c.
970 4184 1189 4265 Eoeiyit
1210 4232 1225 4262 ‚
1286 4190 1429 4247 etc.
1460 4187 1747 4263 Romana,

199 4282 278 4343 de
307 4279 518 4341 censib.
554 4281 612 4339 in
647 4297 732 4342 vr.
766 4279 1008 4359 Aliquae
1026 4283 1236 4340 tamen
1258 4285 1404 4340 sunt
1431 4280 1752 4341 limitatio-

201 4395 324 4437 nes
364 4374 550 4453 hujus
574 4371 1015 4451 prohibitionis
1040 4373 1105 4431 in
1138 4373 1361 4433 eodem
1384 4373 1549 4452 jure.
1856 4370 2094 4432 tuenda
2122 4388 2387 4430 munera
2415 4369 2504 4429 sic
2533 4373 2813 4447 accepta,
2848 4368 3267 4447 intelligendae
3285 4367 3409 4429 sint
3457 4328 3755 4445 mzssffiwm

298 4467 540 4543 Prima,
601 4465 768 4544 quod
801 4465 1048 4544 judices
1098 4484 1135 4523 a
1182 4484 1426 4526 summo
1455 4465 1754 4526 Pontifice
1861 4465 1940 4525 de
1969 4462 2353 4541 obligatione
2401 4465 2545 4522 ante
2596 4460 3228 4523 condemnationem?
3284 4462 3403 4521 Pro
3470 4435 3742 4531 ⁰23&ssss

205 4559 491 4639 delegati
522 4559 805 4637 accipere
841 4562 1102 4638 possunt
1133 4577 1168 4618 a
1201 4558 1589 4637 litigantibus
1617 4575 1757 4617 mu-
1863 4576 1987 4636 quo
2018 4573 2304 4635 suppono
2330 4601 2345 4632 ‚
2407 4554 2670 4633 reperiri
2700 4556 2929 4614 multas
2971 4555 3141 4631 leges
3189 4551 3251 4611 in
3302 4552 3408 4611 ali-
3460 4542 3760 4640 fissiffi'ffiffi‘

206 4673 370 4716 nera
399 4654 463 4712 in
494 4651 632 4712 cibo
662 4655 725 4711 et
754 4656 934 4729 potu;
970 4669 1097 4712 non
1126 4668 1275 4710 vero
1307 4650 1369 4709 in
1401 4650 1610 4729 aliqua
1637 4649 1760 4710 alia

207 4767 306 4825 re,
343 4748 643 4825 possunt,
678 4743 936 4823 inquam
961 4789 976 4820 ‚
1012 4743 1352 4803 dummodo
1383 4743 1576 4803 libere
1608 4742 1762 4802 offe-

209 4843 477 4911 rantur3
528 4836 647 4898 hoc
680 4840 795 4913 est,
831 4835 1001 4897 nullo
1030 4835 1218 4897 modo
1248 4836 1474 4914 petita,
1511 4839 1572 4896 et
1601 4835 1758 4896 adeo

209 4933 446 5011 exigua
467 4934 537 4991 ut
572 4930 735 4991 intra
763 4929 897 4990 dies
924 4947 1157 5007 paucos
1186 4929 1470 4990 consumi
1498 4929 1758 5008 possint,

209 5033 286 5089 ut
316 5024 636 5103 colligitur
675 5042 751 5083 ex
781 5041 829 5083 c.
872 5022 1175 5083 Statutum
1200 5069 1215 5099 ,
1261 5023 1317 5099 ἓ.
1369 5021 1654 5103 Insuper,
1695 5020 1766 5081 de

211 5117 525 5199 rescriptis
555 5116 619 5176 in
650 5133 737 5177 vx.

296 5210 594 5273 Secunda
622 5213 737 5284 est,
773 5207 941 5288 quod
973 5207 1272 5288 episcopi,
1308 5208 1560 5289 quando
1590 5224 1763 5268 acce-

215 5308 384 5367 dunt
440 5303 520 5363 ad
559 5301 1019 5364 consecrandas
1064 5301 1358 5363 ecclesias
1383 5345 1398 5378 ,
1459 5299 1768 5379 accipiant

218 5415 558 5478 expensaS,
596 5400 661 5457 ut
688 5395 962 5456 habetur
988 5395 1053 5456 in
1084 5415 1138 5456 c.
1179 5394 1328 5455 Cum
1356 5394 1468 5471 sit,
1500 5392 1569 5454 de
1603 5393 1774 5453 simo-

223 5494 354 5555 nia.

563 5586 720 5646 Tou.
755 5585 885 5647 vll.

3243 297 3354 357 7:21

1907 473 2136 551 Tertia,
2171 474 2422 554 quando
2448 473 2640 534 iidem
2658 474 2966 535 accedunt
2993 474 3074 534 ad
3103 474 3360 535 visitan-

1829 568 1940 628 das
1970 567 2289 644 ecclesias,
2325 585 2463 646 cap.
2499 567 2786 644 Romano,
2818 568 2874 644 ἓ.
2908 566 3356 644 Procuratores,

1827 660 1897 720 cle
1921 659 2179 721 censibus
2209 660 2270 719 in
2323 677 2408 722 v1.
2453 660 2740 722 videatur
2768 660 3000 721 Melina
3031 660 3139 721 ubi
3170 679 3362 739 supra

1829 753 1986 833 disp.
2018 770 2264 814 mlxxiv.
2301 757 2362 813 et
2390 770 2609 814 Lxxxv.

1911 847 2145 918 Quarta
2167 844 2455 906 limitatio
2486 850 2615 921 est,
2668 849 2737 907 ut
2776 844 3004 905 alicubi
3052 845 3360 924 accipian-

1830 943 1931 1002 tur
1957 940 2253 1019 sportulae
2285 957 2319 998 a
2348 938 2733 1016 litigantibus
2781 938 2943 999 ultra
2984 937 3361 1017 stipendium

1830 1033 2186 1112 publicum;
2223 1048 2362 1110 quae
2392 1031 2812 1110 sportularum
2835 1031 3114 1110 acceptio
3146 1030 3363 1109 aliqui-

1832 1125 1948 1186 bus
1975 1124 2038 1184 in
2068 1125 2219 1185 locis
2249 1124 2699 1184 consuetudine
2728 1124 3091 1202 praescripta
3121 1126 3234 1184 est.
3295 1124 3365 1182 In

1833 1218 2195 1278 universum
2244 1217 2508 1277 observa
2554 1235 2629 1276 ea
2687 1216 2896 1276 omnia
2944 1234 3083 1294 quae
3132 1214 3193 1273 in
3243 1215 3364 1274 hoc

1832 1329 2062 1390 genere
2093 1309 2542 1370 consuetudine
2567 1308 2843 1387 legitime
2861 1307 3224 1386 praescripta
3254 1307 3367 1367 ha-

1832 1405 2078 1479 bentur,
2116 1402 2406 1482 praesumi
2448 1402 2654 1477 licita,
2703 1400 3042 1461 dummodo
3092 1418 3214 1460 non
3248 1400 3371 1460 sint

1835 1499 2051 1558 contra
2072 1495 2179 1574 jus
2208 1494 2511 1556 naturale.
2545 1493 2662 1555 Ubi
2697 1510 2846 1553 vero
2879 1511 2954 1553 ea
2983 1493 3367 1553 consuetudo

1835 1607 1959 1649 non
1988 1588 2106 1664 sit,
2166 1586 2457 1648 standum
2488 1590 2581 1646 est
2610 1585 2736 1663 juri
2769 1584 3064 1663 peculiari
3097 1584 3370 1664 cujusvis

1829 1681 2031 1760 regni,
2063 1680 2163 1740 vel
2193 1679 2530 1758 provinciae
2555 1723 2570 1753 ,
2625 1678 2890 1756 singulae
2939 1676 3105 1737 enim
3135 1677 3368 1736 habere

1834 1774 2038 1834 solent
2081 1772 2146 1831 in
2175 1771 2295 1832 hoc
2337 1776 2566 1850 puncto
2615 1770 2785 1848 leges
2830 1770 3115 1848 proprias
3143 1769 3367 1847 magis,

1835 1866 1933 1927 vel
1962 1865 2171 1954 minus
2206 1864 2453 1925 strictas
2477 1909 2492 1939 ,
2528 1880 2667 1942 quae
2698 1861 3065 1940 obligabunt
3093 1861 3370 1942 quandiu

1836 1958 2151 2020 contraria
2179 1955 2631 2018 consuetudine
2662 1973 2786 2015 non
2818 1955 3223 2032 abrogantur.

1919 2051 2146 2124 Quinta
2187 2049 2479 2110 limitatio
2523 2052 2653 2125 est,
2707 2052 2777 2108 ut
2818 2066 2943 2107 non
2992 2047 3375 2125 intelligatur

1838 2149 2057 2206 contra
2085 2162 2192 2204 eas
2218 2143 2390 2221 leges
2414 2160 2679 2221 peccare
2705 2141 2811 2220 qui
2838 2140 3065 2218 accipit
3093 2140 3371 2219 quidem,

1840 2256 1965 2298 non
1993 2242 2206 2299 tamen
2234 2240 2305 2296 ut
2325 2236 2519 2316 judex
2546 2280 2561 2311 ‚
2609 2252 2723 2294 nec
2771 2234 2824 2293 ei
2874 2233 2981 2293 tali
3009 2232 3237 2293 intuitu
3266 2232 3380 2308 da-

1840 2336 1963 2407 tur,
1999 2329 2108 2389 sed
2141 2329 2220 2391 ob
2252 2327 2591 2388 amicitiam
2620 2326 2869 2386 aliunde
2902 2330 3125 2401 ortam,
3151 2329 3211 2385 et
3232 2343 3376 2385 con·

1839 2426 2106 2484 tractam
2139 2421 2219 2482 ob
2249 2420 2557 2481 beneficia
2603 2419 2847 2498 privata
2877 2418 2940 2478 in
2970 2418 3226 2479 dantem
3257 2418 3381 2478 col-

1840 2516 1989 2591 lata,
2027 2514 2107 2574 ob
2137 2513 2749 2591 consanguinitatem
2780 2517 2842 2570 et
2870 2510 3116 2570 similia.
3178 2512 3379 2587 Leges

1844 2607 2011 2668 enim
2039 2607 2243 2667 solum
2277 2603 2614 2684 prohibent
2647 2604 2927 2683 judicem
2957 2603 3242 2680 accipere
3278 2620 3382 2662 oc-

1842 2700 2090 2762 casione
2146 2699 2570 2778 magistratus
2631 2699 2723 2758 Ita
2771 2696 3052 2758 Sanchez
3108 2696 3216 2756 lib.
3269 2697 3373 2755 111.

1847 2792 2022 2855 Cous.
2057 2811 2113 2853 c.
2160 2793 2327 2853 unic.
2376 2791 2528 2852 dub.
2566 2807 2609 2852 1.
2659 2808 2828 2850 num.
2883 2793 2983 2850 21.
3036 2807 3178 2849 cum
3220 2788 3380 2864 aliisi,

1845 2905 2002 2967 quos
2031 2888 2231 2947 affert.
2293 2886 2473 2946 Circa
2524 2885 2643 2944 hoc
2687 2888 2900 2944 tamen
2931 2881 3386 2943 advertendum

1846 2983 1959 3055 est,
1992 2977 2157 3038 male
2187 2978 2354 3056 apud
2383 2977 2650 3037 Dianam
2677 2976 2782 3037 111.
2819 2995 2879 3054 p.
2935 2977 3013 3034 tr.
3050 2991 3110 3035 v.
3143 2973 3383 3047 miscell,

1844 3071 2028 3131 resol.
2052 3073 2153 3130 45.
2188 3072 2249 3128 et
2278 3073 2355 3129 tr.
2392 3085 2477 3129 VI.
2512 3067 2751 3128 miscell.
2796 3085 2918 3128 reS.
2952 3070 3012 3127 4.
3047 3066 3225 3128 citari
3255 3067 3391 3127 Mo-

1842 3163 2039 3225 linam
2067 3165 2114 3225 1.
2150 3166 2303 3224 tom.
2336 3165 2452 3223 tra.
2490 3176 2557 3222 11.
2603 3160 2763 3240 disp.
2795 3162 2892 3223 88.
2938 3162 3001 3221 et
3033 3161 3205 3221 Less.
3244 3177 3384 3238 cap.

1847 3259 2006 3319 XIV.
2044 3256 2194 3317 dub.
2231 3272 2314 3316 1x.
2349 3273 2523 3315 num.
2557 3257 2655 3315 64.
2687 3254 2989 3328 dicenteS,
3011 3271 3193 3332 posse
3222 3253 3388 3313 licite

1844 3350 2041 3428 recipi
2071 3369 2146 3409 ea
2175 3367 2475 3424 munera,
2529 3347 2580 3407 si
2611 3346 2840 3407 dentur
2870 3348 2938 3405 ut
2967 3345 3272 3426 majorem
3305 3346 3395 3405 di-

1848 3443 2173 3523 ligentiam
2204 3441 2504 3502 adhibeat
2526 3438 2721 3519 judex
2746 3484 2761 3515 ,
2824 3444 2886 3500 et
2916 3439 3227 3499 afficiatur
3258 3456 3393 3499 ma-

1848 3538 1944 3617 gis
1974 3536 2053 3596 ad
2083 3534 2544 3614 expediendum
2572 3533 2737 3593 intra
2751 3531 3009 3611 justitiae
3031 3532 3259 3591 limites
3290 3551 3393 3591 ne-

1847 3630 2090 3708 gotium
2139 3629 2202 3687 in
2248 3628 2532 3687 favorem
2576 3624 2805 3686 dantiS.
2866 3627 3100 3685 Neuter
3131 3624 3298 3684 enim
3328 3623 3393 3682 id

1852 3721 2029 3798 dixit,
2065 3720 2176 3780 sed
2207 3724 2469 3797 uterque
2505 3718 2840 3797 supponit,
2900 3735 3035 3777 esse
3064 3720 3396 3794 peccatum

1854 3819 2073 3876 contra
2103 3813 2272 3889 leges
2324 3811 2671 3886 humanas,
2736 3815 2798 3871 et
2838 3810 2902 3869 id
2946 3809 3250 3887 expressit
3277 3808 3397 3868 cla-

1852 3907 2098 3967 rissime
2127 3903 2381 3979 Melina,
2416 3902 2527 3962 sed
2558 3903 2762 3963 solum
2808 3902 3144 3978 dixerunt,
3206 3901 3396 3962 dona-

1853 3998 2090 4061 tionem
2105 4015 2241 4057 esse
2257 3994 2553 4072 validam,
2575 3998 2775 4057 etnon
2797 4014 2931 4055 esse
2953 3994 3401 4072 obligationem

1857 4089 2249 4152 restituendi.

1935 4184 2114 4246 Circa
2144 4182 2259 4243 has
2277 4186 2487 4243 tamen
2508 4181 2679 4260 leges
2701 4185 2793 4242 est
2821 4181 3081 4243 tertium
3111 4179 3397 4252 dubium;

1856 4282 2068 4340 utrum
2094 4323 2109 4353 ,
2175 4276 2428 4356 quando
2478 4275 2761 4354 obligant
2800 4275 3082 4355 judicem
3114 4274 3193 4335 ad
3222 4274 3404 4336 resti-

1865 4650 2092 4729 quibus
2120 4647 2480 4727 provinciiS,
2508 4666 2648 4726 quae
2682 4665 2806 4706 non
2837 4646 3040 4706 solum
3071 4644 3409 4723 prohibent

1861 4742 2288 4821 receptionem
2317 4758 2673 4817 munerum,
2690 4739 2800 4799 sed
2814 4737 3118 4818 adjiciunt
3134 4755 3409 4816 pomam,

1869 4841 1935 4897 et
1962 4853 2178 4896 rursus
2208 4833 2492 4913 obligant
2539 4833 2602 4892 in
2642 4831 3024 4894 conscientia
3054 4831 3135 4890 ad
3165 4830 3415 4892 solutio-

1872 4946 2017 4991 nem
2047 4947 2275 5008 poenae‚
2309 4931 2372 4988 et
2401 4926 2480 4987 ad
2511 4925 2898 4987 restituenda
2930 4942 3227 4997 munera;
3290 4925 3415 4988 imo

1871 5022 2214 5101 aliquando
2237 5020 2480 5081 addunt
2516 5024 2662 5081 ante
2685 5018 2918 5097 judicis
2947 5017 3414 5080 condemnatio-

1875 5135 2042 5177 nem.
2078 5118 2234 5176 Item
2265 5114 2549 5193 obligant
2584 5112 2832 5193 judices
2861 5113 2942 5173 ad
2972 5111 3315 5192 jurandum
3357 5114 3422 5173 in

1877 5209 2275 5288 susceptione
2306 5207 2492 5268 officii
2519 5253 2534 5284 ,
2597 5225 2663 5267 se
2693 5206 3008 5267 soluturos
3045 5224 3265 5284 poenas
3287 5252 3302 5282 ,
3362 5210 3425 5267 et

1879 5303 2280 5363 restituturos
2321 5319 2607 5361 munera.
2661 5300 2769 5359 His
2810 5299 3183 5380 suppositis,
3242 5299 3423 5360 multi

1879 5395 2099 5457 dicunt
2127 5441 2143 5471 ,
2204 5415 2309 5455 eas
2355 5394 2527 5471 leges
2576 5394 2855 5472 obligare
2907 5393 2971 5453 in
3013 5393 3418 5470 conscientia,

1881 5489 2072 5550 etiam
2103 5487 2357 5568 quando
2388 5487 2627 5547 crimen
2659 5491 2753 5548 est
2782 5487 3096 5548 occultum
3119 5533 3134 5564 ,
3189 5491 3250 5547 et
3281 5491 3426 5548 ante

3034 5584 3112 5642 46

3555 4198 3669 4258 133

3542 4669 3660 4700 1118111
3667 4687 3678 4698 .
