4263 6376
481 1040 592 1099 107

484 1167 570 1210 Sub

399 1220 659 1263 distinetione

390 1275 673 1330 respondetur.

722 311 839 369 712

723 485 920 547 teneri
950 483 1287 562 exjustitia
1317 483 1643 543 restituere
1691 496 1945 558 poenam
1973 477 2093 537 illis
2122 475 2255 555 qui·

721 580 839 640 bus
893 581 1057 640 esset
1110 575 1518 656 applicanda;
1572 592 1716 635 nam
1763 573 1865 632 ille
1914 573 2104 632 etiam
2141 587 2255 649 per

722 672 1009 732 fraudem
1038 670 1339 749 impediet
1366 669 1856 729 emolumentum
1887 664 2056 744 quod
2104 664 2257 723 fuis-

722 769 863 825 sent
889 764 1158 824 habituri
1202 782 1275 822 ex
1324 759 1739 840 applicatione
1768 776 1971 839 poenae
1997 777 2010 817 :
2032 774 2252 816 conse-

724 876 921 936 quens
949 876 1026 917 au
1036 859 1160 917 tem
1191 860 1284 917 est
1303 856 1529 916 durum
1548 858 1837 915 etcontra
1855 867 2256 912 communem

723 949 1120 1024 sententiam,
1155 952 1224 1009 ut
1252 952 1471 1026 postea
1499 946 1873 1007 videbimuS.

806 1043 1000 1103 Aliter
1029 1060 1178 1120 ergo
1221 1039 1851 1118 subdistinguendum
1899 1036 2148 1097 videtur
2193 1034 2256 1094 ia

726 1135 845 1197 hoc
874 1137 1103 1213 puncto
1137 1153 1151 1193 :
1186 1133 1445 1192 admitto
1489 1133 1655 1192 enim
1702 1131 1872 1210 prius
1901 1128 2256 1188 membrum

726 1226 1062 1306 superioris
1092 1225 1533 1301 distinctioniS‚
1593 1224 1761 1304 quod
1808 1222 2042 1284 scilicet
2081 1220 2257 1282 testis

724 1320 980 1398 praeeise
1010 1337 1268 1397 negans,
1305 1337 1370 1377 se
1403 1318 1561 1379 scire
1594 1317 1891 1377 delictum
1916 1314 2093 1388 illud,
2127 1331 2257 1373 non

721 1405 1009 1461 teneatur
1063 1398 1142 1458 ad
1195 1398 1650 1459 restitutionem
1706 1415 1958 1475 poenae:
2004 1393 2256 1473 quando

722 1511 872 1553 vero
902 1490 1164 1571 positive
1195 1491 1583 1566 testificatur,
1615 1495 1676 1552 et
1704 1490 1931 1568 probat
1960 1488 2259 1548 innocen-

723 1586 876 1646 tiam
907 1585 994 1646 rei
1042 1584 1353 1660 accusati,
1406 1583 1919 1662 distinguendum
1961 1581 2253 1641 videtur:

723 1696 871 1738 nam
897 1677 996 1737 vel
1025 1677 1142 1737 hoc
1193 1677 1360 1750 facit,
1420 1681 1488 1739 ut
1536 1679 1759 1737 noceat
1803 1675 1889 1735 illi
1929 1674 2030 1734 eui
2072 1690 2260 1751 poena

724 1775 859 1831 erat
887 1769 1296 1850 applicanda,
1350 1774 1412 1831 et
1440 1771 1648 1830 animo
1693 1766 2075 1847 impediendi
2107 1764 2255 1825 illud

725 1864 1240 1939 emolumentum,
1276 1863 1373 1923 vel
1402 1863 1605 1922 solum
1634 1862 1845 1922 animo
1878 1857 2259 1920 defendendi

725 1974 902 2016 reum
934 1959 997 2017 et
1038 1955 1344 2015 liberandi
1402 1974 1546 2015 eum
1601 1956 1680 2015 ab
1723 1955 1826 2014 illo
1874 1952 2152 2013 damno?
2192 1953 2259 2011 In

725 2049 925 2127 primo
956 2067 1104 2109 casu
1134 2048 1382 2111 videtur
1412 2048 1784 2126 obligandus
1814 2047 1894 2107 ad
1925 2045 2262 2106 restitutio·

728 2161 871 2203 nem
893 2144 1074 2220 juxta
1102 2160 1278 2221 spem
1298 2188 1317 2215 ,
1367 2146 1428 2204 et
1457 2141 1892 2203 certitudinem
1922 2158 2126 2219 poenae
2156 2158 2263 2217 ap-

726 2234 1069 2314 plicandae3
1103 2234 1166 2293 in
1193 2234 1468 2295 secundo
1482 2238 1691 2296 autem
1713 2253 1836 2293 non
1849 2233 2096 2293 videtur
2112 2231 2262 2291 obli-

730 2327 995 2405 ganduS.

815 2420 931 2478 Pro
963 2435 1088 2496 quo
1115 2417 1452 2478 recolenda
1500 2423 1645 2479 sunt
1689 2436 1829 2497 quae
1876 2418 2061 2477 latius
2108 2416 2267 2476 dixi-

1841 303 1943 363 DE
1985 299 2340 362 Juszm'rlA
2385 298 2485 358 ET
2529 298 2729 358 JURE

2357 491 2430 534 eo
2461 474 2604 534 fine.
2633 472 2735 534 Sic
2756 472 2944 532 etiam
2967 470 3030 531 in
3052 470 3342 549 praesenti
3364 469 3610 548 justitia
3629 468 3890 547 obligat,

2356 570 2425 627 ιιι
2451 584 2567 643 ego
2600 585 2724 627 non
2753 565 2982 626 faciam
3029 582 3142 642 per
3174 563 3297 623 vim
3325 563 3425 622 vel
3460 562 3749 622 fraudem
3780 561 3900 621 ali-

2355 659 2506 738 quid
2536 659 2891 738 proximum
2921 658 3019 718 vel
3048 661 3385 730 remotum,
3421 674 3498 715 eo
3527 656 3653 714 fine
3683 659 3753 716 ιιι
3781 654 3901 713 im-

2354 752 2605 832 pediam
2650 752 2886 811 bonum
2933 749 3201 828 proximi
3233 769 3248 808 z
3285 749 3524 827 obligat
3551 747 3742 809 etiam
3764 792 3781 822 ,
3828 751 3902 806 ιιι

2355 864 2470 906 nec
2497 844 2619 906 alio
2648 845 2772 904 fine
2801 844 3027 904 faciam
3046 860 3160 922 per
3192 842 3316 902 vim
3335 842 3433 901 vel
3463 840 3752 901 fraudem
3779 838 3901 899 ali·

2356 937 2529 1016 quid,
2563 936 2729 1016 quod
2761 936 3041 1016 proxime
3087 934 3394 1013 impediat
3421 934 3656 994 bonum
3686 931 3901 1010 proxi-

2354 1031 2439 1090 mi
2475 1051 2487 1090 :
2525 1030 2644 1090 hoc
2674 1032 2884 1089 autem
2914 1027 3304 1105 intelligitur,
3325 1030 3395 1087 ut
3413 1026 3565 1101 dixi,
3588 1043 3735 1085 eum
3759 1041 3900 1102 pro·

2357 1123 2664 1202 portione,
2700 1139 2848 1181 nam
2876 1121 2954 1181 ad
2987 1121 3166 1199 plura
3194 1125 3257 1180 et
3285 1119 3365 1179 ad
3387 1119 3592 1178 minus
3614 1117 3900 1196 proxime

2356 1214 2615 1278 vitanda
2645 1215 2882 1293 obligat
2904 1212 3180 1293 justitia,
3215 1231 3406 1292 quam
3435 1212 3631 1272 virtus
3660 1215 3900 1288 tempe-

2356 1308 2574 1370 rantiae
2607 1307 2844 1384 obligat
2862 1311 3119 1386 propter
3135 1306 3375 1367 bonum
3396 1304 3608 1385 proliS,
3643 1307 3903 1382 propter

2359 1401 2631 1462 rationes
2661 1400 2966 1460 adductas
2996 1400 3132 1459 loco
3162 1399 3266 1459 cit.

2437 1493 2625 1554 Juxta
2654 1492 2819 1552 hanc
2846 1509 2999 1569 ergo
3030 1491 3499 1569 proportionem
3528 1494 3592 1550 et
3611 1487 3901 1566 regulam

2357 1586 2484 1661 ille,
2521 1585 2624 1664 qui
2657 1603 2870 1646 eoram
2904 1585 3149 1644 volente
3177 1583 3388 1662 legare
3417 1581 3653 1662 aliquid
3706 1580 3898 1641 Paulo

2357 1682 2641 1740 narraret
2668 1678 2881 1756 aliqua
2909 1676 3066 1736 falsa
3094 1676 3174 1735 de
3206 1676 3362 1754 ipse,
3399 1694 3540 1754 quae
3569 1675 3905 1734 moverent

2358 1774 2721 1833 testatorem
2753 1769 2832 1828 ad
2862 1768 3291 1830 revocandum
3315 1767 3618 1845 legatum,
3652 1772 3903 1827 tenere-

2356 1869 2458 1925 tur
2487 1863 2566 1923 ad
2598 1861 3055 1923 restitutionem
3075 1907 3091 1937 ,
3138 1861 3384 1922 etiamsi
3413 1861 3518 1920 illa
3546 1877 3671 1919 non
3699 1857 3901 1919 conti-

2360 1959 2582 2017 nerent
2610 1954 2934 2014 infamiam
2961 1972 3220 2032 gravem
3254 1954 3450 2029 Pauli,
3477 1971 3592 2013 nec
3620 1951 3904 2012 diceren—

2358 2055 2461 2111 tur
2490 2067 2561 2109 eo
2591 2049 2802 2109 animo
2834 2051 2902 2108 ιιι
2944 2053 3352 2110 revocaretur
3397 2046 3700 2124 legatum,
3756 2042 3905 2121 quia

2360 2142 2466 2203 illa
2512 2142 2674 2202 aetio
2722 2144 2817 2201 est
2870 2140 3030 2200 adeo
3087 2139 3424 2218 conjuncta
3468 2156 3612 2198 eum
3669 2137 3905 2196 damno

2361 2236 2539 2296 Pauli
2563 2255 2578 2308 3
2614 2239 2680 2294 ut
2708 2236 3040 2293 censeatur
3069 2250 3204 2292 esse
3235 2232 3402 2291 idem
3424 2249 3495 2291 ac
3525 2230 3577 2291 si
3598 2248 3713 2308 per
3742 2229 3906 2289 {rau-

2364 2327 2509 2387 dem
2540 2327 2867 2388 induceret
2892 2325 3257 2386 immediate
3285 2328 3654 2386 testatorem
3683 2322 3766 2383 ad
3798 2340 3907 2381 au·

2364 2421 2695 2481 ferendum
2724 2420 3004 2496 legatum
3033 2438 3073 2480 a
3100 2418 3321 2494 Paulo,
3356 2421 3418 2478 et
3447 2416 3641 2476 habet
3666 2415 3905 2475 Paulus

732 2529 872 2570 mus
901 2509 1061 2589 disp.
1098 2527 1232 2571 v111.
1269 2516 1420 2572 sect.
1453 2515 1511 2573 6.
1547 2512 1655 2571 ubi
1699 2512 1822 2572 late
1852 2511 2113 2589 probavi
2145 2509 2269 2569 dif-
2357 2515 2463 2594 jus
2494 2533 2572 2573 ue
2599 2513 2718 2592 ipsi
2759 2513 2917 2572 falso
2958 2507 3363 2590 imponantur
3407 2510 3514 2570 illa
3552 2509 3615 2569 in
3662 2507 3741 2569 iis
3790 2508 3911 2567 cir-

734 2604 1063 2664 ierentiam
1092 2603 1262 2663 illam
1292 2604 1484 2664 animi
1515 2609 1577 2665 et
1612 2604 1971 2666 intentionis
2000 2604 2268 2664 multum

738 2697 968 2757 referre
1016 2696 1094 2756 ad
1139 2697 1565 2757 inducendam
1614 2698 2061 2776 obligationem
2087 2696 2270 2757 resti-

737 2789 976 2851 tuendi.
1007 2790 1095 2849 Ex
1126 2789 1230 2850 illa
1257 2790 1471 2869 itaque
1501 2791 1783 2851 doctrina
1828 2809 1971 2851 cum
2006 2807 2272 2868 propor-

738 2883 906 2944 tione
936 2881 1248 2961 applicata
1278 2883 1590 2961 colligitur
1632 2883 1891 2945 ulterius
1931 2882 2270 2963 aliquando

739 2973 937 3037 teneri
970 2974 1049 3034 ad
1086 2976 1543 3037 restitutionem
1560 2976 1733 3036 illum
1757 2977 1861 3055 qui
1884 2977 2146 3056 impedit
2160 2994 2274 3056 per

740 3068 891 3143 vim,
923 3067 1022 3127 vel
1050 3067 1336 3127 fraudem
1367 3069 1559 3128 alium
1587 3070 1668 3129 ab
1698 3069 2036 3130 obtinendo
2077 3070 2269 3145 bono,

740 3160 887 3221 licet
916 3179 1040 3220 non
1061 3160 1364 3239 impediat
1380 3161 1590 3222 animo
1611 3162 1908 3235 nocendi;
1933 3162 2273 3242 aliquando

745 3272 892 3313 vero
923 3272 998 3312 ex
1028 3253 1276 3314 defectu
1303 3254 1467 3314 illius
1484 3255 1674 3314 animi
1696 3274 1818 3316 non
1851 3257 2047 3317 teneri
2078 3256 2156 3315 ad
2176 3274 2277 3317 re-

745 3345 1154 3407 stitutionem.
1187 3347 1480 3408 Actiones
1510 3348 1675 3407 enim
1695 3395 1714 3421 ,
1762 3349 1987 3428 quibus
2017 3348 2277 3428 impedi-

746 3444 849 3500 tur
878 3438 1100 3516 aliquis
1130 3428 1167 3497 a
1193 3439 1360 3500 bono
1383 3440 1746 3519 obtinendo,
1779 3442 2115 3521 aliquando
2135 3447 2281 3504 sunt

749 3530 908 3590 adeo
954 3549 1066 3608 pro
1105 3550 1171 3591 se
1225 3533 1574 3612 conjunctae
1631 3552 1773 3595 curn
1828 3536 2278 3613 impedimento

748 3624 912 3684 illius
941 3623 1110 3700 boni,
1144 3630 1212 3686 ut
1240 3627 1462 3687 merito
1501 3626 1746 3705 justitia
1792 3628 2025 3707 obliget
2070 3629 2150 3689 ad
2193 3629 2281 3688 vi-

750 3716 974 3779 tandas
1003 3717 1139 3778 illas
1161 3717 1439 3779 actiones
1460 3738 1855 3799 quocumque
1867 3722 2076 3782 animo
2091 3723 2276 3784 fiant:

753 3810 1088 3889 aliquando
1118 3829 1267 3871 vero
1313 3816 1461 3873 sunt
1503 3812 1663 3873 adeo
1710 3818 1998 3890 remotas,
2033 3818 2103 3876 ut
2133 3834 2283 3877 non-

755 3903 870 3964 nisi
901 3922 1014 3983 per
1044 3903 1333 3965 accidens
1394 3904 1814 3985 conjungatur
1860 3925 2004 3967 cum
2051 3908 2282 3969 damno

756 3997 1008 4058 alterius
1041 4016 1054 4056 :
1090 4001 1150 4057 et
1178 3997 1317 4057 ideo
1352 3996 1594 4076 justitia
1640 4018 1766 4060 non
1811 3999 2048 4079 obligat
2085 4001 2168 4061 ad
2198 4003 2286 4062 vi-

757 4089 981 4151 tandas
1011 4089 1145 4150 illas
1174 4089 1470 4166 actiones,
1503 4091 1649 4152 licet
1678 4092 1912 4171 obliget
1956 4094 2039 4153 ad
2069 4093 2190 4155 hoc
2219 4099 2289 4157 ut

758 4201 879 4242 non
912 4183 1064 4242 fiant
1091 4201 1165 4241 ex
1193 4183 1405 4243 animo
1434 4184 1738 4261 nocendi,
1792 4190 1860 4246 ut
1899 4186 2138 4247 dictum
2168 4192 2283 4249 est.

761 4278 891 4336 lloc
919 4275 1109 4336 etiam
1151 4279 1351 4337 totum
1399 4276 1711 4355 colligitur
1738 4296 1813 4338 ex
1856 4277 2138 4340 doctrina
2166 4286 2288 4343 tra-

761 4369 912 4442 dita,
947 4372 1102 4428 etex
1132 4368 1237 4428 illo
1286 4371 1570 4448 exemplo
1613 4370 1969 4449 pollutionis
2015 4373 2289 4435 adducto

762 4462 824 4521 d.
859 4465 1009 4522 sect.
1043 4478 1127 4522 v1.
1161 4461 1241 4520 ad
1273 4480 1463 4541 quam
1507 4463 1697 4524 etiam
1741 4469 2125 4525 concurrunt
2169 4466 2290 4527 illae

761 4553 1040 4632 duplices
1070 4554 1346 4615 actiones
1379 4575 1392 4615 :
1428 4555 1651 4635 aliquae
1699 4555 1867 4616 enim
1916 4562 2061 4619 sunt
2101 4560 2293 4620 actio-

764 4667 873 4708 nes
904 4666 1042 4727 quae
1065 4666 1254 4725 perse
1277 4647 1743 4727 conjunguntur
1758 4667 1901 4709 eum
1921 4650 2287 4728 pollutione,

763 4745 831 4803 ut
858 4741 1051 4821 aliqui
1088 4745 1290 4801 tactus
1320 4746 1381 4802 et
1410 4748 1698 4821 aspectus
1717 4789 1732 4819 ,
1777 4746 1897 4803 etc.
1946 4748 2010 4804 et
2037 4744 2291 4823 quidem

765 4833 1015 4913 quando
1046 4833 1106 4891 in
1139 4833 1256 4893 illis
1296 4834 1678 4913 praevidetur
1705 4834 2049 4913 periculum
2095 4837 2293 4914 pollu-

764 4925 971 5002 tioniS,
1004 4926 1202 4987 virtus
1231 4927 1660 5005 temperantiae
1707 4927 1942 5006 obligat
1987 4928 2066 4988 ad
2095 4929 2293 4990 vitan-

766 5020 878 5079 das
906 5019 1040 5079 illas
1071 5037 1331 5091 causas;
1386 5039 1500 5081 nec
1529 5020 1757 5081 suflicit
1785 5021 1953 5099 quod
1986 5040 2107 5082 non
2141 5022 2295 5085 fiant

767 5133 841 5174 ex
872 5111 1182 5173 desiderio
1232 5113 1624 5191 pollutionis;
1672 5113 1819 5191 quia
1851 5114 2143 5174 nimirum
2174 5117 2294 5177 illae

767 5225 972 5267 causae
1001 5209 1146 5265 sunt
1174 5205 1356 5266 valde
1386 5204 1523 5285 conj
1535 5209 1734 5266 unctae
1765 5210 1826 5267 et
1864 5209 2163 5290 proximae
2183 5255 2200 5285 ,
2234 5213 2297 5271 et

767 5299 847 5359 ad
879 5299 991 5357 has
1023 5297 1277 5357 omnino
1308 5298 1596 5359 vitandas
1626 5298 1862 5377 obligat
1889 5301 2124 5360 bonum
2154 5320 2295 5381 pro-

766 5392 843 5452 lis
879 5411 891 5451 :
927 5389 1005 5450 ad
1035 5408 1257 5451 causas
1303 5408 1452 5450 vero
1507 5395 1781 5452 remotas
1826 5392 2113 5453 vitandas
2172 5411 2295 5453 non

770 5483 1024 5562 obligat,
1056 5484 1205 5544 licet
1232 5482 1464 5562 obliget
1489 5483 1570 5545 ad
1592 5503 1715 5546 non
1734 5484 2145 5563 imponendas
2160 5485 2297 5547 illas

2367 2605 2777 2678 cumstantiiS,
2813 2605 3038 2685 quibus
3068 2604 3451 2684 impediatur
3477 2603 3613 2682 ejus
3642 2602 3906 2662 bonum.

2370 2699 2433 2760 Si
2467 2715 2612 2759 vero
2643 2698 2914 2758 amicum
2935 2697 3249 2758 volentem
3280 2697 3370 2757 ire
3399 2696 3481 2757 ad
3507 2694 3913 2755 invisendum

2369 2797 2699 2871 aegrotum,
2734 2791 2836 2852 cui
2879 2792 3095 2869 procul
3126 2791 3319 2851 dubio
3362 2788 3597 2868 aliquid
3647 2787 3915 2848 donabit

2371 2886 2449 2947 ad
2480 2887 2768 2946 levamen
2798 2884 3028 2959 morbi,
3089 2889 3157 2945 tu
3187 2884 3495 2964 impedias
3532 2882 3915 2942 benevolen-

2370 2979 2473 3040 tiae
2502 2995 2713 3054 causa,
2747 2982 2810 3038 et
2836 2994 2980 3037 eum
3001 2994 3115 3055 per
3134 2976 3420 3036 fraudem
3444 2975 3721 3036 retineas
3742 2973 3915 3034 domi

2372 3075 2517 3147 tuae,
2551 3089 2674 3131 non
2704 3070 2935 3131 teneris
2963 3070 3293 3130 restituere
3320 3071 3579 3146 oegrotO,
3611 3067 3789 3147 quod
3818 3085 3916 3125 ac-

2373 3167 2671 3244 cepturus
2701 3167 2856 3237 erat,
2890 3162 3036 3244 quia
3056 3181 3169 3242 per
3197 3160 3489 3222 accidens
3504 3160 3918 3240 conjungitur

2374 3258 2479 3319 illa
2508 3258 2668 3318 actio
2701 3275 2845 3318 cum
2895 3258 3129 3316 damno
3174 3258 3429 3327 secuto;
3480 3254 3596 3313 nisi
3647 3255 3813 3315 forte
3843 3271 3917 3313 eo

2375 3351 2583 3412 animo
2607 3350 2936 3411 retinueris
2957 3348 3251 3425 amicum,
3273 3352 3342 3409 ut
3357 3365 3617 3408 noceres
3633 3351 3877 3425 aegroto
3899 3365 3912 3406 :

2376 3444 2459 3505 ad
2488 3443 2605 3504 hoe
2634 3443 2800 3504 enim
2832 3442 3022 3503 habet
3043 3444 3149 3522 jus
3179 3445 3484 3519 aegrotuS,
3518 3445 3587 3502 ιιι
3615 3440 3915 3512 diximuS,

2378 3556 2457 3597 ne
2485 3555 2599 3617 per
2629 3536 2914 3597 fraudem
2962 3554 3038 3595 ex
3075 3534 3381 3595 industria
3424 3533 3737 3613 impedias
3783 3532 3919 3612 ejus

2377 3632 2638 3706 bonum,
2671 3632 2740 3691 ut
2765 3647 2957 3708 supra
2985 3628 3224 3690 dictum
3252 3632 3369 3690 est.

2458 3724 2556 3784 Ad
2585 3726 2867 3784 nostrum
2922 3721 3193 3800 denique
3238 3720 3633 3800 propositum
3689 3719 3915 3780 eodem

2380 3815 2569 3877 modo
2598 3813 2933 3874 dicendum
2963 3819 3058 3875 est
3083 3813 3162 3873 de
3191 3817 3348 3874 teste
3396 3812 3669 3892 juridice
3725 3813 3918 3874 inter-

2382 3913 2624 3987 rogato,
2660 3925 2805 3966 nam
2833 3907 2934 3966 vel
2989 3907 3144 3967 falso
3199 3905 3570 3968 testificatur
3625 3905 3920 3966 innocen-

2381 4004 2535 4064 tiam
2563 4001 2676 4076 rei,
2710 4006 2779 4061 ιιι
2805 4003 3031 4061 noceat
3065 3999 3149 4059 illi
3181 3999 3283 4060 cui
3308 4017 3494 4077 poena
3539 3997 3921 4077 applicanda

2386 4098 2552 4167 erat;
2587 4097 2650 4153 et
2703 4094 2851 4153 tunc
2899 4096 3148 4153 tenetur
3189 4092 3271 4151 ad
3298 4091 3765 4153 restitutionem
3793 4108 3919 4171 poe-

2386 4204 2483 4247 nae
2504 4188 2685 4265 juxta
2712 4185 3063 4246 doctrinam
3094 4185 3390 4246 traditam
3415 4205 3428 4245 :
3459 4183 3560 4244 vel
3592 4184 3657 4243 id
3684 4183 3838 4244 facit
3856 4187 3922 4243 ιιι

2384 4281 2611 4340 liberet
2636 4269 2812 4339 reum
2843 4278 2924 4338 ab
2968 4278 3075 4338 illo
3105 4278 3336 4338 damno
3362 4297 3378 4338 ε
3410 4281 3472 4339 et
3498 4282 3650 4338 tunc
3680 4295 3810 4337 non
3838 4277 3920 4336 vi-

2388 4373 2571 4433 detur
2586 4371 2783 4433 teneri
2811 4371 2891 4431 ad
2924 4370 3316 4434 restitutioen
3349 4388 3552 4449 poenae
3579 4391 3592 4431 ε
3639 4370 3792 4449 quia
3820 4370 3922 4430 illa

2389 4465 2550 4527 actio
2596 4483 2719 4525 non
2750 4469 2843 4526 est
2868 4483 2983 4543 per
3009 4482 3076 4525 se
3130 4464 3439 4539 ordinata,
3476 4481 3591 4523 nec
3639 4463 3728 4523 ita
3775 4481 3920 4523 eon-

2381 4561 2603 4639 juncta
2629 4574 2773 4618 cum
2802 4557 3032 4618 damno
3054 4557 3309 4619 alterius
3327 4604 3343 4634 ‚
3378 4557 3488 4618 sed
3535 4557 3743 4617 solum
3770 4556 3922 4616 indi·

2390 4657 2580 4728 recte,
2613 4654 2922 4730 quatenus
2938 4656 3221 4713 removet
3249 4650 3488 4730 aliquid
3517 4649 3689 4729 quod
3711 4652 3922 4729 posset

2390 4763 2526 4805 esse
2547 4743 2790 4805 occasio
2820 4742 2983 4803 illius
3011 4743 3192 4818 lucri,
3235 4760 3376 4823 quae
3406 4741 3770 4820 conjunctio
3802 4759 3920 4801 non

2391 4836 2619 4898 sufficit
2645 4840 2714 4896 ut
2742 4854 2860 4914 ego
2889 4853 2967 4895 ex
3008 4836 3256 4915 justitia
3284 4853 3435 4914 erga
3488 4834 3665 4895 illum
3707 4838 3922 4895 tenear

2392 4948 2515 4991 non
2572 4928 2877 5008 impedire
2905 4930 3040 5008 ejus
3071 4930 3587 5002 emolumentum,
3620 4926 3788 4987 sicut
3814 4945 3921 4986 nec

2392 5021 2598 5100 proles
2617 5021 2809 5083 habet
2828 5023 2955 5101 jus,
2989 5027 3057 5084 ut
3102 5026 3356 5100 propter
3381 5021 3576 5100 ipsius
3622 5020 3918 5079 damnum

2393 5114 2861 5193 impediendum
2889 5115 3203 5176 abstineas
3232 5133 3268 5174 a
3287 5131 3577 5190 coena,ex
3606 5131 3735 5191 qua
3764 5130 3919 5191 prae-

2395 5207 2567 5267 vides
2596 5208 3004 5285 pollutionem
3030 5208 3326 5282 futuram,
3361 5207 3596 5284 absque
3645 5203 3918 5284 periculo

2395 5318 2733 5361 consensus
2760 5321 2773 5361 :
2807 5300 2932 5361 imo
2959 5300 3107 5362 licet
3125 5318 3306 5359 coena
3334 5304 3499 5360 esset
3523 5297 3783 5358 aliunde
3812 5296 3919 5356 illi-

2395 5393 2538 5469 cita,
2560 5397 2628 5454 ut
2652 5393 2704 5453 si
2733 5399 2898 5455 esset
2923 5393 2987 5452 in
3017 5394 3117 5453 die
3136 5391 3382 5472 jejunii,
3434 5391 3534 5451 vel
3563 5390 3617 5450 si
3672 5388 3921 5449 noceret

2396 5486 2673 5566 graviter
2691 5487 2963 5563 sanitati;
2993 5505 3118 5548 non
3146 5492 3357 5549 tamen
3374 5482 3779 5547 contraheret
3795 5498 3915 5542 ma-

4052 1493 4139 1553 108

4060 3735 4159 3794 ¹00
