4263 6376
627 3647 745 3707 228

541 3770 809 3814 Mutatur-ius

580 3830 765 3867 mutuum

525 3879 702 3932 petendo
740 3890 823 3921 non

525 3937 668 3993 peccat
682 3937 824 3974 contra

563 3983 782 4038 iustitiam.

890 319 1007 376 254
2097 315 2199 374 DE
2240 313 2593 375 JUSTITIA
2636 316 2736 375 ΕΤ
2771 316 2969 377 JURE

890 491 1090 552 cuniae
1120 491 1479 570 acquiritur,
1512 494 1575 552 et
1602 493 1937 570 postquam
1959 491 2122 550 facta
2152 493 2246 549 est
2273 494 2415 548 'usu-

889 586 1059 661 rarii,
1079 590 1227 646 tunc
1255 583 1526 643 creditor
1557 602 1632 643 ex
1662 583 2099 644 commissione
2122 582 2410 658 usurarii,

890 677 1116 758 accipit
1165 694 1306 736 eam
1360 675 1475 735 sibi
1524 694 1637 753 pro
1694 675 1999 736 solutione
2055 676 2150 735 sui
2195 675 2409 749 debiti,

885 776 1180 830 manente
1208 769 1272 829 in
1300 768 1583 829 usurario
1615 768 1991 846 obligatione
2045 766 2413 827 restit-uendi

885 862 1264 923 mutuatario
1294 879 1518 922 usuras
1537 860 1809 922 indebite
1864 860 2118 921 solutas,
2183 862 2415 920 Contra

885 955 1050 1015 hunc
1077 959 1288 1015 autem
1317 954 1576 1014 modum
1604 953 1950 1032 accipiendi
1968 952 2265 1031 pecunias
2289 970 2412 1012 non

882 1048 1231 1126 procedunt
1272 1052 1641 1126 argumenta
1679 1066 1717 1106 a
1742 1046 1954 1108 Lessio
1992 1046 2300 1119 adducta,
2348 1047 2414 1104 ut

885 1140 1310 1201 considerenti
1326 1131 1584 1219 p‘atebit.
1611 1141 1828 1217 Neque
1841 1139 2029 1199 etiam
2050 1141 2262 1218 posset
2276 1155 2415 1195 mu-

881 1232 1188 1292 tuatarius
1215 1231 1456 1293 occulta
1487 1231 1995 1309 compensatione
2050 1230 2165 1306 uti,
2222 1233 2293 1291 ut
2334 1228 2414 1290 ab

881 1322 986 1383 illo
1015 1324 1325 1384 creditore
1372 1322 1489 1382 sibi
1546 1327 2057 1402 compensaretur
2107 1322 2281 1400 quod
2326 1321 2413 1383 illi

880 1415 1073 1492 dedit,
1132 1415 1292 1475 sicut
1341 1432 1454 1474 nec
1494 1420 1705 1493 posset
1743 1415 2257 1493 compensatione
2313 1431 2415 1475 oc—

882 1507 1047 1567 culta
1074 1524 1443 1586 recuperare
1473 1524 1510 1565 a
1537 1506 1794 1582 famulo,
1829 1507 1929 1567 cui
1948 1507 2281 1585 pecuniam
2301 1506 2411 1565 de-

882 1599 973 1659 dit
1002 1600 1082 1659 ad
1110 1599 1466 1659 usurarium
1524 1598 1952 1674 deferendam,
1999 1616 2145 1658 cum
2193 1604 2413 1660 neuter

878 1695 1200 1753 teneretur
1228 1711 1302 1751 ex
1331 1690 1561 1770 injusta
1590 1691 1974 1769 acceptione,
2023 1695 2134 1751 aut
2182 1709 2247 1750 re
2306 1709 2411 1751 ac-

880 1788 1081 1863 cepta,
1116 1788 1178 1845 ct
1207 1785 1467 1862 uterque
1498 1801 1603 1843 eas
1651 1783 1948 1861 pecunias
1977 1783 2261 1843 usurario
2306 1800 2411 1843 ac-

878 1877 1196 1956 quisierit,
1231 1896 1266 1935 a
1297 1895 1418 1956 quo
1450 1881 1665 1954 postea
1692 1875 1964 1936 creditor
1986 1875 2119 1955 jam
2149 1874 2264 1935 sub
2295 1875 2406 1936 do-

878 1971 1069 2029 minio
1102 1969 1368 2029 usurarii
1406 1969 1740 2029 existentes
1797 1968 2038 2046 accepit
2077 1987 2190 2047 pro
2247 1968 2409 2027 solu-

876 2062 1045 2123 tione
1075 2062 1169 2122 sui
1210 2061 1426 2122 debiti.
1489 2061 1555 2122 Si
1601 2078 1749 2139 ergo
1800 2060 2073 2121 creditor
2116 2060 2402 2120 usurario

878 2153 1364 2232 assignationem
1394 2152 1642 2213 facienti
1659 2156 2127 2230 protestetur,se
2147 2152 2309 2212 nolle
2327 2152 2404 2212 ab

879 2246 1015 2307 aliis
1035 2247 1305 2323 exigere,
1340 2263 1453 2305 nec
1509 2263 1652 2305 cum
1682 2245 1818 2305 aliis
1844 2245 2108 2323 litigare,
2131 2244 2240 2305 sed
2272 2244 2406 2323 ejus

878 2339 1129 2399 nomine
1152 2338 1448 2417 pecunias
1472 2338 1608 2398 illas
1649 2337 2012 2415 petiturum,
2045 2355 2200 2416 quas
2221 2337 2274 2397 si
2303 2355 2407 2397 ac-

878 2430 1086 2509 cipiat,
1114 2429 1248 2510 ejus
1278 2430 1466 2491 etiam
1483 2447 1791 2490 consensu
1812 2449 1917 2490 eas
1937 2430 2000 2490 in
2031 2429 2404 2490 solutionem

876 2527 1285 2598 retenturum,
1321 2541 1445 2583 non
1475 2522 1657 2582 video
1688 2540 1801 2582 cur
1826 2522 1907 2583 sit
1925 2522 2276 2582 necessario
2322 2521 2402 2582 ad

878 2614 1330 2676 restitutionem
1366 2613 1760 2692 obligandus,

1553 3005 1695 3080 §.a

1041 3267 1128 3328 De
1154 3268 1530 3346 mutuatario,
1564 3289 1637 3328 an
1662 3277 1857 3349 peccet
1884 3269 1944 3329 in
1963 3269 2247 3350 petitione

1380 3373 1684 3433 mutuisub
1704 3374 1913 3435 usuris.

954 3625 1122 3685 Inter
1149 3627 1554 3703 cooperantes
1584 3623 1790 3703 aliquo
1844 3623 2033 3684 modo
2089 3623 2403 3684 numerari

874 3720 1079 3796 potest
1104 3717 1236 3794 ipse
1288 3717 1721 3792 mutuatariu8‚
1774 3716 1878 3795 qui
1936 3715 2205 3795 petendo
2260 3735 2401 3776 mu-

873 3816 1051 3872 tuum
1079 3810 1327 3870 videtur
1354 3810 1566 3889 aliquo
1596 3810 1782 3870 modo
1814 3813 2072 3887 peccato
2116 3814 2405 3870 mutuan-

2515 489 2623 549 sed
2655 490 2732 548 ad
2765 509 3078 551 summum
3110 492 3225 552 snb
3256 492 3637 569 conditione,
3693 499 3760 554 ut
3788 513 3860 553 ex
3886 495 4012 557 duo·

2513 582 2630 642 bus
2658 584 2860 657 malis,
2895 584 2943 643 si
2966 584 3234 645 alterum
3279 586 3639 645 faciendum
3669 588 3767 661 sit,
3800 588 3905 649 fiat
3928 607 4011 667 po·

2512 675 2636 735 tius
2695 675 2813 736 hoc
2868 678 3074 737 minus
3130 679 3388 755 malum,
3447 698 3639 758 quam
3693 680 3847 740 illud
3908 702 4009 742 ma-

2504 767 2630 845 jus.

2592 859 2770 921 ‘Unde
2801 865 3040 922 certum
3081 863 3270 923 etiam
3321 863 3590 939 videtur,
3652 864 3822 943 quod
3867 872 4006 942 post-

2515 971 2703 1031 quam
2742 957 3033 1013 mutuum
3095 956 3212 1015 sub
3270 956 3474 1015 usuris
3520 964 3849 1034 acceptum
3914 964 4005 1033 est,
4058 1002 4095 1043 h

2511 1044 2708 1122 possit
2736 1048 3151 1107 mutuatarius
3208 1047 3374 1108 licite
3426 1066 3649 1107 usuras
3700 1050 4008 1127 promissas

2511 1136 2773 1212 solvere,
2809 1137 2886 1196 de
2916 1157 3039 1216 quo
3058 1157 3182 1198 non
3198 1139 3379 1200 video
3393 1141 3882 1201 controversiam
3902 1161 4009 1200 ma-

2511 1246 2702 1306 gnam
2751 1230 2919 1307 apud
2949 1230 3258 1292 doctores
3296 1232 3421 1291 sed
3452 1233 3656 1291 solum
3685 1233 3852 1293 circa
3877 1235 4008 1337 peti-

2509 1320 2745 1382 tionem
2771 1323 3100 1383 mutuisub
3130 1323 3355 1399 usuris,
3390 1343 3533 1383 cum
3557 1329 3769 1384 tamen
3815 1327 3872 1383 in
3900 1326 4008 1404 ipsa

2511 1413 2701 1475 etiam
2742 1413 3047 1475 solutione
3104 1417 3511 1520 consequenti
3564 1436 3890 1477 usurarum
3936 1419 4009 1478 vi-

2510 1505 2735 1568 deatur
2761 1525 2923 1568 nova
2950 1508 3194 1568 occasio
3222 1509 3469 1587 peccati
3512 1510 3823 1570 mutuanti
3856 1512 4009 1571 offer-

2508 1599 2583 1674 ri,
2618 1600 2726 1678 qui
2754 1618 2917 1662 novo
2945 1604 3203 1680 peccato
3262 1601 3618 1678 acceptabit
3670 1621 3887 1662 usuras
3932 1621 4008 1664 so·

2504 1690 2689 1767 lutaS,
2724 1697 2786 1753 et
2828 1692 2969 1754 ideo
2997 1692 3079 1753 ad
3134 1693 3509 1753 solutionem
3564 1693 3753 1754 etiam
3801 1696 4006 1775 requiri

2505 1800 2758 1842 causam
2780 1783 3040 1864 justam,
3077 1784 3292 1846 docuit
3326 1785 3574 1846 Valent.
3610 1786 3774 1864 disp.
3811 1790 3880 1847 V.
3916 1807 4002 1866 qu.

2503 1891 2630 1936 xxl.
2663 1895 2812 1955 pun.
2846 1892 2933 1938 lv.
2970 1877 3200 1938 colum.
3225 1880 3284 1939 5.
3317 1895 3479 1937 verS.
3513 1877 3652 1937 Jam
3674 1878 3743 1938 de
3767 1880 4001 1940 secundo.

2506 1968 2629 2028 Sed
2659 1987 2876 2028 revera
2907 1987 3028 2029 non
3061 1969 3201 2029 ideo
3224 1970 3599 2048 obligandus
3632 1971 3878 2032 videtur
3893 1991 4005 2031 mu·

2501 2061 2805 2121 tuatarius
2837 2061 2915 2120 ad
2969 2079 3092 2121 non
3125 2061 3459 2123 solvendas
3497 2082 3721 2123 usuras
3776 2065 4005 2141 promis-

2503 2171 2606 2212 sas
2654 2170 2667 2210 :
2733 2154 2879 2231 quia
2921 2153 3053 2231 ipse
3102 2171 3224 2213 non
3283 2155 3604 2217 concurrit
3657 2156 4005 2215 determina-

2501 2247 2583 2321 te,
2629 2244 2740 2304 sed
2769 2244 3213 2321 indifferenter,
3274 2250 3335 2306 et
3387 2247 3590 2307 solum
3660 2249 3843 2308 offert
3891 2268 4005 2308 usu·

2502 2354 2625 2411 raS,
2670 2355 2792 2415 qua
2832 2336 3144 2397 oblatione
3174 2337 3397 2415 posita,
3448 2342 3659 2417 potest
3710 2341 4002 2400 usurarius

2501 2429 2664 2489 nolle
2719 2429 2852 2489 illas
2909 2434 3270 2508 acceptare:
3332 2431 3383 2490 si
3464 2436 3677 2492 autem
3744 2437 4003 2512 acceptat

2499 2521 2614 2581 sibi
2643 2521 2926 2600 imputet.
2960 2524 3173 2600 Neque
3209 2523 3376 2581 enim
3408 2526 3663 2584 tenetur
3714 2530 4006 2585 mutuata-

2501 2613 2629 2673 rius
2656 2614 2936 2674 abtinere
2980 2613 3058 2672 ab
3080 2614 3190 2673 illa
3218 2615 3463 2674 actione
3519 2615 3915 2693 indifferenti,
3946 2622 4002 2676 ut

2499 2706 2654 2768 vitet
2678 2706 3023 2785 periculum
3051 2706 3202 2765 illud
3255 2707 3401 2766 novi
3433 2710 3677 2785 peccati
3706 2710 3769 2768 in
3824 2715 4006 2769 mutu·

2500 2804 2684 2870 ante;
2717 2803 2873 2874 tum,
2909 2797 3058 2876 quia
3088 2817 3214 2857 non
3260 2804 3468 2877 potest
3522 2799 3585 2859 id
3641 2802 3846 2860 facere
3897 2801 4006 2860 sine

2501 2891 2676 2968 gravi
2741 2889 3143 2951 incommodo
3198 2909 3329 2951 suae
3384 2895 3550 2952 notae
3606 2897 3669 2953 et
3740 2893 4002 2965 infamias,

2502 2983 2679 3061 quasi
2704 3001 2829 3043 non
2858 3000 2934 3041 ex
2980 2982 3285 3043 charitate
3315 2983 3426 3043 sed
3456 2983 3722 3044 avaritia
3749 3003 3871 3045 non
3902 3003 4005 3044 ser-

2499 3078 2603 3135 vet
2627 3075 2819 3134 fidem
2848 3075 3243 3153 promissam,
3277 3079 3339 3135 ct
3391 3075 3514 3135 alia
3559 3077 3699 3136 vice
3757 3095 3929 3136 nemo
3956 3076 3999 3134 ei

2500 3167 2843 3230 mutuabit:
2877 3173 3010 3228 tum
3066 3168 3278 3245 etiam,
3315 3169 3463 3247 quia
3519 3169 3824 3230 damnum
3874 3168 4001 3229 illud

2502 3261 2667 3340 quod
2688 3259 2869 3320 vitari
2890 3260 3119 3338 poterit
3144 3260 3206 3319 in
3236 3262 3544 3338 proximo,
3563 3269 3659 3322 est
3687 3262 3863 3321 valde
3892 3262 4002 3320 exi-

2499 3371 2723 3431 guum;
2760 3370 2901 3412 cum
2923 3352 3058 3432 jam
3087 3353 3409 3413 usurarius
3466 3353 3703 3415 habeat
3747 3374 3816 3413 ex
3850 3358 3999 3433 parte

2498 3463 2612 3505 sua
2665 3445 3047 3505 voluntatem
3090 3445 3437 3523 accipiendi
3495 3465 3760 3524 usuras,
3815 3466 3854 3506 a
3901 3463 4001 3525 qua

2469 3536 2816 3597 ‘voluntate
2851 3554 2972 3596 non
3026 3536 3301 3612 desistet,
3355 3556 3431 3596 ex
3479 3556 3552 3597 eo
3614 3539 3779 3617 quod
3819 3542 3873 3598 ei
3899 3555 4000 3598 nou

2499 3629 2840 3702 solvantur,
2883 3629 3008 3688 imo
3042 3629 3157 3688 hac
3204 3630 3536 3690 occasione
3595 3631 3717 3691 alia
3773 3636 4000 3709 peccata

2502 3721 2690 3780 faciet
2735 3720 2883 3796 odii,
2946 3721 3373 3797 detractioniS,
3418 3723 3698 3798 convitii,
3731 3730 3790 3784 et
3834 3740 4000 3782 novas

2500 3831 2719 3872 usuras
2768 3817 3011 3892 quaeret
3061 3813 3144 3873 ad
3193 3816 3734 3892 compensandum
3763 3816 3876 3875 sibi
3903 3832 3995 3892 pro

873 3905 952 3966 tis
979 3903 1323 3982 cooperari,
1360 3907 1423 3963 et
1450 3903 1602 3962 dare
1630 3902 1718 3961 illi
1750 3902 2076 3962 materiam
2106 3920 2181 3961 ac
2222 3919 2405 3962 occa·
2489 3906 2760 3983 J‘actura.
2787 3905 2944 3966 Vide
2975 3924 3116 3983 quae
3148 3905 3207 3964 in
3230 3906 3415 3965 simili
3448 3906 3576 3966 dixi
3600 3908 3827 3987 disput.
3859 3907 3996 3968 vlu.

873 3997 1113 4056 sionem
1163 3994 1487 4074 peccandi.
1548 3997 1800 4056 Certum
1860 3999 2068 4055 autem
2128 3994 2397 4072 videtur,

874 4108 1017 4149 eum
1038 4107 1160 4148 non
1190 4106 1452 4167 peccare
1481 4092 1739 4166 peccato
1772 4087 2022 4166 proprio
2053 4086 2395 4166 injustitiae,

873 4200 1016 4242 cum
1054 4180 1298 4261 justitia
1337 4184 1399 4240 et
1453 4180 1755 4258 injustitia
1801 4180 2072 4239 debeant
2127 4198 2263 4239 esse
2318 4179 2399 4240 ad

872 4274 1086 4349 alium,
1119 4278 1182 4334 et
1236 4290 1358 4333 non
1404 4272 1486 4332 ad
1533 4291 1599 4332 se
1652 4272 1894 4350 ipsum;
1928 4271 2043 4331 nisi
2084 4272 2244 4333 forte
2293 4271 2400 4331 ali·

869 4365 1119 4445 quando
1146 4365 1423 4443 obligare
1453 4383 1518 4424 se
1545 4364 1624 4424 ad
1680 4383 1875 4425 novas
1924 4383 2144 4424 usuras
2199 4365 2400 4425 conti-

870 4465 1018 4522 neat
1044 4458 1414 4538 injustitiam
1469 4462 1687 4518 contra
1725 4457 1907 4533 filios,
1966 4458 2064 4518 vel
2111 4476 2392 4534 uxorem,

869 4553 1094 4633 quibus
1124 4552 1185 4611 in
1220 4551 1586 4612 necessariis
1617 4549 1920 4612 etdebitis
1946 4550 2222 4628 graviter
2242 4569 2397 4629 prae-

860 4646 1126 4726 judicat,
1159 4644 1259 4705 vel
1302 4644 1491 4705 etiam
1545 4648 1765 4704 contra
1819 4642 1975 4703 alios
2031 4643 2393 4720 creditoreS,

866 4738 1093 4820 quibus
1121 4737 1429 4815 impotens
1457 4738 1526 4798 fit
1554 4735 1632 4795 ad
1664 4735 2054 4812 solvendum,
2114 4736 2167 4797 si
2222 4736 2399 4796 novis

864 4831 1069 4893 usuris
1113 4834 1430 4909 gravetur.
1465 4829 1792 4907 Praecipua
1820 4833 2032 4888 tamen
2064 4828 2398 4889 difficultas

867 4935 986 5001 est,
1071 4942 1153 4984 an
1208 4926 1430 5001 peccet
1502 4925 1722 4982 contra
1802 4920 2172 4983 charitatem
2254 4939 2400 4999 pec-

862 5025 1004 5080 cato
1085 5015 1387 5092 scandali,
1482 5019 1739 5093 propter
1820 5014 2170 5075 censionem
2249 5033 2398 5093 pec-

863 5111 1046 5173 candi
1100 5127 1290 5188 quam
1338 5106 1626 5169 usurario
1650 5108 1851 5168 offert.
1902 5108 1970 5166 ln
2022 5125 2145 5185 quo
2205 5108 2396 5168 etiam

862 5207 1094 5284 puncto
1125 5207 1362 5264 certum
1382 5205 1496 5277 est,
1523 5218 1648 5260 non
1677 5217 1859 5278 posse
1907 5198 2181 5277 aliquem
2211 5199 2397 5261 abso-

860 5297 986 5357 lute
1017 5294 1228 5355 induci
1258 5293 1336 5352 ad
1366 5292 1783 5354 mutuandum
1814 5291 1928 5351 sub
1986 5292 2211 5368 usuris,
2247 5294 2396 5371 quia

859 5388 924 5447 id
954 5387 1121 5467 quod
1151 5390 1246 5446 est
1271 5385 1605 5447 intrinsece
1625 5384 1884 5460 malum,
1909 5401 2032 5443 non
2063 5403 2394 5463 possumus

859 5479 1143 5540 absolute
1192 5477 1538 5554 consulere,
1582 5482 1818 5557 petere,
1850 5477 2215 5557 praecipere,
2265 5483 2384 5540 etc.

2498 3997 2567 4058 de
2597 3997 2972 4058 sacramentis
3001 3998 3058 4056 in
3087 4017 3315 4078 qenere,
3363 4004 3515 4059 sect.
3550 4016 3638 4060 Χι.
3700 4020 3759 4061 ιι.
3798 4003 3921 4061 180.
3949 4003 4001 4057 et

2496 4090 2922 4169 sequentibus,
2973 4090 3077 4150 ubi
3110 4110 3282 4151 num.
3320 4093 3455 4152 182.
3491 4092 3618 4151 dixi
3652 4094 3714 4151 in
3758 4093 3999 4171 particu-

2495 4183 2632 4258 lari,
2666 4201 2778 4242 cur
2818 4183 3235 4243 mutuatarius
3278 4202 3404 4264 non
3457 4190 3680 4262 peccet
3729 4183 3997 4245 solvendo

2494 4293 2715 4335 usuras
2744 4275 3102 4353 promissaS,
3145 4279 3206 4336 et
3260 4275 3652 4354 objectiones
3681 4277 3997 4337 contrarias

2493 4368 2615 4428 late
2646 4367 2919 4428 dissolvi.
2981 4369 3093 4429 Cui
3141 4368 3443 4429 doctrinae
3500 4370 3809 4430 consentit
3852 4368 3997 4429 Tho-

2495 4479 2628 4520 mas
2690 4460 2970 4522 Sanchez
2998 4461 3122 4521 late
3151 4459 3258 4520 lib.
3292 4462 3394 4521 111.
3446 4460 3508 4520 in
3561 4460 3833 4542 Decoloq.
3872 4478 3991 4537 cap.

2496 4570 2632 4615 vm.
2665 4572 2771 4612 nu.
2807 4555 2904 4613 20.

2572 4644 2915 4749 Loquendo
2972 4662 3121 4722 ergo
3170 4645 3247 4705 de
3293 4644 3430 4723 ipsa
3486 4647 3784 4723 petitione
3811 4644 3986 4706 mutui

2495 4738 2610 4800 sub
2639 4738 2864 4813 usuriS‚
2886 4738 3265 4798 conveniunt
3292 4739 3477 4799 etiam
3509 4739 3813 4814 doctores,
3846 4756 3994 4800 com·

2496 4832 2770 4890 muniter
2798 4831 3084 4890 excusari
3106 4834 3423 4908 petentem
3470 4831 3552 4891 ob
3587 4833 3992 4892 necessitatem

2495 4942 2621 5002 qua
2649 4923 2917 5001 pecunia
2936 4922 3176 5001 indiget
3194 4923 3275 4983 ad
3305 4928 3590 5002 sumptus
3612 4926 3987 4996 necessarios

2495 5021 2605 5077 aut
2631 5020 2883 5094 propter
2913 5015 3608 5077 occasionemlucrandi
3629 5036 3811 5096 quam
3840 5016 3990 5075 amit·

2492 5113 2602 5185 tet,
2637 5108 2876 5169 etiamsi
2908 5108 3253 5186 praevideat
3280 5126 3401 5168 non
3434 5109 3553 5169 sibi
3609 5110 3989 5170 mutuandum

2493 5202 2709 5281 gratiS,
2731 5201 2879 5279 quia
2906 5201 3038 5279 ipse
3067 5218 3192 5260 non
3221 5200 3462 5262 inducit
3489 5202 3573 5261 ad
3602 5222 3868 5277 usuram,
3894 5197 3987 5260 sed

2493 5295 2648 5374 petit
2674 5299 2984 5369 mutuum,
3020 5292 3187 5372 quod
3218 5293 3319 5351 ille
3350 5293 3508 5353 alius
3543 5294 3711 5356 licite
3741 5295 3878 5354 dare
3903 5310 3990 5370 po-

2491 5391 2612 5450 test
2643 5407 2659 5460 ;
2694 5387 2742 5446 si
2772 5389 2984 5446 autem
3014 5403 3125 5444 sua
3154 5385 3392 5446 malitia
3422 5387 3579 5447 nolit
3607 5388 3799 5465 gratis
3826 5393 3878 5446 et
3924 5385 3989 5443 li·

2491 5481 2610 5540 cite
2639 5479 2810 5555 dare,
2834 5478 3110 5539 idtotum
3127 5477 3481 5557 ejusculpa,
3514 5498 3641 5540 non
3662 5478 3987 5541 inductione

4099 874 4158 949 Ξ

3930 4644 4158 5026 iim
