4263 6376
1218 329 1688 390 DISPUTATIO
1732 329 2005 405 XXVIII,
2055 329 2330 393 SEC'rlo
2371 333 2474 394 VI.

303 525 360 567 se
383 504 623 583 suscipit
644 503 992 580 bancarius,
1008 501 1191 583 juxta
1218 522 1315 580 ea,
1347 522 1487 583 quae
1518 503 1799 566 dicemus

303 598 518 678 agendo
546 597 621 657 de
648 600 968 658 contractu
998 596 1334 658 societatis

370 691 678 753 Dubitatur
716 688 930 761 tertio;
975 707 1055 749 an
1104 707 1394 768 campsor
1427 691 1522 750 vel
1568 691 1797 751 banca-

213 843 219 852 ,
300 786 430 859 riuS,
460 782 700 863 quando
731 786 945 860 postea
973 783 1307 860 pecuniam
1337 783 1542 859 solvit,
1602 784 1801 863 possit

213 854 261 937 ¹5¹?
300 875 598 939 detrahere
625 879 864 953 partem
895 874 1172 953 aliquam
1219 893 1331 953 pro
1378 876 1669 937 mercede
1699 876 1795 936 sui

211 964 235 1045 ζ,
297 969 539 1031 laboris?
580 968 888 1028 Claritatis
930 968 1136 1046 gratia
1183 986 1517 1047 possumus
1556 970 1639 1029 ad
1668 973 1794 1030 tres

297 1065 498 1124 classes
524 1060 816 1121 reducere
865 1059 1172 1138 ejusmodi
1203 1079 1525 1139 personas,
1586 1062 1796 1123 Prima

297 1162 377 1216 est
416 1172 619 1214 eorum
660 1153 827 1231 apud
874 1170 1032 1231 quos
1070 1154 1337 1230 pecunia
1385 1155 1794 1215 custodienda

294 1248 613 1326 deponitur,
644 1244 1006 1324 recipienda
1021 1245 1100 1305 ab
1122 1244 1359 1306 eisdem
1377 1247 1600 1307 eodem
1628 1247 1790 1309 locO.

294 1339 550 1403 Secunda
577 1343 670 1400 est
697 1356 937 1414 eorum,
972 1338 1196 1417 quibus
1218 1340 1484 1416 pecunia
1512 1340 1698 1401 datur
1726 1343 1796 1401 ut

292 1451 411 1493 eam
437 1449 543 1511 per
569 1430 884 1491 cambium
914 1430 1112 1490 locale
1143 1431 1288 1490 alibi
1318 1431 1608 1493 reddant.
1637 1433 1789 1492 Ter-

291 1526 361 1585 tia
387 1524 641 1603 denique
670 1540 889 1583 eorum
935 1541 973 1581 a
1020 1522 1247 1600 quibus
1289 1524 1622 1601 pecuniam
1671 1523 1790 1586 hoc

288 1618 406 1679 loco
433 1615 812 1694 campsarius
840 1614 1032 1694 petit,
1089 1633 1280 1694 quam
1327 1619 1545 1694 postea
1589 1616 1794 1678 solvat

288 1728 386 1788 per
430 1709 736 1770 cambium
781 1707 844 1767 in
909 1706 1030 1767 alio
1085 1707 1223 1768 loco
1277 1708 1792 1787 correspondenti

286 1800 616 1880 campsoriS.
647 1802 737 1860 De
767 1799 970 1878 prima
997 1817 1147 1878 ergo
1176 1799 1396 1877 classe,
1432 1800 1495 1861 in
1526 1820 1650 1881 qua
1680 1820 1791 1881 ap-

286 1893 567 1971 pellantur
587 1891 867 1952 bancarii
891 1938 907 1967 ‚
941 1892 1074 1970 agit
1097 1891 1331 1953 Molina
1358 1892 1517 1972 disp.
1549 1897 1688 1956 409.
1721 1913 1784 1956 n.

283 1989 333 2046 7.
363 1988 483 2046 et8.
512 1986 586 2045 Et
611 1984 867 2063 quidem
888 1984 1270 2046 conveniunt
1284 1985 1593 2063 doctoreS,
1620 1986 1786 2066 quod

283 2079 452 2157 possit
476 2095 582 2156 pro
612 2077 899 2138 custodia
928 2078 1210 2156 pecuniae
1256 2081 1319 2139 et
1343 2096 1455 2156 pro
1477 2097 1629 2139 cura
1658 2079 1788 2140 offl-

281 2172 345 2231 cii
372 2170 627 2248 suscepti
653 2216 668 2246 ‚
703 2175 767 2232 et
795 2188 909 2248 pro
938 2171 1227 2249 expensis
1277 2171 1339 2230 in
1370 2188 1444 2230 eo
1473 2171 1650 2232 factis
1680 2172 1789 2232 sti-

281 2263 547 2343 pendium
576 2263 694 2323 sibi
725 2263 996 2340 exigere,
1024 2268 1085 2324 et
1105 2263 1390 2341 stipulari
1417 2282 1454 2322 a
1473 2263 1787 2342 deponen-

279 2360 349 2430 te,
378 2356 513 2434 quia
540 2355 674 2415 haec
706 2355 918 2415 omnia
960 2356 1159 2433 pretio
1191 2355 1583 2417 aestimabilia
1612 2361 1778 2435 sunt,

278 2453 331 2509 et
351 2449 482 2509 licet
508 2448 861 2526 depositum
883 2448 1068 2509 cedat
1085 2448 1274 2509 etiam
1299 2448 1362 2507 in
1383 2448 1784 2509 commodum

276 2540 548 2616 bancarii,
582 2541 691 2619 qui
720 2544 925 2620 potest
952 2540 1200 2602 interim
1229 2540 1492 2619 pecunia
1535 2541 1640 2601 illa
1675 2560 1785 2602 ne-

274 2633 475 2710 gotiari
502 2639 561 2695 et
587 2634 840 2709 lucrari,
865 2638 928 2694 et
953 2633 1094 2693 ideo
1125 2633 1368 2694 soleant
1396 2632 1676 2694 bancarii
1703 2634 1783 2696 ab

274 2726 379 2786 alia
401 2726 684 2787 mercede
713 2726 1028 2786 abstinere
1077 2746 1090 2787 :
1141 2731 1397 2805 possent
1425 2731 1638 2788 tamen
1662 2773 1678 2803 ,
1729 2727 1783 2788 si

272 2819 508 2895 vellent,
566 2820 778 2880 locare
822 2837 967 2880 suas
1013 2837 1236 2897 operas
1283 2823 1347 2880 et
1391 2819 1554 2879 nolle
1585 2819 1783 2898 gratis

272 2910 376 2971 hoc
402 2930 549 2973 onus
577 2912 895 2990 suscipere
916 2958 931 2987 ,
966 2913 1074 2972 sed
1107 2929 1219 2989 pro
1249 2911 1470 2989 pretio.
1520 2913 1779 2984 Quando

270 3008 457 3065 tamen
505 3005 625 3066 hoc
674 3022 800 3065 non
839 3004 1160 3066 deducunt
1187 3004 1250 3063 in
1280 3010 1532 3083 pactum
1558 3050 1573 3081 ,
1625 3005 1781 3066 nihil

272 3098 348 3156 eis
373 3097 647 3174 debetur,
684 3097 834 3177 quia
861 3101 1196 3158 censentur
1223 3096 1420 3176 gratis
1460 3096 1525 3156 id
1571 3098 1779 3159 facere

269 3195 323 3252 et
348 3190 654 3269 deponens
683 3195 894 3270 potest
917 3208 1162 3250 merum
1189 3195 1480 3251 mutuum
1508 3191 1782 3252 celebra-

266 3301 345 3357 re,
373 3284 429 3342 in
451 3302 568 3362 quo
598 3283 1017 3345 mutuatarius
1035 3283 1189 3343 nihil
1219 3283 1437 3361 recipit
1468 3301 1580 3361 pro
1611 3284 1772 3362 peri·

267 3375 388 3436 culo
417 3378 512 3437 cui
539 3395 605 3438 se
636 3375 894 3454 exponit
922 3375 1249 3436 amittendi
1276 3375 1610 3454 pecuniam
1639 3394 1780 3436 mu-

266 3473 477 3528 tuatam
508 3473 569 3530 et
597 3469 828 3530 iterum
858 3487 998 3528 eam
1025 3467 1345 3543 solvendi,
1402 3486 1515 3528 nec
1544 3487 1657 3547 pro
1687 3469 1779 3529 la-

263 3559 396 3620 bore
424 3561 796 3621 numerandi
844 3565 906 3621 et
952 3559 1212 3621 notandi
1262 3559 1480 3621 datum
1508 3565 1571 3620 et
1599 3578 1779 3621 acce-

263 3656 439 3729 ptum,
470 3652 724 3732 quando
755 3651 1002 3730 accipit,
1036 3656 1148 3713 aut
1173 3651 1378 3712 solvit.
1431 3651 1778 3713 Videantur

259 3744 467 3806 Melina
484 3746 644 3824 disp.
677 3747 816 3806 408.
849 3764 955 3805 nu.
988 3761 1126 3806 vul.
1160 3743 1409 3804 Lessius
1439 3743 1588 3805 dub.
1628 3761 1768 3807 vm.

259 3841 314 3897 et
337 3839 502 3898 Salas
530 3839 685 3898 dub.
724 3854 827 3898 xx.
865 3856 928 3899 n.
964 3841 1018 3898 1.

325 3931 512 4009 Dices,
545 3929 908 4008 bancariuS,
934 3948 1078 3990 cum
1109 3929 1455 3990 dominium
1486 3930 1775 4009 acquirat

257 4024 535 4101 pecuniae,
571 4029 635 4086 et
662 4042 777 4085 suo
807 4023 1086 4102 periculo
1115 4022 1322 4102 perire
1350 4021 1610 4099 debeat,
1645 4042 1772 4084 non

255 4120 368 4175 tam
394 4122 484 4179 est
508 4115 928 4195 depositarius
948 4133 1137 4194 quam
1170 4114 1585 4177 mutuatarius
1611 4135 1625 4176 :
1660 4115 1770 4176 sed

253 4212 648 4273 mutuatarius
698 4227 813 4269 nec
865 4208 1025 4269 solet
1069 4226 1184 4268 nec
1245 4210 1452 4286 potest
1498 4208 1770 4286 pretium

253 4302 479 4382 exigere
508 4323 547 4365 a
575 4305 905 4364 mutuante
952 4319 1065 4380 pro
1111 4299 1422 4379 ejusmodi
1462 4300 1764 4378 periculo,

254 4414 355 4457 nec
397 4415 506 4475 pro
551 4414 748 4475 opera
789 4413 904 4455 sua
948 4395 1117 4456 circa
1142 4398 1430 4455 mutuum
1459 4394 1769 4472 recipien-

252 4486 386 4548 dum
411 4491 507 4550 vel
536 4487 910 4551 solvendum
942 4504 957 4551 :
993 4505 1142 4567 ergo
1161 4505 1276 4547 nec
1297 4486 1632 4547 bancarius
1661 4505 1769 4564 po-

250 4582 396 4644 terit.
420 4581 856 4663 Respondetur
868 4581 1319 4644 mutuatarium
1337 4579 1547 4655 etiam,
1573 4598 1767 4659 quan·

249 4673 320 4735 do
345 4683 627 4737 mutuum
657 4678 821 4735 esset
865 4675 930 4733 in
958 4673 1363 4734 commodum
1389 4672 1761 4749 mutuantiS,

247 4786 410 4845 posse
437 4768 488 4829 si
514 4767 738 4843 vellet,
788 4784 913 4827 non
937 4767 1224 4846 accipere
1252 4770 1540 4827 mutuum
1565 4810 1581 4840 ,
1643 4764 1762 4825 nisi

245 4860 528 4938 exigendo
561 4860 830 4938 pretium
878 4878 1007 4920 suae
1040 4877 1247 4938 operae
1300 4862 1364 4918 et
1406 4856 1637 4918 laboris
1685 4875 1760 4918 ac

241 4953 480 5031 periculi
509 4954 615 5014 cui
639 4953 903 5014 fortasse
931 4971 997 5014 se
1028 4955 1406 5031 exponeret;
1453 4968 1594 5030 quae
1624 4968 1761 5010 om-

244 5045 336 5106 nia
374 5048 572 5126 pretio
617 5046 810 5125 digna
855 5050 1022 5106 sunt.
1073 5044 1503 5107 Communiter
1544 5047 1757 5104 tamen

241 5140 583 5202 mutuatarii
626 5139 778 5201 talia
823 5157 1014 5201 onera
1062 5136 1456 5199 aestimabilia
1497 5153 1618 5195 non
1650 5154 1754 5195 su-

240 5230 434 5310 beunt,
467 5251 584 5294 nec
611 5232 690 5293 de
719 5232 840 5292 illis
865 5235 1108 5308 curant,
1135 5248 1251 5291 nec
1271 5232 1560 5290 mutuum
1590 5228 1759 5290 cedit

241 5322 295 5384 in
320 5326 718 5387 commodum
745 5324 855 5385 sed
885 5322 1357 5384 incommodum
1385 5320 1593 5402 potius
1621 5338 1756 5380 mu-

239 5419 491 5497 tuantis,
553 5421 615 5480 et
656 5417 722 5478 in
764 5416 967 5479 solum
1005 5415 1408 5479 commodum
1437 5416 1756 5476 mutuata-

240 5510 326 5573 rii.

3316 345 3432 404 ⁴13

1974 505 2446 568 Advertendum
2475 512 2686 572 tamen
2718 516 2849 589 est,
2897 512 3236 593 aliquando
3286 536 3430 578 eum

1894 597 2001 677 qui
2029 596 2269 659 litteras
2295 601 2424 661 suis
2443 602 2856 666 creditoribus
2885 606 3015 683 dat,
3040 612 3162 668 uta
3193 610 3300 669 tali
3330 611 3429 672 vel

1892 690 2002 751 tali
2026 690 2324 752 bancario
2355 694 2590 755 credita
2611 714 2724 756 sua
2740 698 3065 777 recipiant,
3088 701 3288 762 nullas
3318 702 3431 763 ha-

1893 782 2043 843 bere
2072 785 2372 862 pecunias
2419 786 2480 845 in
2524 787 2625 848 illo
2657 788 2882 867 banc0,
2916 791 3025 851 sed
3059 792 3427 856 bancarium

1893 892 1958 933 se
1989 875 2299 953 obligasse
2331 877 2412 937 ad
2443 881 2860 959 acceptandas
2890 882 3026 961 ejus
3054 884 3334 965 litteraS,
3369 892 3432 949 et

1892 966 2191 1026 solvenda
2220 967 2282 1027 in
2313 969 2402 1029 eis
2428 976 2744 1050 contenta,
2779 979 2849 1036 ut
2878 980 3093 1054 postea
3123 996 3162 1038 a
3190 979 3430 1041 litteras

1890 1058 2175 1120 mittente
2196 1067 2560 1141 recuperet;
2596 1068 2658 1124 et
2677 1070 2824 1125 tunc
2840 1066 3039 1128 solere
3061 1068 3430 1133 bancarium

1891 1150 2142 1229 exigere
2172 1152 2450 1232 quinque
2479 1200 2494 1231 ,
2530 1159 2638 1215 aut
2664 1174 2771 1216 sex
2800 1177 2912 1236 pro
2946 1159 3207 1240 singulis
3235 1166 3429 1225 mille-

1890 1243 2104 1318 nariiS‚
2140 1264 2279 1324 quae
2311 1246 2395 1306 ita
2425 1246 2627 1308 solvit.
2665 1249 2779 1322 Qui
2805 1270 2951 1312 usus
2972 1271 3099 1314 non
3130 1261 3223 1318 est
3250 1258 3429 1318 facile

1890 1334 2308 1415 damnanduS,
2344 1344 2411 1400 ut
2439 1358 2582 1399 cum
2606 1342 2900 1405 Mercado
2924 1390 2940 1421 ,
2993 1350 3057 1407 et
3083 1348 3231 1410 Soto
3263 1350 3432 1410 affir-

1887 1432 2020 1488 mat
2046 1430 2281 1490 Molina
2326 1430 2557 1511 disput.
2589 1436 2729 1494 409.
2776 1454 2947 1497 num.
2987 1442 3047 1498 7.
3083 1445 3145 1500 et
3170 1444 3229 1502 8.
3282 1443 3429 1521 quia

1887 1520 2067 1582 adest
2091 1520 2297 1600 justus
2344 1523 2588 1601 tituluS,
2641 1545 2865 1607 nempe
2912 1530 3209 1609 obligatio
3239 1553 3427 1614 quam

1887 1612 2222 1674 bancarius
2269 1616 2331 1676 in
2393 1636 2460 1677 se
2507 1618 2768 1697 suscipit
2813 1622 3098 1684 solvendi
3139 1644 3252 1704 pro
3296 1628 3423 1706 illo,

1887 1724 2028 1785 quae
2056 1706 2306 1768 videtur
2334 1726 2470 1769 esse
2500 1710 2740 1789 species
2760 1714 3050 1792 quaedam
3081 1718 3398 1798 fidejussio

1888 1797 2018 1871 nis;
2069 1817 2266 1878 quare
2312 1800 2472 1863 sicut
2516 1803 2850 1882 fidejussor
2894 1809 3165 1885 pretium
3220 1816 3427 1890 potest

1886 1889 2136 1969 exigere
2152 1910 2265 1970 pro
2284 1893 2663 1972 obligatione
2692 1916 2882 1976 quam
2901 1900 3304 1981 fidejubendo
3325 1925 3425 1967 su-

1885 1982 2088 2061 scipit,
2121 1985 2212 2045 sic
2232 1986 2462 2063 poterit
2478 1987 2814 2050 bancarius
2841 2010 2954 2070 pro
2974 1994 3157 2054 simili
3179 1997 3420 2078 obliga-

1884 2075 2074 2137 fione.

1963 2171 2093 2230 Hoc
2124 2174 2338 2231 tamen
2368 2171 2666 2235 interesse
2690 2221 2706 2252 ,
2754 2178 2921 2256 quod
2949 2179 3283 2243 bancarius
3311 2184 3422 2245 de-

1881 2261 2108 2338 trahit,
2160 2280 2286 2323 non
2333 2265 2523 2326 debet
2548 2268 2703 2328 solvi
2733 2269 2812 2329 ab
2843 2270 2944 2332 illo
2975 2274 3282 2337 creditore
3314 2278 3421 2357 qui

1880 2353 2117 2415 litteras
2147 2357 2377 2417 cambii
2406 2358 2606 2420 defert
2624 2406 2643 2433 ,
2692 2366 2759 2422 ut
2786 2364 3047 2442 recipiat
3074 2385 3258 2428 suum
3286 2388 3421 2431 cre-

1882 2446 2081 2507 ditum
2111 2466 2149 2507 a
2177 2448 2475 2510 bancario
2509 2471 2523 2511 :
2560 2451 2704 2513 huic
2734 2454 2901 2514 enim
2920 2457 3090 2518 mille
3121 2460 3412 2542 debebat,

1881 2539 1985 2619 qui
2014 2540 2256 2601 litteras
2298 2542 2508 2620 dedit,
2567 2549 2630 2606 et
2667 2546 2838 2607 mille
2881 2549 3127 2630 integra
3170 2554 3226 2613 ei
3273 2562 3421 2619 sunt

1879 2632 2203 2710 solvenda,
2234 2635 2344 2694 sed
2371 2636 2478 2695 illa
2506 2637 2814 2717 quinque,
2849 2646 2960 2702 aut
2985 2661 3093 2703 sex
3121 2646 3279 2707 solvi
3308 2648 3420 2708 de-

1878 2724 2030 2785 bent
2056 2725 2138 2786 ab
2169 2726 2271 2786 illo
2303 2727 2409 2806 qui
2435 2727 2671 2790 litteras
2690 2731 2883 2809 dedit,
2902 2738 2964 2795 et
2991 2734 3054 2795 in
3085 2737 3263 2817 cujus
3276 2758 3416 2818 gra·

1878 2817 2031 2877 tiam
2054 2817 2390 2880 bancarius
2437 2820 2608 2882 illam
2637 2823 3087 2904 obligationem
3118 2834 3411 2912 suscepit.

1879 2909 2008 2970 Nisi
2036 2910 2196 2972 forte
2225 2911 2277 2972 is
2306 2913 2412 2991 qui
2444 2914 2681 2976 litteras
2712 2920 2973 2999 accepit,
3006 2924 3292 2986 conscius
3321 2932 3417 2988 ta-

1878 3001 1952 3062 lis
1980 3008 2145 3064 esset
2170 3004 2577 3067 detractionis
2606 3007 2915 3072 faciendae
2939 3058 2954 3089 ,
2996 3019 3060 3075 et
3086 3021 3417 3081 contentus

1877 3095 1995 3156 fuit
2022 3114 2095 3157 eo
2124 3115 2356 3175 genere
2387 3100 2734 3178 solutionis,
2770 3105 2869 3163 vel
2898 3106 3017 3166 nisi
3046 3126 3122 3168 ea
3148 3108 3307 3172 sorte
3337 3112 3415 3172 de

1877 3207 2070 3250 causa
2102 3209 2344 3252 merces
2372 3211 2518 3253 suas
2546 3195 2755 3257 carius
2783 3199 3066 3262 vendidit
3094 3202 3150 3262 ei
3180 3204 3285 3282 qui
3315 3204 3417 3267 lit-

1874 3284 2041 3340 teras
2071 3281 2245 3344 dedit
2266 3283 2345 3343 ad
2365 3285 2735 3346 solvendum
2752 3290 3043 3369 pretium,
3073 3296 3242 3373 quod
3254 3298 3413 3359 scie-

1874 3372 1987 3435 bat
2011 3373 2424 3468 illatquinque
2450 3422 2466 3453 ,
2501 3381 2610 3439 aut
2638 3398 2743 3439 sex
2773 3382 2907 3443 fore
2935 3390 3155 3463 postea
3183 3407 3223 3449 a
3251 3389 3414 3450 ban-

1876 3465 2045 3526 cari0
2075 3466 2487 3530 detrahenda.
2525 3472 2704 3543 Quod
2723 3473 2892 3535 idem
2923 3477 3260 3541 dicendum
3291 3487 3407 3563 est,

1876 3558 2393 3640 quotiescumque
2439 3562 2775 3626 bancarius
2821 3586 2895 3627 ex
2931 3568 3192 3650 singulis
3240 3576 3410 3637 mille

1876 3668 2015 3728 quae
2046 3670 2121 3711 ex
2150 3651 2372 3714 litteris
2417 3657 2696 3733 acceptis
2724 3659 2941 3738 solvit,
2999 3663 3273 3729 detrahit
3297 3668 3412 3729 ali-

1874 3743 2023 3822 quid
2052 3763 2166 3823 pro
2197 3747 2659 3823 provisionibus
2686 3795 2702 3826 ,
2765 3753 2863 3812 vel
2905 3753 3225 3818 laboribus
3255 3760 3404 3822 suis.

1872 3837 1960 3895 De
1990 3854 2113 3915 quo
2144 3841 2410 3899 testatur
2438 3840 2754 3902 Navarrus
2781 3845 2951 3922 apud
2980 3847 3279 3910 Molinam
3304 3853 3411 3914 ubi

1869 3946 2080 4005 supra,
2100 3947 2168 3989 se
2190 3936 2602 4008 conquestum
2622 3933 2814 3994 fuisse
2840 3938 3008 4014 apud
3037 3940 3408 4006 bancarium

1871 4020 1976 4099 qui
2018 4021 2075 4080 ei
2131 4023 2466 4100 pecuniam
2510 4025 2947 4104 consignatam
3000 4050 3114 4110 per
3165 4035 3407 4100 litteras

1869 4113 2094 4174 cambii
2124 4114 2369 4176 solvere
2401 4116 2636 4195 noluit,
2686 4119 2802 4180 nisi
2832 4121 3130 4187 detractis
3157 4146 3264 4189 sex
3294 4150 3408 4211 pro

1866 4207 2035 4267 mille
2059 4254 2075 4285 ,
2127 4208 2295 4287 quod
2325 4209 2488 4289 juste
2525 4211 2662 4272 fieri
2693 4231 2818 4274 non
2849 4223 3063 4294 posset
3089 4222 3406 4288 Navarrus

1865 4301 2349 4378 protestabatur,
2370 4303 2481 4363 sed
2497 4303 2630 4365 sine
2647 4305 2874 4369 fructu.
2909 4310 2986 4372 Et
3005 4313 3260 4392 quidem
3282 4337 3407 4380 non

1867 4396 1963 4452 est
1985 4393 2269 4455 absolute
2301 4394 2697 4459 damnandus
2724 4399 3079 4483 bancarius,
3117 4410 3222 4487 qui
3255 4411 3405 4474 dum

1866 4484 2104 4546 litteras
2134 4487 2456 4565 solvebat,
2515 4490 2768 4554 volebat
2794 4499 3040 4572 partem
3086 4499 3202 4560 sibi
3233 4503 3404 4566 debi-

1864 4580 1996 4639 tam
2025 4577 2359 4640 detrahere
2409 4600 2423 4640 ε
2476 4581 2784 4646 debuerat
2829 4587 3086 4666 quidem
3133 4593 3399 4676 debitor,

1864 4670 1971 4749 qui
1999 4671 2170 4732 mille
2200 4672 2507 4746 debebat,
2557 4675 2707 4736 dare
2750 4677 2987 4741 litteras
3016 4687 3405 4752 continentes

1864 4765 2040 4823 1006.
2075 4767 2145 4824 ut
2160 4763 2454 4826 detractis
2490 4765 2613 4827 illis
2648 4786 2779 4846 sex,
2822 4773 3095 4836 creditor
3125 4780 3294 4841 mille
3315 4782 3405 4843 in-

1860 4860 2038 4934 tegra
2065 4856 2348 4920 haberet.
2406 4861 2563 4920 Cum
2591 4866 2800 4922 autem
2848 4864 3068 4929 litterae
3097 4889 3220 4932 non
3251 4893 3402 4936 con·

1856 4948 2129 5011 tinerent
2182 4950 2299 5010 nisi
2340 4951 2510 5012 mille
2538 4997 2554 5030 ,
2599 4953 2934 5018 bancarius
2953 4958 3098 5038 jure
3127 4982 3238 5026 suo
3270 4974 3404 5030 ute-

1857 5039 2062 5118 batur,
2098 5041 2488 5104 detrahendo
2520 5063 2629 5105 sex
2656 5045 2776 5107 sibi
2804 5048 3015 5112 debita
3045 5072 3119 5114 ex
3140 5056 3400 5138 singulis

1859 5133 2222 5195 millenariis
2245 5135 2460 5198 solutis
2479 5137 2543 5196 in
2559 5139 2827 5216 pecunia
2847 5151 3196 5211 numerata.
3221 5154 3399 5225 Quod

1857 5227 1909 5287 si
1938 5226 2002 5287 id
2030 5228 2346 5306 ingratum
2380 5233 2474 5290 est
2501 5230 2836 5309 creditori,
2870 5251 3014 5296 cum
3043 5241 3213 5305 mille
3245 5245 3399 5308 inte·

1856 5338 1972 5399 gra
1999 5320 2413 5398 debebantur,
2445 5340 2790 5401 gravamen
2820 5325 2943 5388 hoc
2962 5349 3086 5392 non
3107 5343 3399 5414 provenit

1854 5431 1929 5473 ex
1958 5413 2144 5492 culpa
2169 5413 2472 5492 bancarii,
2505 5415 2613 5494 qui
2633 5414 2768 5495 jam
2795 5417 2919 5481 tale
2947 5429 3203 5500 pactum
3229 5434 3396 5496 fece-

1851 5509 1950 5567 rat
1977 5523 2123 5567 cum
2151 5505 2434 5569 mittente
2461 5506 2700 5570 litteras
2723 5553 2740 5586 ,
2788 5528 2865 5571 ex
2910 5516 3090 5595 cujus
3118 5525 3304 5605 culpa
3330 5529 3394 5592 id

3504 763 3662 807 litteras
3681 779 3756 819 pro

3479 818 3624 871 maJori
3711 832 3778 863 m-

3525 883 3589 913 ma
3608 883 3730 926 supra

3505 923 3755 979 depositum.

3568 2202 3646 2261 67

3465 2326 3504 2368 Α
3519 2338 3600 2380 quo
3619 2326 3766 2371 debeat

3488 2386 3627 2435 petere
3645 2381 3746 2424 illud

3535 2434 3708 2478 lucrum.
