4263 6376
1184 249 1658 311 DISPUTA'l‘IO
1703 245 1920 325 XXIV,
1970 249 2246 312 SEG'PIO
2287 251 2419 312 XV.

208 424 385 487 umidi
406 425 699 487 absolute
743 426 1051 506 positum,
1104 425 1183 486 de
1229 426 1568 488 donatione
1599 445 1745 506 pro-

208 521 336 598 pria
362 519 634 596 intelligi
667 518 872 591 debet,
904 523 972 580 ut
999 519 1237 579 notavit
1266 519 1547 580 Sanchez
1578 519 1743 580 dicto

208 612 352 672 dub.
382 628 522 672 xm.
561 630 739 672 num.
772 616 831 672 9.
867 617 926 671 οι
955 611 1257 689 probatur
1286 632 1361 672 ex
1390 613 1432 673 l.
1469 612 1610 672 Seia
1636 659 1652 689 ,
1684 612 1740 690 §.

208 705 312 765 ult.
346 706 412 765 ff.
445 703 516 764 de
544 704 753 763 mortis
773 724 946 764 causa
974 703 1172 766 donat.
1219 705 1324 764 ubi
1355 706 1581 765 dicitur
1618 723 1747 764 eum

206 796 308 877 qui
347 796 613 856 absolute
660 795 939 874 donaret,
988 817 1103 856 non
1149 807 1267 857 tam
1295 798 1498 858 mortis
1549 817 1744 874 causa,

209 910 377 970 quam
404 889 748 949 morientem
779 889 1015 951 donare.
1052 891 1312 964 Quando
1336 910 1483 951 vero
1514 890 1748 951 mentio

210 983 421 1041 mortis
454 983 623 1042 sacta
659 988 770 1054 est,
807 989 1095 1043 censetur
1143 983 1205 1042 in
1253 984 1443 1043 dubio
1494 983 1747 1044 donatio

211 1095 390 1135 causi
420 1077 669 1152 mortis,
705 1081 774 1136 ut
799 1095 941 1136 cum
971 1076 1105 1136 aliis
1130 1076 1315 1138 docet
1328 1076 1558 1138 Melina
1586 1077 1746 1156 disp.

211 1171 341 1228 287.
374 1168 437 1228 in
469 1169 624 1230 fine.

287 1262 380 1322 Ab
410 1261 508 1321 his
539 1262 780 1340 regulis
808 1262 1017 1342 plures
1047 1262 1205 1323 fiunt
1235 1262 1653 1342 exceptIoneS,
1690 1266 1754 1324 et

215 1355 271 1414 in
300 1354 538 1433 primiS,
575 1355 833 1433 quando
865 1373 989 1415 non
1026 1355 1098 1415 fit
1115 1355 1335 1415 mortis
1354 1356 1613 1433 mentio,
1646 1356 1754 1417 ad-

216 1448 331 1507 huc
360 1454 659 1508 censetur
688 1467 878 1508 causa
906 1449 1144 1509 mortis,
1203 1448 1437 1524 Primo,
1471 1449 1524 1509 si
1551 1450 1661 1510 fiat
1687 1450 1753 1510 in

159 1584 169 1593 .
214 1544 580 1600 testamento
614 1548 725 1601 aut
754 1541 1063 1614 codicillo,
1092 1542 1339 1601 nemine
1361 1546 1750 1621 acceptante,

215 1651 349 1692 cum
379 1632 546 1692 enim
578 1636 733 1693 tunc
776 1652 897 1693 non
932 1634 1137 1694 valeat
1181 1638 1249 1694 ut
1293 1634 1547 1695 donatio
1594 1636 1755 1697 inter

218 1727 383 1786 vivos
405 1772 421 1801 ,
474 1732 779 1787 censetur
809 1746 943 1787 esse
974 1745 1166 1787 causa
1194 1728 1411 1789 mortis
1431 1774 1446 1803 ,
1482 1733 1552 1790 ut
1578 1733 1754 1789 actus

215 1818 446 1878 validus
474 1818 612 1895 fiat,
648 1825 718 1880 ut
747 1839 887 1880 cum
908 1821 942 1881 J
950 1820 1073 1880 ulio
1102 1820 1279 1882 Claro
1311 1819 1600 1881 observat
1627 1822 1753 1882 Mo-

215 1912 333 1972 lina
351 1912 520 1973 dicta
551 1912 721 1991 disp.
757 1915 893 1973 287.
929 1931 1144 1973 versus
1172 1912 1384 1974 finem.
1434 1914 1749 1990 Secundo,

215 2004 259 2064 si
303 2010 667 2084 apponatur
717 2005 971 2085 aliquod
1021 2005 1283 2066 verbum
1340 2006 1747 2086 aequivalenS,

215 2118 269 2158 v.
291 2117 351 2175 g.
375 2098 650 2178 relinquo
681 2098 857 2172 Titio,
878 2101 947 2158 ut
973 2116 1117 2158 cum
1139 2099 1518 2160 CovarruvIa
1547 2105 1610 2159 et
1626 2101 1754 2159 Ma-

216 2191 406 2251 tienzo
438 2191 745 2252 observat
775 2191 1002 2252 Sanch.
1041 2210 1212 2251 num.
1237 2196 1296 2251 7.
1322 2191 1429 2270 qui
1457 2191 1747 2269 advertit,

219 2284 457 2361 quando
486 2288 641 2344 sunt
672 2282 1047 2362 conjectura}
1085 2283 1464 2345 sufficientes
1494 2303 1606 2363 pro
1637 2284 1750 2346 do-

220 2377 457 2437 natione
478 2395 676 2436 causa
710 2377 949 2452 mortiS,
990 2376 1141 2435 nihil
1176 2376 1418 2453 obesse,
1454 2376 1620 2456 quod
1645 2377 1755 2437 do-

221 2475 389 2530 nator
402 2488 538 2529 rem
563 2468 916 2545 tradiderit,
939 2469 1084 2547 quia
1101 2468 1355 2530 donatio
1379 2488 1567 2529 causa
1586 2488 1754 2531 mor-

219 2562 289 2621 tis
314 2562 469 2621 solet
498 2562 693 2622 etiam
729 2579 872 2622 cum
902 2561 1240 2622 traditione
1270 2562 1426 2622 fieri.

292 2654 523 2714 Deinde
555 2673 589 2714 e
623 2659 863 2728 contra,
891 2654 1140 2734 quando
1156 2654 1226 2716 fit
1245 2655 1462 2715 mortis
1491 2656 1748 2731 mentm,

220 2753 499 2809 censetur
529 2747 747 2807 adhuc
776 2748 1030 2808 donatio
1078 2748 1242 2808 inter
1272 2747 1449 2809 vivos
1478 2748 1541 2808 in
1589 2749 1757 2808 mul-

223 2842 291 2901 tis
317 2841 586 2902 casibus,
630 2841 862 2917 Prim0,
894 2840 943 2900 si
977 2840 1229 2901 donatio
1259 2841 1338 2901 sit
1366 2841 1498 2901 sine
1528 2842 1754 2902 solem-

221 2934 399 2995 nitate
428 2934 742 3014 requisita
785 2933 866 2994 ad
909 2932 1313 2995 donationem
1355 2952 1547 2995 causa
1576 2954 1753 2995 mor-

224 3027 313 3102 tis,
344 3033 402 3087 et
431 3047 580 3087 cum
611 3027 875 3088 testibus
896 3025 1347 3087 sufficientibus
1369 3028 1448 3086 ad
1470 3026 1753 3089 donatio-

223 3137 353 3178 nem
381 3119 546 3180 infer
573 3121 779 3196 vivOS,
812 3122 962 3179 tunc
989 3119 1177 3197 enim,
1212 3138 1289 3178 ne
1319 3120 1429 3180 fiat
1458 3124 1631 3180 aetus
1660 3119 1755 3178 in-

225 3214 474 3290 validuS,
510 3219 808 3275 censetur
835 3211 968 3273 lieri
1017 3211 1180 3273 inter
1206 3210 1383 3273 vivos
1412 3216 1473 3273 et
1521 3212 1757 3273 irrevo-

224 3307 426 3366 cabil³s
448 3354 465 3382 ,
513 3314 578 3368 et
622 3306 846 3367 mortis
890 3305 1276 3366 additionem
1306 3306 1538 3366 factam
1568 3305 1755 3366 fuisse

224 3400 411 3459 solum
463 3400 547 3459 ad
603 3398 1115 3477 suspendendam
1170 3398 1599 3460 executionem
1622 3444 1637 3475 ,
1691 3403 1759 3460 ut

224 3511 353 3553 cuin
382 3493 769 3567 Alexandro,
794 3494 1044 3569 Acosta,
1071 3497 1133 3552 et
1161 3491 1296 3551 aliis
1325 3496 1499 3553 notat
1525 3491 1756 3552 Molina

226 3587 350 3646 loco
395 3586 611 3648 citata.
670 3585 849 3657 Quod
899 3590 1110 3645 tamen
1156 3584 1437 3645 Sanehez
1487 3604 1659 3649 num.
1691 3589 1750 3647 8.

229 3679 434 3740 limitat
460 3698 606 3740 cum
640 3678 950 3739 Matienzo
974 3723 991 3752 ,
1026 3677 1142 3737 nisi
1174 3676 1440 3737 donator
1467 3695 1758 3755 expresse

228 3772 380 3834 dicat
398 3792 463 3833 se
494 3773 737 3833 donare
767 3791 956 3831 causa
986 3770 1225 3831 mortiS.
1285 3770 1609 3847 Secundo,
1644 3771 1758 3830 fal-

227 3866 308 3941 lit,
338 3865 589 3945 quando
621 3865 857 3925 mentio
886 3863 1105 3924 mortis
1134 3864 1297 3923 facta
1326 3869 1418 3923 est
1445 3863 1645 3924 solum
1676 3863 1758 3923 ad

230 3958 675 4038 designandum
707 3962 955 4035 tempus
983 3955 1385 4031 executioniS,
1413 3973 1533 4015 non
1557 3956 1636 4016 ad
1659 3976 1757 4016 su·

228 4052 646 4129 spendendam
694 4051 1054 4111 firmitatem
1102 4048 1457 4108 donationis
1533 4068 1546 4109 2
1607 4053 1677 4110 ut
1705 4048 1757 4109 si

233 4144 355 4222 quis
382 4145 570 4222 dicat,
604 4165 681 4205 ex
716 4163 881 4204 nunc
909 4143 1095 4216 dono,
1121 4142 1231 4203 sed
1262 4142 1401 4202 volo
1433 4142 1602 4221 quod
1632 4161 1758 4203 non

233 4237 443 4300 habeat
462 4240 637 4300 bona
656 4237 785 4298 ‘nisi
813 4240 1244 4316 postmortem
1273 4253 1502 4310 meam,
1538 4235 1633 4295 vel
1662 4253 1758 4295 re·

234 4350 395 4392 servo
415 4331 569 4391 milii
605 4332 1061 4392 usumfructum
1091 4330 1152 4388 in
1185 4328 1336 4403 vita,
1372 4328 1469 4387 vel
1501 4328 1654 4407 quid
1674 4328 1759 4388 si-

235 4424 383 4484 mile.
434 4426 648 4485 Tertio
674 4470 691 4501 ‚
737 4424 790 4484 si
834 4427 1117 4501 tempore
1148 4424 1508 4482 contractus
1536 4420 1759 4481 matri-

234 4518 408 4578 monii
437 4518 545 4579 det
574 4516 967 4578 consobrinae
994 4516 1057 4575 in
1080 4516 1289 4576 dotem
1317 4514 1467 4575 talia
1495 4514 1752 4592 praedia,

236 4630 359 4688 qua:
388 4615 599 4671 tamen
650 4628 773 4670 non
823 4609 939 4669 nisi
971 4612 1110 4687 post
1138 4626 1315 4667 suam
1345 4612 1610 4667 mortem
1640 4606 1754 4667 ha·-

235 4701 388 4778 beat,
409 4709 704 4764 censetur
724 4700 979 4763 donatio
1003 4702 1163 4761 inter
1184 4700 1380 4760 vivos,
1417 4699 1671 4776 Quarto,
1704 4699 1757 4760 si

238 4795 385 4857 facta
414 4798 604 4858 etiam
634 4797 951 4856 mentione
998 4794 1217 4855 mortis
1277 4793 1470 4854 donet
1502 4793 1664 4853 Titio
1697 4797 1759 4853 et

239 4890 359 4967 ejus
384 4890 763 4963 haeredibuS,
798 4892 867 4949 ut
894 4888 1079 4948 docet
1108 4886 1421 4963 Sanchez,
1455 4886 1676 4946 saltem
1706 4884 1759 4945 si

238 4988 478 5044 testator
529 5002 656 5043 non
702 4982 855 5043 dicit
882 5000 1175 5059 expresse
1206 4999 1271 5038 se
1303 4979 1539 5040 donare
1570 4996 1759 5038 causa

239 5076 438 5137 mortis
468 5097 481 5137 z
507 5076 657 5156 quia
680 5074 931 5135 donatio
953 5091 1142 5133 causa
1156 5071 1372 5132 mortis
1405 5090 1527 5131 non
1558 5074 1758 5131 trans-

241 5166 420 5228 fertur
455 5169 532 5230 ad
579 5166 864 5228 haeredes
905 5164 1256 5242 donatarii,
1299 5164 1353 5225 si
1390 5163 1491 5224 hic
1526 5164 1759 5225 moria·

240 5264 330 5320 tur
356 5267 493 5323 ante
522 5262 885 5322 donantem.
947 5258 1172 5331 Quinto
1196 5304 1212 5334 ,
1247 5257 1499 5337 quando
1527 5257 1580 5317 si
1608 5275 1754 5335 pro-

243 5358 365 5430 pter
388 5355 612 5416 merita
640 5352 1090 5434 proecedentia;
1141 5350 1542 5430 praesumitur
1589 5348 1756 5409 enim

243 5446 298 5506 in
326 5446 505 5509 dubio
536 5448 671 5509 fieri
701 5447 862 5507 inter
880 5445 1074 5520 vivoS‚
1101 5449 1169 5505 ut
1187 5444 1267 5506 sit
1288 5443 1489 5523 magis
1509 5440 1752 5517 efficax,

3277 255 3388 316 157

1846 431 1916 488 ut
1943 445 2085 487 cum
2116 427 2333 504 Baldo,
2362 428 2738 508 Tiraquello,
2766 433 2829 491 et
2856 431 2993 492 aliis
3009 431 3192 494 docet
3221 433 3389 494 idem

1850 520 2135 580 Sanchez
2166 520 2332 581 dieto
2365 539 2426 582 n.
2465 539 2601 583 vui.
2637 522 2697 582 in
2730 524 2874 584 fine.

1929 614 2137 687 Sexte,
2173 618 2235 673 et
2263 613 2658 691 potissimum
2690 616 2889 695 excipi
2920 617 3097 693 solet,
3134 618 3385 696 quaudo

1847 705 2185 783 apponitur
2215 710 2466 783 pactum
2516 707 2592 766 de
2642 727 2764 768 non
2802 710 3157 769 revocanda
3186 710 3385 771 dona-

1846 797 2036 872 tione,
2071 815 2215 856 cuin
2245 797 2409 857 enim
2440 799 2560 859 hoc
2589 800 2668 860 sit
2697 806 2916 862 contra
2945 806 3234 863 naturam
3280 804 3385 865 do-

1850 888 2115 948 nationis
2147 906 2334 949 causa
2362 892 2600 967 mortis,
2634 894 3032 971 praesumitur
3061 914 3196 955 esse
3224 896 3387 957 inter

1848 980 2024 1041 vivos
2049 1027 2063 1055 ‚
2123 986 2186 1042 et
2213 1001 2380 1041 mors
2424 982 2637 1045 addita
2685 986 2883 1046 solum
2916 987 2991 1045 ad
3025 987 3384 1049 dilationem

1851 1075 2255 1137 executionis,
2307 1078 2454 1137 Ilaec
2483 1081 2691 1138 tamen
2721 1080 2856 1158 ipsa
2885 1082 3165 1159 exceptio
3197 1082 3389 1143 habet

1850 1167 2060 1246 plures
2090 1168 2511 1246 exceptioneS.
2551 1171 2780 1248 Primo,
2814 1173 2862 1232 si
2895 1172 3386 1237 irrevocabilitas

1850 1277 1975 1319 non
2006 1259 2086 1320 sit
2117 1259 2517 1338 universaliS,
2573 1263 2684 1322 sed
2711 1264 2975 1327 limitata
2996 1311 3011 1341 ,
3058 1271 3128 1326 ut
3155 1266 3205 1326 si
3237 1268 3387 1328 velit

1851 1370 1975 1412 non
1996 1370 2178 1432 posse
2197 1353 2473 1413 revocari
2497 1373 2609 1433 per
2628 1360 2891 1417 mortem
2911 1357 3216 1419 donatarii
3240 1364 3384 1421 ante

1851 1443 2246 1520 donatorem,
2281 1449 2391 1505 aut
2416 1465 2529 1525 per
2557 1447 2914 1510 evasionem
2943 1451 3200 1529 periculi
3225 1471 3386 1531 prae-

1851 1537 2064 1612 sentiS,
2099 1542 2352 1598 autnon
2383 1538 2500 1598 nisi
2522 1558 2635 1618 per
2654 1559 3009 1618 expressam
3040 1544 3388 1608 revocatio-

1853 1648 2018 1706 nem,
2053 1636 2164 1692 aut
2193 1648 2318 1690 non
2349 1631 2465 1691 nisi
2496 1652 2610 1712 per
2638 1633 2998 1696 evasionem
3026 1637 3191 1697 illius
3222 1639 3386 1717 peri-

1851 1722 2011 1797 culi,
2066 1727 2176 1783 aut
2224 1741 2346 1783 non
2399 1723 2517 1785 nisi
2544 1726 2851 1788 moriente
2884 1727 3213 1791 donatarIO
3240 1735 3386 1793 ante

1850 1815 2249 1880 donatorem.
2290 1817 2483 1878 Secus
2510 1837 2660 1880 vero
2689 1819 2740 1879 si
2772 1821 3132 1884 omnimoda
3164 1829 3227 1884 et
3253 1826 3391 1885 uni·

1851 1909 2110 1968 versalis
2141 1909 2634 1971 irrevocabilitas
2669 1917 3041 1990 apponatur.
3094 1917 3385 1978 Secundo

1851 2001 2176 2079 excipitur,
2202 2000 2253 2061 si
2276 2002 2517 2062 donans
2534 2009 2745 2081 posset
2768 2005 3003 2067 donare
3024 2009 3227 2070 valide
3244 2029 3386 2072 cau-

1850 2112 1922 2153 sa
1948 2094 2187 2169 mortiS,
2249 2099 2310 2155 et
2364 2114 2489 2154 non
2546 2095 2708 2156 inter
2759 2097 2953 2175 vivos,
3015 2106 3083 2162 ut
3128 2103 3178 2161 si
3227 2108 3390 2165 esset

1852 2185 2104 2246 donatio
2137 2186 2417 2247 omnium
2445 2188 2756 2249 bonorum
2780 2236 2796 2266 ,
2844 2195 2993 2254 tunc
3032 2195 3198 2254 enim
3226 2215 3391 2275 prae-

1849 2277 2225 2338 sumendum
2253 2285 2348 2341 est
2383 2299 2492 2359 pro
2525 2281 2734 2343 valore
2778 2289 2953 2345 actus
2977 2332 2993 2362 ‚
3026 2292 3213 2367 atque
3244 2290 3387 2350 ideo

1851 2371 2020 2451 quod
2040 2371 2119 2433 sit
2144 2390 2332 2432 causa
2353 2374 2595 2449 mortis,
2622 2379 2690 2435 ut
2711 2380 2887 2438 notat
2908 2380 3139 2443 Sanch.
3167 2382 3388 2443 ubisu-

1851 2482 1985 2542 pra,
2006 2463 2219 2525 etideo
2241 2465 2386 2527 Mol.
2406 2466 2566 2546 disp.
2585 2471 2722 2530 288.
2738 2470 2794 2547 ἓ.
2815 2468 3066 2533 Dubium
3086 2483 3190 2551 est,
3213 2475 3383 2552 dicit,

1851 2555 2254 2616 donationem
2283 2576 2472 2617 causa
2521 2561 2740 2621 mortis
2769 2560 3000 2624 factam
3046 2564 3208 2627 inter
3236 2586 3386 2629 con-

1850 2648 2030 2728 iuges
2059 2668 2204 2709 cum
2252 2655 2434 2729 pacto
2466 2669 2589 2711 non
2631 2657 2992 2732 revocandi,
3045 2658 3387 2721 invalidam

1847 2760 1982 2802 esse
2012 2742 2220 2821 quoad
2238 2747 2491 2821 pactum
2513 2745 2702 2818 illud;
2737 2746 3141 2811 donationem
3170 2758 3384 2814 tamen

1850 2835 2142 2896 sustineri
2171 2840 2240 2896 ut
2267 2836 2496 2896 factam
2527 2856 2714 2899 causa
2757 2842 2998 2920 mortiS,
3051 2845 3198 2924 quia
3227 2846 3392 2908 inter

1849 2928 2025 2989 vivos
2055 2947 2178 2989 non
2231 2934 2393 2991 esset
2419 2930 2645 2992 valida.
2707 2935 2914 2996 Tertio
2960 2938 3284 3017 excipitur,
3335 2940 3387 3002 si

1851 3020 2104 3082 donatio
2136 3041 2278 3082 cum
2314 3022 2418 3083 illo
2470 3029 2652 3102 pacto
2698 3027 2811 3087 fiat
2864 3027 2928 3087 in
2986 3034 3382 3110 testamento,

1851 3114 1949 3174 vel
1977 3114 2295 3192 codicillo,
2345 3134 2468 3196 quo
2498 3135 2647 3177 casu
2694 3124 2946 3198 pactum
2975 3123 3098 3183 tale
3131 3143 3254 3187 non
3286 3145 3388 3188 va-

1851 3208 1957 3283 let,
2007 3213 2070 3269 et
2096 3209 2237 3269 ideo
2267 3216 2483 3272 manet
2529 3211 2781 3274 donatio
2813 3234 3004 3276 causa
3047 3220 3265 3281 mortis
3293 3240 3391 3280 re-

1852 3302 2175 3365 vocabilis,
2209 3303 2300 3363 Ita
2330 3303 2611 3364 Sanchez
2642 3323 2785 3365 cum
2813 3308 2954 3369 aliis
2983 3310 3147 3372 dicto
3180 3332 3288 3373 nu.
3323 3317 3383 3376 8.

1856 3394 1979 3456 Sed
2009 3398 2220 3455 tamen
2245 3395 2478 3456 Molina
2522 3397 2683 3477 disp.
2716 3403 2853 3462 288.
2888 3402 2944 3481 ἕ.
2997 3402 3252 3465 Dubium
3280 3417 3384 3483 ese,

1853 3486 1998 3568 quid
2022 3487 2095 3563 si,
2149 3490 2349 3567 putat,
2400 3488 2450 3548 si
2480 3491 2741 3553 accedat
2767 3494 3083 3574 stipulatio
3117 3502 3179 3560 et
3206 3517 3386 3559 acce-

1856 3580 2072 3659 ptati0,
2106 3580 2381 3641 validam
2408 3600 2590 3660 posse
2621 3601 2755 3644 esse
2783 3586 2954 3647 illam
2984 3589 3388 3653 donationem

1855 3674 1919 3733 in
1948 3674 2009 3732 vi
2038 3673 2414 3750 donationiS,
2465 3693 2608 3735 cum
2638 3682 2820 3755 paeto
2869 3698 2992 3741 non
3020 3685 3383 3762 revocandi,

1854 3766 1999 3829 licet
2025 3766 2086 3825 in
2118 3770 2489 3829 testamento
2520 3768 2710 3830 etiam
2739 3770 3012 3835 invalido
3034 3775 3267 3839 inserta
3287 3797 3386 3838 es-

1856 3865 1969 3935 set,
2021 3878 2165 3920 cum
2193 3859 2294 3919 ille
2325 3860 2481 3920 alius
2529 3867 2884 3926 contractus
2913 3866 3189 3945 legitime
3221 3872 3391 3932 cele·-

1855 3953 2073 4014 bratus
2102 3953 2201 4013 sit.
2264 3952 2496 4026 Quarto
2540 3954 2738 4034 excipi
2784 3958 2962 4034 solet,
3011 3961 3063 4020 si
3092 3961 3155 4022 in
3198 3963 3390 4026 dona·

1855 4046 2023 4108 tione
2054 4064 2244 4106 causa
2272 4046 2489 4107 mortis
2545 4053 2799 4125 pactum
2846 4051 2998 4112 illud
3046 4073 3169 4116 non
3208 4076 3391 4121 revo-

1857 4138 2039 4200 candi
2070 4137 2353 4197 additum
2383 4137 2482 4215 sit,
2517 4157 2639 4199 non
2662 4140 2724 4200 in
2754 4141 2888 4221 ipso
2917 4149 3061 4207 actu
3084 4147 3384 4229 donandi,

1856 4251 1965 4293 seu
1995 4232 2058 4291 in
2088 4230 2294 4291 verbis
2323 4230 2767 4309 dispositioniS,
2803 4240 2865 4296 et
2892 4238 2953 4296 in
2986 4257 3061 4299 ea
3087 4248 3264 4318 parte
3289 4245 3390 4305 'in-

1855 4323 2186 4385 strumenti
2209 4323 2269 4382 in
2302 4341 2426 4402 qua
2450 4324 2797 4387 substantia
2845 4328 3198 4394 donationis
3241 4354 3391 4397 eon-

1855 4418 2110 4493 tinctor,
2170 4417 2280 4477 sed
2338 4422 2556 4495 postea
2608 4418 2674 4477 in
2723 4420 2893 4481 calce
2942 4424 3335 4491 instrumenti
3370 4451 3385 4491 ι

1855 4514 2003 4570 tunc
2035 4510 2203 4569 enim
2233 4527 2358 4569 non
2387 4511 2680 4572 transfert
2724 4512 2829 4573 illa
2871 4515 3152 4580 clausula
3198 4521 3391 4584 dona·-

1855 4604 2090 4664 tionem
2117 4603 2180 4662 in
2203 4602 2605 4663 donationem
2625 4604 2786 4666 inter
2806 4607 2980 4669 vivos
3007 4631 3019 4671 :
3055 4618 3186 4673 tum
3217 4616 3387 4695 quia,

1857 4715 1997 4775 quae
2028 4695 2091 4754 in
2148 4696 2509 4756 executione
2565 4700 2628 4757 et
2680 4698 3152 4766 confirmatione
3194 4726 3391 4788 appo⁴

1857 4792 2110 4863 nuntur‚
2165 4788 2634 4866 dispositionem
2681 4810 2803 4851 non
2848 4803 3102 4874 augent,
3155 4818 3228 4859 ex
3261 4802 3390 4862 Cle·-

1857 4886 2048 4942 ment.
2085 4883 2129 4942 1.
2164 4881 2234 4941 de
2255 4879 2621 4962 proedendis‚·
2649 4888 2781 4945 tum
2812 4887 3024 4965 etiam,
3060 4892 3206 4969 quia
3233 4912 3389 4971 prae-

1857 4978 2193 5037 sumuntur
2223 4974 2417 5035 verba
2443 4974 2548 5035 illa
2575 4975 2637 5036 in
2660 4977 2829 5038 calce
2860 4979 3259 5047 instrumenti
3276 5006 3392 5068 ap·-

1859 5066 2061 5147 posita
2113 5067 2305 5126 fuisse
2365 5085 2440 5126 ex
2495 5069 2883 5131 notariorum
2939 5080 3389 5141 consuetudine

1857 5161 2080 5239 magis,
2130 5178 2319 5239 quam
2349 5178 2424 5219 ex
2449 5160 2737 5223 donantis
2767 5163 3193 5246 dispositione,
3247 5191 3390 5235 cum

1857 5254 1982 5315 sint
2009 5251 2323 5313 contraria
2353 5251 2517 5313 actui
2569 5256 2970 5335 praecedenti,
3021 5260 3081 5320 in
3127 5282 3251 5342 quo
3284 5265 3390 5328 do-

1858 5345 2025 5406 natio
2057 5362 2248 5407 causa
2275 5344 2492 5407 mortis
2519 5346 2685 5407 facta
2713 5352 2865 5425 erat,
2914 5355 2976 5412 et
3003 5370 3390 5436 consequen-

1858 5444 1953 5501 ter
1980 5436 2374 5500 revocabilis.
2412 5440 2500 5501 Ita
2529 5442 2749 5502 contra
2777 5443 3072 5506 Molinam
3094 5446 3389 5527 jux-istam

3533 637 3648 694 323

3436 761 3552 814 Quid,
3573 765 3730 816 «pianda

3482 817 3698 871 apponitur

3454 876 3614 924 pactum
3636 884 3716 912 non

3472 925 3688 966 revocandi
