4263 6376
1041 335 1514 395 DISPUTATIO
1560 335 1804 410 XXXV,
1855 336 2126 396 SECTIO
2177 337 2278 395 vl.
3138 338 3251 395 55³5

150 513 510 593 impediretur,
567 510 644 570 de
700 528 824 589 quo
880 510 963 570 ibi
1009 511 1132 572 late
1201 511 1437 571 dictum
1492 513 1606 572 cst.
1714 516 1928 572 centra
1952 511 2260 590 justitiam
2288 511 2798 572 commutativam
2828 510 3103 573 tollenda
3148 530 3260 571 ne-

151 612 282 669 Nunc
307 623 437 683 erge
464 604 660 664 solum
689 605 934 683 agimus
966 605 1043 664 de
1099 604 1187 664 eis
1218 603 1321 684 qui
1364 604 1496 664 sine
1552 604 1612 666 vi
1713 604 1981 664 cessario
2013 608 2106 663 est
2133 622 2245 681 per
2273 605 2697 683 {equalitatem
2743 605 3145 682 contrariam,
3197 608 3261 665 et

151 706 189 762 et
212 698 398 760 fraude
425 703 798 758 concurrunt
836 697 912 756 ad
971 696 1315 759 indebitam
1363 696 1615 776 electie-
1714 697 1855 758 ideo
1888 696 2125 776 obligat
2153 697 2235 756 ad
2295 698 2786 770 restitutionem;
2836 696 3006 756 idem
3044 698 3260 758 dicen-

151 812 274 853 nem.
1717 790 1868 849 dum
1905 793 1997 850 est
2028 788 2106 848 de
2139 789 2560 867 inaequalitate
2601 789 2806 868 posita
2835 794 3054 851 contra
3079 790 3262 869 justi-

203 885 377 946 Prima
404 900 543 961 ergo
586 900 721 943 esse
774 885 980 961 potest
1026 882 1285 962 quaestio
1341 884 1420 943 de
1467 880 1615 960 ipsis
1714 883 1866 944 tiam
1896 881 2378 960 distributivam,
2413 901 2552 961 quae
2581 887 2676 943 est
2703 883 2890 943 etiam
2921 902 3070 943 vera
3100 882 3262 961 inju-

152 976 473 1056 3ligentibuS,
506 993 584 1035 an
611 978 946 1037 teneantur
999 975 1080 1034 ad
1134 974 1611 1051 restitutionem,
1714 975 1902 1036 stitia.

151 1071 178 1130 si
203 1069 483 1147 indignum
508 1066 606 1127 vel
631 1068 839 1127 minus
869 1067 1129 1146 dignum
1151 1066 1406 1145 eligant,
1433 1067 1617 1127 emis·
1795 1071 1844 1128 E
1874 1072 2091 1129 contra
2146 1087 2292 1129 vero
2350 1073 2636 1130 auctores
2674 1069 2894 1148 primae
2938 1067 3261 1130 sententiae
3408 1072 3485 1129 ’Π

151 1183 193 1223 se
218 1160 496 1240 digniori?
521 1162 610 1219 De
631 1161 861 1239 quibus
889 1163 1127 1221 certum
1161 1166 1275 1236 est,
1299 1160 1350 1219 si
1380 1159 1619 1238 eligunt
1718 1162 1898 1241 plura
1927 1168 2298 1239 argumenta
2345 1163 2613 1222 afferunt
2672 1162 2755 1221 ad
2803 1180 2944 1222 eam
2987 1160 3259 1239 proban·
3356 1196 3556 1238 nationes

152 1255 432 1332 indignum,
455 1253 649 1313 teneri
680 1254 760 1314 ad
782 1252 1181 1314 resarcIenda
1198 1253 1428 1313 damna
1448 1270 1620 1314 cem-
1718 1255 1887 1315 dam.
1943 1254 2171 1330 Primo,
2208 1254 2357 1333 quia
2409 1254 2554 1315 licet
2611 1255 2746 1314 haec
2786 1254 3096 1314 beneficia
3140 1254 3266 1313 sint
3357 1250 3573 1346 ff¹¹¹⁰g¹¹i³ff

151 1346 426 1422 munitam,
459 1365 595 1425 quae
625 1364 702 1405 ex
729 1346 834 1405 illa
863 1346 1167 1406 electione
1199 1345 1439 1424 indigni
1471 1364 1621 1406 con-
1718 1348 1882 1409 bena
1911 1347 2298 1419 communia;
2333 1365 2458 1406 nen
2517 1351 2727 1407 tamen
2786 1351 2932 1407 sunt
2982 1345 3263 1407 instituta

151 1443 383 1519 quuntur.
416 1438 689 1499 Diximus
718 1438 910 1500 etiam
937 1457 1127 1518 supra
1163 1443 1314 1500 sect.
1349 1455 1416 1499 11.
1450 1438 1621 1498 idem
1717 1440 2015 1520 primarie
2044 1440 2109 1498 in
2159 1439 2491 1500 utilitatem
2548 1439 2960 1517 singulorum,
3012 1439 3121 1500 sed
3165 1455 3266 1499 se-

152 1551 264 1607 ffsse,
304 1531 534 1611 quando
568 1531 944 1593 tenebantur
972 1531 1201 1611 eligere
1244 1531 1616 1610 digniorem,
1715 1534 1845 1594 lum
1874 1532 2269 1608 secundarie,
2302 1533 2602 1611 primario
2651 1535 2863 1592 autem
2918 1532 2982 1591 in
3028 1531 3266 1591 bouum

152 1643 290 1706 {uem
315 1624 680 1686 emiserunt:
718 1625 867 1703 quia
894 1623 1040 1684 licet
1068 1642 1193 1685 nen
1221 1623 1624 1703 peccaverint
1718 1625 2204 1686 communitatis,
2256 1627 2431 1685 Hanc
2501 1629 2712 1686 tamen
2760 1625 3070 1685 rationem
3143 1625 3266 1685 late

152 1736 259 1794 erga
283 1716 613 1795 digniorem
641 1721 859 1778 contra
880 1716 1192 1796 Justitiam
1221 1716 1619 1777 commutati·
1720 1720 2093 1797 impugnant
2120 1720 2170 1778 V
2177 1736 2405 1796 asquez
2433 1718 2569 1778 loce
2591 1717 2804 1794 citam,
2835 1720 2897 1778 et
2924 1718 3268 1778 Turrianus

151 1829 272 1886 vam,
289 1808 357 1869 de
380 1828 495 1888 que
517 1813 771 1887 postea3
802 1814 1147 1888 peccarunt
1172 1814 1383 1870 tamen
1405 1813 1625 1870 eontra
1720 1811 1879 1890 disp.
1915 1826 2039 1871 xxl.
2076 1810 2228 1871 dub.
2265 1826 2333 1871 11.
2369 1829 2540 1872 num.
2576 1816 2633 1871 6.
2672 1810 2842 1889 quod
2886 1810 3053 1869 enim
3098 1809 3268 1870 insti-

152 1902 368 1962 lebitum
411 1900 665 1980 justitiae
723 1902 1185 1963 commutativae
1238 1920 1389 1980 erga
1458 1919 1623 1963 cem·
1723 1908 1856 1965 tuta
1904 1903 2028 1964 sint
2067 1903 2257 1963 etiam
2313 1904 2376 1962 in
2437 1903 2674 1963 bonum
2729 1921 3084 1979 commune,
3141 1921 3266 1962 non

152 1995 475 2069 uunitatem,
506 1994 610 2054 cui
639 2012 715 2053 ex
734 2013 995 2055 munere
1016 2013 1129 2055 suo
1150 1995 1467 2056 debebant
1484 2013 1624 2074 pro·
1720 1997 1882 2058 tollit
1907 1995 2041 2056 fieri
2074 1994 2261 2056 etiam
2295 1996 2786 2074 inaequalitatem
2836 1999 3055 2056 centra
3095 1995 3271 2054 illum

151 2089 328 2163 cidere,
361 2091 425 2148 ut
459 2087 843 2166 impedirent
894 2087 1061 2148 mala
1093 2106 1234 2167 quae
1289 2088 1495 2148 eidem
1553 2105 1629 2146 ex
1726 2089 1942 2166 alium,
1977 2088 2077 2148 cui
2108 2087 2374 2149 debetur
2420 2107 2492 2147 ex
2543 2087 2786 2168 justitia
2833 2087 3267 2159 distributiva;

152 2180 424 2239 §missione
453 2179 758 2259 dignioris
788 2185 1276 2259 consequuntur.
1317 2182 1472 2240 Tota
1512 2179 1630 2239 dif-
1725 2199 1873 2259 ergo
1949 2185 2162 2241 manet
2232 2198 2481 2258 semper
2554 2180 2851 2259 obligatio
2927 2179 3273 2259 reponendi

156 2273 336 2332 icultas
370 2276 477 2349 est,
534 2291 617 2332 an
673 2277 1003 2334 teneantur
1058 2273 1247 2334 etiam
1300 2273 1627 2334 restituere
1726 2273 2168 2353 (equalitatem.
2207 2273 2496 2334 Secundo
2527 2272 2798 2350 probant
2826 2273 2906 2333 ab
2956 2273 3269 2350 absurdis,

152 2364 360 2442 ligniori
389 2366 638 2443 emisse,
663 2367 759 2427 vel
790 2367 979 2427 etiam
997 2366 1212 2444 digno,
1239 2365 1489 2445 quande
1521 2366 1631 2425 eli·
1728 2369 1874 2447 quia
1905 2367 1957 2426 si
1984 2373 2148 2428 esset
2178 2366 2459 2427 debitum
2489 2366 2868 2426 beneficium
2897 2365 3171 2444 digniori
3198 2385 3275 2425 ex

151 2463 263 2534 gunt
286 2459 476 2519 minus
506 2460 772 2538 dignum
800 2459 901 2520 vel
931 2459 1280 2538 indignum.
1721 2460 1985 2541 justitia,
2011 2459 2259 2519 collatio
2282 2459 2447 2519 facta
2474 2458 2663 2536 digno
2694 2476 2816 2518 non
2849 2462 3013 2519 esset
3041 2459 3271 2535 valida,

203 2551 383 2612 Prima
408 2551 722 2613 sententia
776 2556 966 2630 negat
1015 2551 1468 2632 obligationem
1509 2552 1627 2612 illis
1729 2559 1797 2615 ut
1824 2557 1967 2631 pote
1990 2551 2157 2631 dessre
2186 2551 2395 2612 aliena
2411 2550 2594 2611 alteri
2624 2551 2861 2612 debita.
2895 2553 3043 2612 Haec
3064 2556 3275 2613 tamen

152 2642 330 2722 [liquid
379 2644 770 2721 restituendi,
826 2663 1016 2724 quam
1097 2649 1315 2706 tenent
1364 2644 1625 2706 Adrian.
1731 2647 1886 2707 ratio
1918 2645 2145 2705 frivola
2181 2649 2295 2720 est,
2330 2644 2479 2723 quia
2530 2644 2732 2722 primo
2777 2645 3044 2722 emptori
3085 2645 3279 2705 debe-

151 2738 356 2799 iavarr.
389 2739 516 2799 Set.
551 2738 787 2799 Melina
807 2737 1229 2817 jurisperituS,
1283 2741 1627 2799 Covarruv.
1728 2745 1831 2801 tur
1884 2757 1955 2798 cx
2010 2736 2254 2817 justitia
2282 2736 2728 2797 commutativa
2772 2755 2874 2796 res
2931 2741 3182 2815 empta;
3214 2740 3280 2797 et

151 2830 354 2891 luttier.
386 2831 630 2891 Valent.
664 2830 859 2892 Telet.
895 2830 1178 2908 AzoriuS,
1223 2833 1394 2892 Less,
1430 2835 1493 2893 et
1522 2833 1635 2891 Re·
1732 2837 1940 2893 tamen
1972 2831 2023 2891 si
2065 2834 2210 2891 ante
2252 2828 2654 2890 traditionem
2700 2829 3010 2891 vendatur
3048 2835 3111 2892 et
3156 2833 3279 2892 tra-

152 2922 317 2998 ›ellus,
349 2942 500 3002 ques
540 2924 728 2983 affert
755 2924 973 2984 Castro
1003 2923 1192 2985 Palae
1226 2923 1397 2984 dicto
1446 2927 1629 2985 tract.
1735 2925 1921 2986 datur
1947 2922 2148 2998 alteri,
2200 2922 2477 2983 secunda
2527 2922 2802 2984 venditio
2851 2929 2946 2985 est
2982 2923 3188 2984 valida
3219 2926 3285 2984 et

151 3030 244 3074 1111.
275 3014 422 3095 disp.
454 3033 526 3076 11.
560 3020 781 3095 punct.
815 3033 883 3076 11.
916 3016 971 3096 ἓ.
1005 3020 1065 3077 4.
1100 3035 1206 3076 nu.
1240 3019 1299 3077 3.
1347 3016 1637 3077 eamdem
1734 3017 2031 3079 transfert
2088 3015 2459 3091 dominium,
2504 3015 2652 3076 licet
2710 3016 2999 3077 venditor
3055 3017 3285 3077 debeat

152 3113 315 3169 enent
343 3111 548 3185 Perez,
585 3108 903 3185 mercado,
962 3108 1290 3185 Ledesma‚
1325 3112 1629 3185 Navarra,
1737 3110 2064 3171 restituere
2094 3108 2295 3187 prImo
2343 3107 2632 3185 emptori,
2658 3111 2720 3169 et
2746 3110 3054 3171 resarcire
3084 3115 3284 3172 totum

151 3200 542 3280 etHenriquez‚
568 3220 728 3280 quos
750 3203 950 3278 affert,
969 3206 1033 3263 et
1050 3203 1333 3282 sequitur
1357 3203 1640 3264 Sanchez
1739 3204 2063 3264 damnum.
2088 3205 2140 3263 A
2161 3201 2399 3263 fortiori
2431 3220 2580 3280 ergo
2611 3206 2823 3281 posset
2880 3221 3018 3264 esse
3076 3203 3287 3264 valida

151 3293 270 3353 licto
296 3293 397 3355 lib.
429 3312 499 3356 11.
540 3293 766 3370 Con-sil,
801 3313 941 3373 cap.
976 3311 1018 3356 1.
1054 3295 1204 3355 dub.
1231 3312 1370 3372 nv,
1404 3315 1510 3356 nu.
1538 3297 1635 3355 15.
1739 3297 1986 3358 collatio
2016 3295 2328 3371 beneficii,
2362 3295 2511 3356 licet
2531 3295 2652 3356 hec
2680 3314 2754 3355 ex
2779 3294 3027 3374 justitia
3075 3296 3288 3357 distri·

151 3385 227 3457 lui
255 3390 447 3447 tamen
472 3406 602 3448 non
638 3387 936 3466 loquitur,
994 3387 1245 3467 quando
1296 3387 1518 3449 electio
1573 3390 1645 3449 fit
1734 3389 1956 3450 butiva
1986 3388 2167 3448 alteri
2198 3387 2552 3449 deberetur.

152 3496 223 3537 »er
246 3497 610 3541 concursum
657 3484 721 3541 et
767 3481 992 3557 edicta,
1028 3484 1096 3542 ut
1138 3483 1359 3560 postea
1402 3480 1644 3541 videbi·
1824 3480 2141 3542 Resolutio
2199 3480 2386 3559 hujus
2444 3480 2620 3540 dubii
2675 3481 2907 3559 pendet
2949 3500 3179 3561 magna
3212 3500 3289 3541 ex
3435 3500 3513 3558 78

152 3588 267 3633 nus,
1743 3578 1922 3653 parte
1955 3592 2029 3633 ex
2062 3573 2159 3649 iis,
2194 3590 2333 3652 quae
2355 3572 2623 3633 diximus
2652 3572 2828 3634 initio
2860 3574 3048 3654 hujus
3095 3578 3289 3635 mate·
3405 3623 3568 3665 ,usum

198 3666 468 3726 Secunda
507 3666 824 3727 sententia
850 3666 1028 3745 ponit
1058 3666 1510 3745 obligationem
1556 3687 1649 3729 re·
1746 3667 1854 3728 riae
1888 3667 2048 3745 disp.
2087 3682 2127 3727 1.
2166 3669 2316 3726 sect.
2350 3667 2409 3726 3.
2456 3665 2620 3725 circa
2663 3666 3002 3727 essentiam
3045 3671 3108 3727 et
3149 3684 3288 3744 pro-
3360 3676 3616 3719 distributiva

151 3757 394 3819 »tituendi
422 3759 640 3838 digne,
692 3759 790 3820 vel
837 3759 1109 3838 digniori
1156 3760 1422 3837 emissiS,
1482 3761 1647 3822 hanc
1745 3761 2074 3840 prietatem
2152 3757 2411 3836 justitiae
2484 3758 2919 3835 distributivae,
2984 3759 3089 3819 ubi
3147 3777 3290 3819 cum
3383 3742 3611 3846 ossiigssi'iid

152 3856 313 3912 encnt
341 3853 696 3932 CajetanuS,
733 3852 1025 3928 Palatios,
1084 3853 1357 3930 Medina,
1408 3856 1649 3933 Arago·
1748 3853 1959 3913 multis
1990 3851 2392 3927 asseruimus,
2436 3850 2745 3929 justitiam
2802 3851 3286 3928 distributivam,
3340 3842 3641 3879 ‘⁰⁸¹¹‘⁰¹¹⁰¹¹⁰¹¹¹

152 3943 268 4018 iius,
317 3946 628 4022 SaloniuS,
714 3944 1070 4005 Ludevicus
1132 3948 1359 4024 Lepez,
1420 3947 1645 4008 Palud.
1748 3945 2023 4006 sistendo
2075 3943 2235 4004 intra
2295 3944 2612 4021 propriam
2668 3944 3004 4022 sphaeram,
3049 3951 3112 4006 et
3169 3964 3295 4006 non

151 4038 186 4095 3.
216 4040 580 4115 Antonium,
618 4056 776 4118 quos
807 4040 988 4099 affert
1015 4039 1298 4099 Sanchez
1327 4039 1435 4100 ubi
1458 4058 1650 4119 supra
1750 4037 2039 4099 habendo
2097 4036 2332 4115 aliquid
2390 4035 2466 4095 de
2516 4035 2760 4115 justitia
2817 4038 3292 4115 commutativa‚

152 4147 221 4189 iu.
253 4134 343 4192 12.
375 4134 607 4208 BaneS,
659 4131 981 4206 Silvester,
1032 4131 1403 4210 Rodriguez.
1448 4136 1512 4195 et
1547 4135 1656 4193 Pe·
1751 4149 1876 4192 nen
1909 4130 2187 4208 obligare
2221 4129 2302 4189 ad
2331 4129 2740 4191 restutionem
2770 4134 3027 4209 prepter
3055 4131 3153 4191 sui
3170 4131 3299 4191 vie-

152 4242 243 4282 rus
266 4224 339 4284 de
383 4226 731 4297 Ledesma;
768 4242 924 4303 quos
967 4224 1150 4285 affert
1192 4227 1409 4286 Castro
1458 4226 1648 4287 Palae
1753 4223 2073 4284 lationem.
2110 4222 2440 4282 Rationem
2470 4226 2679 4283 autem
2710 4242 2745 4282 a
2792 4223 2983 4302 priori
3017 4223 3302 4284 reddidi-

151 4314 221 4374 ibi
247 4336 428 4396 supra
458 4337 636 4378 num.
669 4322 729 4378 4.
774 4332 836 4379 et
865 4318 1154 4378 eamdem
1185 4318 1410 4379 acriter
1439 4318 1656 4378 defen·
1754 4335 1895 4377 mus
1930 4334 1943 4374 :
1997 4315 2147 4394 quia
2178 4314 2422 4393 justitia
2471 4314 2888 4392 distributiva,
2923 4322 3111 4395 prout
3157 4335 3302 4377 cen-

151 4408 226 4469 lit.
261 4412 322 4472 P.
357 4413 651 4491 vasquez
682 4410 847 4472 dicto
879 4412 936 4489 ἓ.
972 4427 1065 4472 111.
1101 4412 1249 4471 dub.
1287 4415 1384 4472 17.
1410 4413 1501 4472 Ex
1525 4411 1656 4490 qui·
1757 4408 2164 4486 distinguitur
2192 4426 2229 4467 a
2257 4408 2728 4484 commutativa‚
2765 4428 2889 4470 nen
2918 4410 3177 4488 respicit
3199 4408 3307 4488 jus

152 4521 230 4559 »us
256 4503 609 4582 Aragonius
639 4508 859 4583 quaest.
909 4520 1051 4565 mm.
1103 4508 1221 4566 art.
1271 4508 1331 4566 2.
1383 4504 1504 4564 hoe
1552 4523 1658 4565 ex·
1758 4502 2081 4581 proprium
2110 4504 2173 4560 et
2190 4501 2476 4562 strictum
2522 4500 2585 4560 in
2623 4499 2910 4577 subditis,
2945 4502 3058 4562 sed
3105 4502 3308 4563 selum

152 4594 309 4657 endit
335 4596 414 4656 ad
446 4615 771 4658 summum
816 4596 1202 4672 Pontificem,
1254 4599 1324 4657 ut
1367 4601 1657 4657 teneatur
1758 4594 2025 4655 intendit
2056 4593 2448 4654 honestatem
2478 4594 2852 4672 aequalitatis
2910 4594 2973 4653 in
3024 4594 3314 4655 distribu-

151 4686 405 4750 etiamad
434 4689 898 4752 restituendum
944 4690 1215 4769 digniori
1263 4708 1375 4768 pre
1426 4690 1657 4751 damno
1763 4688 1932 4749 tione
1962 4687 2272 4747 benorum
2325 4687 2775 4764 communium,
2828 4691 2898 4747 ut
2945 4688 3127 4765 juxta
3173 4706 3315 4766 pre-

151 4777 299 4856 llato,
355 4783 617 4862 quando
674 4783 938 4845 contulit
1008 4782 1386 4844 beneficium
1454 4785 1661 4843 minus
1762 4779 2114 4859 portionem
2139 4778 2588 4857 geometricam
2619 4779 3078 4858 participentur
3106 4799 3145 4839 a
3173 4780 3318 4840 sub-

151 4871 319 4952 ligno.
370 4876 881 4937 Fundamentum
927 4877 1313 4956 praeeipuum
1370 4880 1464 4937 est
1518 4874 1664 4955 quia
1763 4872 1929 4933 ditis.
1966 4875 2115 4932 llaec
2147 4874 2359 4931 autem
2403 4872 2722 4949 proportio
2771 4876 2834 4932 et
2882 4871 3231 4951 aequalitaS,
3266 4872 3317 4933 si

152 4966 219 5026 iie
245 4968 474 5031 elector
505 4973 727 5048 peccat
753 4973 971 5030 contra
1007 4969 1315 5049 justitiam
1369 4969 1665 5032 distribu-
1765 4966 2057 5041 violetur,
2093 4983 2218 5025 nen
2251 4969 2460 5043 potest
2488 4965 2769 5043 reparari
2801 4984 2877 5026 ex
2910 4965 3158 5044 justitia
3198 4966 3323 5026 dis-

156 5059 327 5138 ivam,
360 5082 505 5142 quoe
555 5062 793 5141 obligat
839 5062 920 5123 ad
959 5062 1172 5124 debito
1219 5062 1411 5124 modo
1460 5061 1668 5123 distri·
1764 5059 2064 5121 tributiva
2101 5078 2113 5118 :
2150 5058 2296 5136 quia
2327 5058 2375 5117 si
2425 5058 2678 5135 elector,
2726 5078 2784 5119 v.
2846 5077 2908 5137 g.
2966 5059 3326 5121 restitueret

152 5154 364 5215 ›uenda
393 5156 568 5216 bona
595 5155 956 5215 communia
989 5176 1004 5218 z
1039 5175 1161 5217 non
1210 5158 1417 5233 potest
1456 5160 1669 5217 autem
1769 5151 2041 5231 digniori
2063 5140 2293 5212 emisse
2325 5169 2440 5230 pre
2473 5151 2702 5211 damno
2735 5151 2929 5227 illate,
2967 5152 3326 5214 restitueret

151 5246 256 5322 {uis
287 5247 526 5308 violare
546 5247 880 5326 justitiam,
906 5248 1057 5328 quin
1094 5247 1320 5309 subeat
1348 5247 1672 5327 obligatio·
1771 5245 2026 5325 quidem
2055 5264 2133 5304 ex
2160 5244 2344 5304 bonis
2375 5244 2664 5323 propriis,
2701 5248 2771 5303 ut
2801 5244 3078 5306 fatentur
3108 5245 3327 5306 adver-

150 5356 259 5397 1em
306 5340 741 5402 resarciendi:
784 5340 933 5420 quia
977 5340 1180 5401 omnis
1234 5339 1537 5418 injustitia
1579 5343 1674 5400 est
1774 5339 1942 5413 sarii,
1975 5338 2095 5398 hac
2124 5338 2294 5398 enim
2349 5337 2593 5399 ratione
2650 5337 2831 5414 plene
2886 5336 3324 5401 satisfaceret:

152 5434 513 5511 naequalitas
572 5453 711 5513 quae
756 5439 1139 5511 perseverat,
1202 5433 1503 5513 quamdiu
1549 5452 1676 5493 non
1774 5451 1889 5511 per
1920 5432 2079 5492 banc
2107 5436 2319 5492 autem
2351 5430 2810 5491 restitutionem
2833 5449 2957 5491 nen
2991 5430 3332 5492 haberetur

151 5524 368 5586 lenitur
423 5527 777 5605 aequalitas,
841 5527 1018 5588 Sicut
1062 5545 1213 5605 erge
1282 5526 1675 5605 inaequalitas
1775 5525 2311 5604 aequalitasquam
2344 5523 2882 5602 intenditjustitia
2904 5524 3329 5602 distributiva,
