4263 6376
668 4516 745 4575 63

550 4640 598 4683 ln
643 4640 846 4685 electione

569 4695 619 4736 ad
638 4697 746 4737 colle
777 4696 786 4705 ”

575 4748 741 4811 annito
772 4749 827 4790 li-

899 255 1019 311 590

912 431 1206 490 Fatemur
1251 443 1432 504 erge,
1493 443 1614 484 non
1665 441 1845 503 posse
1889 422 2208 483 subditum
2252 439 2440 498 agere

910 527 1129 583 contra
1158 520 1543 598 superiorem
1572 517 1883 577 volentem
1915 533 2061 576 eum
2089 516 2222 574 sine
2252 531 2441 574 causa

906 617 1046 676 loco
1078 631 1329 673 movere
1350 657 1365 687 ,
1418 610 1563 689 quia
1595 611 1833 670 nullum
1879 609 2069 669 habet
2107 607 2212 686 jus
2239 607 2319 666 ad
2347 607 2440 666 lo-

908 726 1050 768 cum
1081 707 1180 766 vel
1211 704 1483 765 officium
1519 723 1531 762 :
1566 703 1837 762 fatemur
1880 701 2068 761 etiam
2112 719 2186 758 ex
2233 700 2439 758 minus

905 801 1084 878 gravi
1113 814 1304 858 causa
1332 813 1513 874 posse
1559 794 1882 873 religiosos
1910 792 2187 853 amoveri
2218 811 2256 851 a
2283 809 2439 870 pra}-

904 894 1130 966 latura‚
1184 894 1247 950 et
1273 889 1406 948 sine
1433 887 1693 965 strepitu
1725 886 1934 962 etiam,
1969 886 2067 945 vel
2096 884 2315 945 ordine
2336 884 2441 964 ju-

905 983 1111 1044 diciali
1138 1029 1153 1058 ,
1201 982 1327 1041 imo
1369 985 1430 1041 et
1460 979 1592 1040 sine
1622 978 1901 1058 ipsorum
1945 979 2167 1056 culpa,
2202 977 2312 1036 sed
2359 976 2439 1035 ad

904 1077 1290 1156 petitionem,
1323 1092 1385 1134 v.
1417 1091 1480 1151 g.
1512 1071 1831 1150 principiS,
1865 1091 1904 1131 a
1934 1089 2056 1150 quo
2086 1069 2306 1148 religio
2335 1069 2440 1128 illa

902 1169 1170 1230 multum
1216 1165 1426 1245 quoad
1481 1163 1605 1224 alia
1660 1164 1977 1241 dependet
2018 1184 2030 1223 ε
2077 1180 2200 1242 quo
2251 1163 2438 1222 etiam

902 1279 1053 1322 casu
1083 1279 1206 1321 non
1240 1263 1447 1339 potest
1472 1257 1771 1336 praelatus
1802 1257 1904 1316 ille
1923 1256 2249 1335 conqueri,
2269 1255 2436 1334 quod

903 1354 1205 1414 innocens
1234 1356 1604 1411 amoveatur
1624 1396 1639 1425 ,
1673 1354 1734 1408 et
1761 1349 2057 1427 puniatur
2090 1367 2104 1408 ε
2139 1348 2244 1408 illa
2271 1347 2437 1407 enim

903 1464 1028 1505 non
1059 1450 1155 1506 est
1183 1461 1402 1522 poena,
1446 1442 1554 1501 scd
1585 1446 1680 1501 est
1707 1441 2041 1518 disponere
2080 1441 2160 1501 de
2187 1440 2436 1501 subdito

902 1557 978 1598 ex
1005 1537 1183 1616 gravi
1211 1554 1422 1610 causa,
1453 1534 1599 1594 licet
1627 1552 1702 1594 ex
1723 1533 1843 1593 hoc
1872 1534 1985 1612 ipsi
2004 1533 2304 1593 damnum
2325 1532 2439 1592 ali-

902 1630 1070 1710 quod
1116 1633 1180 1689 et
1221 1626 1617 1688 mortificatio
1672 1645 1784 1704 per
1838 1625 2128 1686 accidens
2175 1626 2433 1687 oriatur.

902 1726 1040 1784 Non
1069 1726 1280 1784 tamen
1327 1724 1533 1799 potest
1572 1719 1856 1797 superior
1908 1737 2053 1778 eum
2102 1718 2181 1779 ab
2230 1718 2435 1779 officio

903 1832 1196 1876 amovere
1226 1831 1370 1874 cum
1401 1811 1679 1891 periculo
1708 1811 2003 1886 infamiae,
2030 1811 2281 1889 quando
2312 1829 2435 1871 non

903 1909 1096 1969 habet
1123 1924 1378 1968 causam
1407 1912 1476 1966 ut
1495 1922 1641 1964 eum
1661 1908 1971 1980 amoveat,
1997 1909 2060 1963 et
2079 1909 2284 1982 potest
2304 1904 2436 1963 siue

902 1999 1301 2062 incommodo
1345 2017 1490 2058 eum
1533 2015 1657 2058 non
1708 2015 2023 2056 amovere.
2076 1999 2207 2056 Imo
2253 1996 2302 2056 si
2360 2015 2433 2056 eo

901 2112 1050 2155 casu
1081 2093 1366 2154 subditus
1397 2095 1646 2151 curaret
1673 2089 1885 2150 debito
1915 2088 2105 2150 modo
2134 2089 2306 2168 apud
2333 2109 2435 2150 su-

900 2187 1230 2266 periorem,
1291 2203 1371 2244 ne
1425 2186 1796 2244 amoveatur
1836 2181 1918 2242 ab
1967 2182 2196 2258 officio,
2251 2187 2312 2243 et
2352 2183 2434 2243 ad

900 2281 1068 2340 hunc
1096 2280 1287 2339 finem
1316 2277 1675 2339 ostenderet
1704 2293 1881 2335 suam
1920 2275 2344 2336 innocentiam
2375 2280 2437 2336 et

901 2371 1249 2451 periculum
1291 2368 1567 2430 infamiae
1599 2367 1767 2447 quod
1808 2366 2047 2429 suberit
2090 2369 2143 2427 si
2173 2387 2245 2428 eo
2276 2373 2436 2428 tem-

899 2482 1051 2543 pore
1081 2467 1469 2538 amoveatur,
1506 2480 1628 2522 non
1677 2460 1815 2521 ideo
1859 2461 2215 2521 censebitur
2240 2461 2305 2520 in
2334 2479 2436 2522 so-

900 2558 1121 2617 cietate
1152 2559 1365 2616 nostra
1410 2571 1672 2632 peccare
1702 2556 1922 2613 contra
1949 2557 2168 2613 votum
2196 2553 2436 2632 profes-

898 2667 1132 2724 sorum,
1167 2647 1246 2707 de
1276 2665 1400 2707 non
1429 2645 1783 2707 ambiendis
1799 2644 2109 2724 ejusmodi
2139 2646 2434 2723 praelatu-

900 2744 985 2802 ris
1017 2763 1030 2802 ε
1061 2742 1210 2821 quia
1242 2745 1458 2802 votum
1486 2740 1689 2800 solum
1710 2743 1948 2800 estnon
1970 2739 2349 2817 procurandi
2368 2744 2438 2801 ut

902 2836 1122 2914 eligar,
1184 2834 1283 2894 vel
1313 2850 1685 2911 promovear
1721 2830 1785 2890 in
1812 2831 2243 2910 praelationem
2271 2831 2435 2892 intra

898 2929 1300 2990 societatem:
1333 2927 1437 2986 ille
1480 2929 1692 2986 autem
1712 2942 1838 2985 non
1867 2930 2198 3002 procurat,
2232 2930 2303 2985 ut
2330 2924 2436 2984 eli-

896 3026 1103 3100 gatur,
1130 3019 1265 3099 jam
1294 3018 1461 3078 enim
1490 3022 1584 3078 est
1611 3018 1865 3093 electuS,
1908 3021 1969 3078 et
1998 3021 2247 3078 exercet
2274 3034 2435 3095 prae-

896 3114 1215 3188 lationem,
1240 3112 1348 3172 sed
1370 3111 1573 3172 solum
1592 3115 1888 3190 procurat
1912 3113 1980 3171 ιιι
2000 3129 2123 3171 non
2146 3128 2435 3171 amovea-

896 3212 1018 3283 tur,
1052 3212 1116 3268 et
1144 3206 1263 3266 hoc
1289 3204 1372 3266 ad
1400 3204 1725 3266 vitandam
1768 3203 2089 3263 infamiam
2120 3223 2259 3283 quae
2288 3203 2433 3263 inde

895 3300 1153 3360 orietur.

978 3392 1268 3454 Secunda
1296 3392 1559 3471 quaestio
1589 3388 1945 3469 principalis
1976 3408 2110 3450 esse
2140 3390 2318 3466 solet,
2354 3407 2434 3449 an

897 3487 959 3546 in
990 3486 1317 3562 electione,
1381 3503 1508 3565 qua
1526 3486 1842 3564 eliguntur
1868 3503 1906 3544 a
1935 3483 2188 3561 collegis
2241 3483 2435 3563 aliqui

895 3580 975 3640 de
1004 3597 1167 3641 novo
1194 3580 1261 3640 in
1290 3578 1561 3657 collegas
1581 3625 1596 3654 ,
1631 3582 1819 3656 prout
1847 3577 1983 3636 fieri
2028 3576 2186 3637 solet
2213 3576 2274 3635 in
2306 3577 2434 3636 col-

894 3673 1075 3751 legiis
1103 3670 1735 3746 salmanticensibus,
1771 3674 1833 3730 et
1859 3669 2427 3747 complutensibuS,

895 3770 957 3826 et
986 3766 1171 3842 alibi,
1217 3766 1299 3825 sit
1325 3763 1622 3842 obligatio
1655 3762 1929 3841 eligendi
1959 3760 2329 3840 digniores?
2356 3763 2426 3821 P.

893 3860 1179 3937 Vasquez
1209 3858 1375 3919 dicto
1406 3856 1555 3917 dub.
1576 3872 1644 3917 11.
1675 3855 2265 3935 respondetoptime
2289 3871 2432 3913 cum

897 3954 1067 4029 Sot0,
1101 3952 1333 4013 debere
1362 3950 1592 4030 eligere
1622 3950 1997 4029 digniorem,
2034 3952 2167 4009 tum
2189 3947 2432 4009 ratione

886 4045 1250 4124 juramenti,
1282 4049 1416 4105 tum
1447 4044 1637 4105 etiam
1662 4090 1678 4121 ,
1724 4043 1872 4122 quia
1910 4043 2029 4103 illae
2071 4040 2431 4120 praebendae

895 4136 1301 4216 collegiorum
1346 4137 1682 4215 propositae
1729 4139 1876 4196 sunt
1919 4153 1956 4193 a
1993 4133 2432 4195 fundatoribus

896 4234 964 4292 ut
992 4230 1252 4309 praemia
1281 4229 1687 4306 studentium,
1720 4229 1949 4308 quibus
1979 4227 2336 4287 alliciantur
2350 4226 2432 4285 ad

896 4324 1230 4402 diligenter
1257 4321 1667 4399 studendum,
1700 4326 1771 4383 ut
1794 4321 2055 4399 praemia
2083 4319 2426 4399 proposita,

897 4421 959 4477 et
998 4417 1305 4476 honorem
1360 4434 1433 4476 ac
1481 4416 1973 4476 emolumentum
2026 4413 2182 4474 illud
2218 4431 2430 4474 conse-

897 4514 1191 4590 quantur.
1240 4509 1477 4582 Quibus
1507 4527 1623 4587 ego
1659 4508 1825 4569 addo
1867 4508 2055 4569 aliam
2095 4507 2426 4583 rationem,

898 4605 1066 4683 quod
1098 4604 1318 4665 electio
1346 4604 1459 4664 fiat
1484 4620 1598 4681 per
1625 4620 2019 4678 concursum,
2040 4600 2277 4662 vocatis
2298 4619 2434 4661 om-

789 4709 828 4748 ³·
896 4698 1079 4757 nibus
1109 4714 1223 4774 per
1241 4695 1446 4756 edicta
1469 4741 1485 4771 ,
1537 4695 1601 4754 in
1631 4695 1858 4774 quibus
1886 4698 2142 4772 pactum
2172 4693 2434 4771 implici-

550 4813 580 4853 ιτ
681 4814 705 4842 e
768 4815 845 4844 en-
895 4794 1030 4852 tum
1081 4789 1439 4850 continetur
1491 4787 1763 4866 eligendi
1822 4787 2195 4866 digniorem.
2254 4786 2432 4858 Quod

580 4814 602 4841 a
624 4813 663 4842 ιο

549 4855 589 4896 di
600 4854 845 4908 digniorem.

895 4883 1063 4943 idem
1092 4883 1277 4943 docet
1305 4881 1470 4941 idem
1502 4881 1789 4959 Vasquez
1818 4880 1896 4940 de
1926 4878 2262 4955 cathedriS,
2292 4897 2431 4957 quae

897 4976 958 5037 in
991 4976 1228 5037 eisdem
1267 4973 1607 5036 academiis
1649 4973 1878 5034 dantur
1920 4972 2433 5052 competitoribus

897 5088 1011 5150 per
1038 5068 1334 5147 suffragia
1364 5067 1836 5147 discipulorum,
1871 5066 1976 5145 qui
2007 5067 2195 5126 etiam
2225 5064 2436 5143 iurant

898 5163 1071 5242 prius
1102 5163 1182 5223 de
1212 5161 1502 5240 eligendo
1533 5160 1853 5239 digniore,
1887 5163 1948 5220 et
1973 5159 2034 5218 in
2066 5159 2293 5239 quibus
2325 5157 2435 5218 sti-

895 5257 1128 5336 pendia
1181 5255 1440 5334 copiosa
1492 5254 1912 5331 assignantur,
1962 5270 2087 5312 non
2135 5252 2338 5313 solum
2368 5255 2436 5311 ut

895 5350 1250 5409 habeantur
1279 5346 1427 5407 boni
1456 5346 1761 5425 magistri,
1794 5346 1906 5406 sed
1935 5346 2147 5422 etiam,
2180 5349 2251 5406 ut
2274 5362 2437 5424 prae-

894 5442 1021 5501 mia
1051 5441 1376 5501 doctorum
1434 5438 1539 5519 qui
1596 5438 1929 5517 diligenter
1975 5438 2037 5497 in
2079 5437 2285 5498 studio
2341 5437 2437 5497 lit-

2064 247 2164 305 DF.
2206 244 2558 307 JUSTl'rlA
2607 245 2704 302 ΕΤ
2744 244 2944 304 JURE

2540 426 2814 481 terarum
2841 422 3224 481 laborarunt.
3260 419 3440 492 Quod
3460 419 3647 480 etiam
3677 436 3847 479 verum
3861 429 3952 499 puto

2539 519 2797 593 propter
2851 515 3105 574 easdem
3159 515 3474 586 rationes,
3532 516 3594 572 et
3636 511 3767 590 quia
3803 514 3847 572 in
3882 515 3955 573 illiz

2541 608 2728 669 etiam
2778 611 3161 667 concurrunt
3198 606 3399 666 vocati
3459 624 3572 684 per
3623 605 3798 664 edicta
3826 608 3955 683 publi-

2539 720 2611 761 ca
2631 747 2646 777 ,
2701 701 2759 759 in
2819 700 3045 778 quibus
3100 701 3267 759 idem
3321 704 3579 777 pactum
3629 699 3874 758 contineri
3902 702 3956 759 vi-

2539 794 2742 854 detur.

2617 887 2824 947 Tertia
2870 886 3134 965 quaestio
3187 903 3324 945 esse
3367 884 3546 958 solet,
3597 902 3677 944 an
3714 884 3900 962 quando
3916 888 3958 946 fit
4026 882 4060 939 ll

2540 980 2757 1040 electio
2790 980 2871 1039 ad
2909 978 3282 1039 beneficium
3311 981 3600 1037 curatum
3644 994 3748 1053 per
3780 994 3956 1037 concur·
3985 1007 4012 1043 ι,

2536 1091 2674 1134 sum
2705 1072 3098 1151 praecedente
3146 1069 3431 1130 examine
3468 1069 3821 1148 singulorum
3844 1069 3959 1147 juxta
3985 1057 4048 1097 ὼ

2535 1166 2804 1226 formam
2850 1183 3027 1225 conc.
3061 1163 3341 1224 Trident.
3390 1181 3543 1222 sess·
3587 1178 3745 1221 xxxv.
3772 1180 3872 1240 cap.
3897 1167 3956 1222 18.
3997 1220 4032 1255 ἡ

2537 1258 2994 1318 examinatores
3023 1256 3295 1316 debeant
3321 1255 3644 1314 declarare
3665 1301 3683 1329 ,
3722 1254 3829 1332 quis
3854 1254 3959 1313 exvi
3985 1232 4054 1309 ‘fis

2537 1350 2838 1410 examinis
2862 1349 3111 1427 dignior
3138 1351 3460 1427 appareat,
3484 1366 3566 1406 an
3579 1347 3763 1407 solum
3777 1346 3962 1406 debeant
4005 1331 4091 1376 Μ

2537 1443 2768 1518 dic-ere,
2805 1443 2911 1522 qui
2939 1444 3286 1521 appareant
3312 1440 3557 1516 idonei,
3591 1445 3662 1501 ut
3687 1458 3750 1500 ex
3773 1439 3862 1498 illis
3881 1440 3960 1517 epi·

2536 1554 2762 1615 scopus
2807 1536 3004 1614 possit
3050 1534 3404 1613 digniorem
3435 1532 3710 1611 eligere?
3747 1533 3879 1593 Multi
3905 1533 3962 1590 di·

2536 1635 2685 1690 cunt
2708 1629 2938 1689 debere
2970 1627 3292 1687 declarare
3312 1645 3438 1686 non
3458 1627 3664 1687 solum
3685 1625 3875 1703 dignos,
3892 1625 3960 1683 sel

2536 1723 2875 1801 dignioreS,
2909 1725 2973 1782 et
3002 1720 3122 1780 hoc
3151 1721 3341 1781 etiam
3370 1720 3421 1779 si
3450 1720 3764 1798 episcopus
3777 1719 3962 1794 nolitju-

2536 1815 2770 1875 dicium
2797 1814 2876 1873 de
2906 1812 3318 1891 dignioribuS,
3350 1812 3464 1872 sed
3492 1812 3692 1871 solum
3721 1811 3785 1870 de
3807 1810 3959 1888 dignis,

2535 1907 2683 1987 quia
2703 1925 2777 1967 eo
2807 1907 2941 1986 ipso
2972 1906 3306 1986 episcopus
3351 1904 3632 1966 ostendit
3656 1924 3714 1964 se
3738 1922 3836 1964 non
3857 1903 3962 1963 bona

2533 2000 2659 2060 fide
2686 1999 3053 2079 procedere,
3099 1997 3212 2058 sed
3252 1997 3410 2057 velle
3453 2014 3567 2075 pro
3598 1996 3760 2056 libito
3795 2013 3879 2054 suo
3898 1995 3963 2053 eli·

2533 2111 2703 2171 gere.
2738 2094 2829 2153 lta
2874 2091 3126 2152 Medina
3165 2090 3273 2151 lib.
3325 2107 3370 2149 1.
3418 2108 3665 2150 summoe
3697 2107 3812 2167 cap.
3840 2089 3961 2165 lt&

2533 2188 2633 2247 32.
2693 2185 2913 2263 regula
2978 2188 3038 2245 4.
3101 2201 3290 2262 quem
3344 2183 3527 2242 affert
3548 2228 3564 2258 ,
3639 2186 3697 2243 et
3751 2181 3966 2260 approbat

2535 2277 2765 2341 Sanch.
2802 2277 2968 2338 dicto
3017 2295 3156 2354 cap.
3190 2277 3239 2336 1.
3272 2275 3424 2335 dub·
3469 2292 3584 2335 xn.
3615 2293 3771 2335 num.
3795 2278 3842 2334 5.
3866 2277 3966 2334 Am-

2532 2372 2664 2431 rius
2691 2418 2706 2443 ,
2743 2369 3031 2431 Villalob.
3066 2368 3395 2429 Petrus-de
3425 2368 3754 2442 Ledesma,
3795 2365 3960 2436 Zeton,

2533 2470 2596 2526 et
2622 2465 2747 2541 alii,
2778 2482 2934 2543 quas
2961 2464 3142 2523 affert
3157 2462 3414 2526 Dianat.
3436 2462 3514 2522 11.
3539 2470 3708 2522 tract.
3731 2478 3781 2521 v.
3799 2457 3964 2520 &1³ch

2532 2559 2716 2619 resol.
2750 2559 2810 2620 3.

2611 2649 2901 2731 Episcopi
2933 2654 3142 2710 tamen
3171 2647 3350 2708 multi
3398 2648 3768 2708 contrariam
3796 2653 3969 2707 senten·

2531 2745 2683 2805 tiam
2710 2745 3079 2822 sequuntur,
3115 2742 3282 2820 quod
3314 2740 3761 2801 examinatores
3784 2758 3877 2799 non
3898 2738 3968 2796 de-

2532 2837 2742 2913 beant,
2776 2835 2895 2895 nisi
2923 2835 3002 2895 de
3032 2834 3154 2894 hoc
3183 2834 3372 2894 etiam
3393 2833 3843 2912 interrogentur,
3857 2829 3969 2890 aliud

2532 2930 2763 3006 dicere,
2800 2928 2917 2988 nisi
2949 2928 3064 2989 hos
3091 2929 3191 2988 vel
3220 2928 3360 2987 illos
3389 2945 3528 2986 esse
3557 2927 3849 2999 indoneus,
3871 2922 3967 2982 reli·

2534 3041 2727 3103 quum
2760 3023 2837 3081 de
2866 3019 3088 3100 majori
3119 3021 3422 3099 dignitate
3444 3018 3743 3098 judicium
3761 3017 3971 3096 episcopo

2535 3116 2843 3196 relinqui;
2881 3132 3068 3194 quam
3102 3114 3479 3174 sententiam
3494 3116 3702 3173 tenent
3726 3111 3877 3172 etiam
3897 3109 3970 3166 Ve-

2533 3228 2742 3285 netus,
2774 3207 3087 3269 Lotterius
3111 3254 3126 3283 ,
3157 3206 3526 3268 Missobrius
3547 3253 3564 3284 ,
3597 3205 3817 3277 Garcia,
3842 3200 3970 3263 effi

2531 3303 2752 3362 vianus
2780 3301 2950 3381 apud
2979 3300 3274 3361 eumdem
3303 3300 3571 3360 Dianam
3598 3300 3724 3359 loco
3751 3299 3914 3368 citato,
3932 3298 3970 3351 el

2533 3395 2924 3474 probabilem
2969 3397 3150 3472 putat
3175 3395 3398 3453 Petrus
3438 3392 3518 3451 de
3543 3391 3842 3464 Ledesma,
3864 3392 3969 3447 tom.

2531 3489 2606 3547 ΙΙ.
2642 3487 2924 3562 Summoe,
2959 3490 3140 3548 tract.
3178 3501 3288 3545 vn.
3323 3503 3464 3563 cap.
3507 3500 3656 3544 xxu.
3689 3482 3911 3542 conclus·
3929 3481 3967 3537 5.

2532 3579 2813 3640 difficult.
2845 3580 2946 3639 13.
2981 3578 3488 3639 Fundamentum
3529 3577 3873 3655 praecipuum
3904 3590 3971 3632 su-

2530 3672 2721 3735 mitur
2748 3688 2825 3732 ex
2851 3670 3060 3731 verbis
3087 3670 3369 3731 Trident.
3404 3670 3572 3731 dicto
3591 3687 3723 3746 cap.
3745 3661 3969 3727 xvm.ubi

2529 3766 2732 3825 solum
2761 3764 3143 3843 praecipitur,
3180 3762 3346 3842 quod
3379 3762 3546 3823 facto
3583 3760 3856 3833 examine,
3878 3773 3971 3816 «re-

2531 3858 2896 3919 nuntientur
2925 3860 3349 3935 quotcumque
3380 3855 3461 3915 ab
3494 3855 3586 3915 his
3614 3849 3971 3914 examinatori·

2530 3951 2646 4011 bus
2674 3950 2884 4011 idonei
2925 3948 3191 4028 judicati
3236 3947 3509 4023 suerint,
3558 3952 3675 4008 etc.
3716 3948 3796 4007 Ex
3816 3944 3971 4020 hisque

2530 4045 2862 4123 episcopus
2892 4061 3038 4102 eum
3067 4041 3297 4120 eligat,
3345 4060 3533 4120 quem
3578 4040 3800 4102 caeteris
3832 4033 3973 4111 magis

2531 4138 2828 4197 idoneum
2849 4134 3250 4215 judicaverit.
3283 4156 3312 4191 ι)
3353 4135 3475 4196 Ubi
3505 4135 3580 4195 ab
3623 4125 3974 4194 examinatori·

2529 4230 2646 4290 bus
2667 4229 2868 4289 solum
2898 4228 3259 4307 requiritur,
3285 4227 3458 4306 quod
3479 4227 3767 4306 judicent,
3797 4221 3974 4302 quisint

2529 4323 2760 4399 idonei,
2795 4341 2870 4382 ex
2899 4321 3127 4400 quibus
3155 4321 3301 4380 solis
3330 4321 3412 4381 ab
3426 4313 3971 4391 examiuatoribusju·

2531 4416 2753 4477 dicatis
2785 4415 3115 4493 episcopus
3145 4413 3334 4474 debet
3361 4414 3538 4474 illum
3567 4413 3780 4491 eligere
3799 4456 3813 4484 ,
3840 4422 3972 4487 quem

2531 4510 2662 4589 ipse
2693 4508 3042 4587 digniorem
3081 4506 3486 4586 judicaverit.
3519 4508 3730 4567 Totum
3771 4520 3892 4581 ergo
3907 4497 3970 4576 ju·

2531 4601 2764 4662 dicium
2821 4600 2899 4660 de
2954 4598 3181 4678 majori
3236 4600 3541 4678 dignitate
3589 4599 3698 4659 soli
3751 4597 3972 4675 episcopo

2530 4694 2961 4755 committitur.
2997 4694 3074 4753 Ει
3099 4691 3240 4752 ideo
3272 4691 3666 4771 congregatio
3686 4685 3899 4751 Concilii
3917 4685 3972 4741 ita

2531 4787 2882 4847 declarasse
2913 4785 3181 4861 videtur,
3217 4790 3408 4863 prout
3433 4786 3687 4846 refertur
3704 4780 3850 4860 apud
3866 4778 3976 4838 Har·

2530 4879 2736 4939 zillam
2791 4878 2902 4939 lib.
2949 4879 2997 4938 1.
3056 4877 3152 4938 tit.
3203 4894 3271 4937 ιι.
3316 4896 3460 4956 cap.
3509 4880 3595 4939 19.
3642 4876 3733 4936 his
3782 4870 3970 4932 verbis:

2540 4994 2569 5029 «
2599 4971 3013 5050 congregatio
3044 4970 3304 5031 Concilii
3328 4971 3581 5045 censuit,
3602 4987 3722 5028 non
3737 4966 3974 5046 pertinen

2532 5065 2612 5126 ad
2641 5064 3120 5140 examinatores,
3153 5063 3262 5123 sed
3293 5065 3498 5124 solum
3518 5061 3843 5141 episcopum
3858 5051 3972 5133 judi·

2532 5175 2699 5234 care,
2733 5157 2844 5236 qui
2872 5175 2947 5216 ex
2986 5156 3504 5217 concurrentibus
3532 5155 3596 5215 ad
3624 5148 3971 5231 parochialem

2533 5254 2864 5312 vacantem
2893 5250 2974 5309 sit
2999 5248 3200 5328 magis
3229 5249 3498 5309 idoneus
3520 5295 3535 5324 ,
3574 5251 3630 5306 et
3673 5246 3731 5304 in
3777 5235 3970 5302 coneilio

2536 5343 2925 5418 Tridentin,
2967 5359 3118 5402 sess,
3153 5356 3323 5404 xxiv.
3359 5360 3457 5402 ca.
3481 5344 3567 5402 18.
3588 5342 3813 5397 tantum
3837 5331 3971 5393 habe-

2537 5440 2660 5507 tur,
2706 5439 2777 5495 ut
2819 5434 3302 5511 examinatores,
3333 5437 3579 5512 peraeto
3624 5427 3880 5489 examine
3909 5440 3968 5479 rt*
