4263 6376
1292 262 1763 324 DISPUTATIO
1808 262 2025 337 XXIII,
2076 262 2351 324 SECTIO
2403 263 2555 323 VIII.
3434 256 3535 314 25-

353 452 475 496 nes
507 454 577 496 se
614 436 918 516 obligare.
952 439 1169 519 Neque
1198 457 1274 499 ex
1302 457 1376 500 eo
1407 438 1577 519 quod
1593 442 1814 517 sponte
1836 442 1900 501 et

351 526 708 591 liberaliter
735 549 804 590 se
854 530 1112 610 obliget,
1170 532 1420 593 videtur
1465 550 1539 593 eo
1569 531 1707 610 ipso
1734 531 1899 591 limi-

351 625 500 681 tare
539 623 701 683 velle
760 624 1211 702 obligationem
1260 625 1340 686 ad
1369 627 1675 704 majorem
1704 629 1898 686 mate-

355 712 549 791 riam,
597 732 742 775 cum
772 715 835 774 in
863 722 1009 778 voto
1050 718 1240 778 etiam
1288 735 1356 778 se
1383 722 1605 795 sponte
1635 716 1920 794 obliget„

357 808 429 865 et
465 824 592 866 non
619 807 762 868 ideo
810 814 1140 870 censeatur
1178 811 1343 870 nolle
1386 810 1655 889 obligari
1683 809 1894 888 gravi-

356 900 462 958 ter
488 901 570 960 ad
601 917 853 961 omnem
878 904 1208 963 materiam
1255 903 1408 965 alias
1427 921 1705 982 gravem.

443 992 677 1053 Fateor
721 999 932 1054 tamen
956 1040 972 1070 ‚
1017 994 1186 1073 quod
1224 1014 1301 1055 ex
1328 996 1432 1055 illa
1462 996 1711 1056 diversa
1741 994 1900 1055 obli-

355 1082 636 1162 gationis
663 1084 900 1163 radice,
926 1091 990 1148 et
1016 1087 1166 1167 quia
1190 1088 1532 1149 liberaliter
1567 1107 1632 1149 se
1664 1087 1896 1166 obliga-

355 1177 454 1238 vit
493 1181 557 1238 et
581 1178 900 1256 promisit,
958 1181 1289 1257 provenire
1319 1186 1528 1259 potest
1555 1180 1725 1261 quod
1746 1179 1899 1242 faci-

354 1269 487 1329 lius
511 1272 822 1348 possimus
843 1272 1180 1351 aliquando
1210 1292 1352 1333 eum
1375 1274 1641 1334 liberare
1656 1291 1695 1334 a
1713 1273 1898 1351 culpa

354 1363 544 1441 gravi
572 1381 648 1423 ex
689 1371 1070 1443 praesumpta
1111 1366 1431 1427 voluntate
1486 1366 1890 1444 promissarii,

358 1454 473 1534 qui
504 1473 581 1516 ex
607 1456 990 1534 gratitudine
1020 1476 1171 1535 erga
1227 1459 1550 1519 liberalem
1605 1457 1898 1519 benefac—

356 1548 568 1608 torem
595 1554 660 1611 et
683 1550 1149 1628 promissorem,
1184 1551 1476 1629 praesumi
1520 1551 1751 1629 poterit
1777 1551 1897 1611 fre-

357 1646 651 1719 quenter,
685 1646 755 1704 ut
799 1642 1108 1719 dicebam,
1170 1644 1337 1723 quod
1393 1645 1545 1706 nolit
1613 1663 1756 1705 eum
1811 1645 1899 1707 ita

354 1734 578 1795 stricte
606 1734 906 1814 obligare,
941 1741 1010 1797 ut
1035 1755 1150 1815 pro
1180 1737 1459 1816 qualibet
1512 1742 1712 1816 parte,
1750 1738 1897 1799 alio-

357 1827 520 1906 quin
550 1826 628 1887 de
657 1846 723 1887 se
750 1828 951 1906 gravi,
971 1830 1122 1891 velit
1151 1828 1428 1908 obligare
1459 1830 1539 1890 ad
1570 1835 1896 1910 peccatum

354 1919 655 1980 mortale.
683 1922 751 1980 In
780 1939 904 2000 quo
936 1924 1140 1999 potest
1167 1941 1301 1983 esse
1331 1922 1683 1984 differentia
1714 1941 1750 1983 a
1786 1923 1897 1984 de-

355 2011 498 2073 bito
527 2031 602 2072 ex
631 2018 798 2087 voto,
831 2013 896 2073 in
926 2032 1052 2093 quo
1082 2030 1204 2076 non
1234 2015 1550 2076 invenitur
1600 2016 1895 2095 obligatio

352 2122 442 2164 ex
465 2104 709 2182 justitia
735 2124 883 2185 erga
914 2108 1136 2183 Deum,
1190 2111 1259 2168 ut
1303 2126 1614 2188 suppono,
1674 2108 1782 2170 sed
1815 2126 1891 2169 ex

350 2197 693 2275 religione,
738 2203 1051 2277 quatenus
1106 2199 1515 2262 irreverentia
1568 2200 1899 2263 committi-

351 2295 473 2352 tur
497 2294 717 2351 contra
745 2293 966 2368 Deum,
1000 2292 1055 2351 si
1081 2291 1349 2353 fidelitas
1374 2293 1435 2352 in
1467 2294 1790 2371 promissis
1841 2296 1898 2356 ei

350 2401 494 2444 non
523 2382 908 2459 observetur,
943 2384 1054 2444 sed
1082 2385 1349 2446 violetur
1364 2385 1520 2446 fides
1547 2389 1675 2448 Deo
1707 2390 1897 2448 semel

353 2475 754 2556 datazquare
799 2476 1096 2555 obligatio
1127 2477 1235 2538 illa
1279 2496 1411 2558 ,non
1467 2484 1599 2539 tam
1643 2481 1900 2542 videtur

349 2569 699 2647 provenire
722 2587 798 2629 ex
817 2569 1139 2631 voluntate
1167 2569 1275 2657 Dei
1305 2570 1570 2632 volentis
1592 2572 1892 2652 obligare,

353 2665 430 2721 et
458 2660 729 2721 retinere
750 2662 856 2740 jus
885 2662 1303 2740 suum,‘quam
1335 2681 1409 2722 ex
1437 2663 1574 2741 ipsa
1602 2665 1690 2724 rei
1722 2670 1898 2727 natu-

352 2772 458 2815 ra.
493 2753 672 2815 Unde
700 2753 861 2815 sicut
889 2772 1014 2815 non
1044 2759 1250 2833 potest
1268 2759 1433 2817 Deus
1462 2757 1691 2834 facere,
1729 2760 1896 2837 quod

352 2846 531 2907 actio
561 2846 686 2922 illa,
722 2864 861 2925 quae
890 2865 967 2907 ex
994 2865 1061 2907 se
1092 2847 1372 2909 continet
1424 2848 1898 2912 irreverentiam

352 2957 629 3017 gravem
657 2944 872 3000 contra
901 2939 1109 3018 ipsum
1136 2938 1218 3000 sit
1245 2940 1446 3000 solum
1488 2942 1898 3005 irreverentia

363 3032 564 3104 levis;
599 3030 888 3110 quamvis
922 3031 1132 3109 hom0,
1167 3032 1266 3093 cui
1290 3052 1363 3093 ex
1388 3033 1629 3113 justitia
1659 3036 1895 3114 aliquid

356 3125 633 3186 debetur
659 3124 855 3204 possit
882 3124 1167 3186 minuere
1209 3126 1654 3205 obligationem
1685 3134 1749 3192 et
1800 3149 1896 3191 re—

282 3299 290 3303 ·
355 3219 596 3280 ducere
626 3218 709 3279 ad
737 3218 962 3294 levem,
997 3237 1073 3279 eo
1096 3220 1265 3298 quod
1294 3219 1593 3299 obligatio
1624 3221 1728 3281 illa
1756 3241 1896 3300 pro-

354 3312 576 3372 veniat
594 3313 675 3372 ob
699 3310 835 3389 ipso
853 3311 1164 3372 creditore
1194 3312 1440 3374 volente
1471 3313 1558 3375 uti
1590 3314 1728 3394 jure
1757 3335 1891 3391 suo,

358 3409 431 3466 et
469 3404 752 3483 obligare
782 3404 1155 3481 debitorem,
1195 3406 1359 3467 sicut
1385 3408 1674 3486 superior
1694 3413 1900 3486 potest

358 3498 556 3560 etiam
583 3498 650 3558 in
677 3497 945 3559 materia
982 3497 1164 3575 gravi
1198 3498 1357 3559 velle
1386 3499 1665 3578 obligare
1693 3502 1896 3563 solum

354 3591 605 3667 leviter,
641 3589 789 3671 quia
815 3594 949 3652 tota
990 3590 1095 3651 illa
1151 3591 1447 3670 obligatio
1503 3593 1805 3656 fundatur
1831 3595 1894 3655 in

355 3685 685 3746 voluntate
715 3683 1068 3759 creditoriS,
1101 3684 1202 3745 vel
1243 3685 1603 3763 superioris.
1635 3688 1897 3748 Manen-

355 3783 424 3839 te
478 3794 633 3856 ergo
702 3775 1109 3837 fundamento
1161 3777 1593 3856 promissionis
1657 3781 1890 3858 gravis,

358 3889 556 3952 quam
585 3871 753 3931 Deus
780 3869 917 3932 vult
930 3869 1271 3946 observari,
1305 3888 1448 3931 cum
1477 3871 1687 3934 adhuc
1701 3873 1894 3934 fidem

359 3966 577 4025 datam
604 3962 874 4024 retineat
902 3961 1201 4042 (alioquin
1240 3981 1356 4024 nec
1408 3964 1628 4026 leviter
1655 3965 1896 4046 obliga-

358 4057 479 4136 ret)
513 4074 640 4117 non
668 4055 920 4117 videtur
961 4055 1194 4116 auferri
1251 4073 1433 4134 posse
1489 4057 1896 4121 irreverentia

357 4149 594 4229 gravis,
624 4167 766 4228 quae
803 4167 880 4210 ex
935 4148 1044 4209 tali
1096 4147 1504 4211 fundamento
1561 4152 1893 4232 adaequate

357 4243 581 4304 oritur.
618 4244 836 4302 Posset
864 4241 1123 4321 quidem
1153 4243 1316 4302 Deus
1345 4244 1664 4306 remittere
1695 4247 1892 4308 totali-

355 4343 454 4398 ter
479 4339 703 4396 votum
729 4338 919 4413 prout
943 4334 1013 4394 fit
1042 4333 1293 4414 quando
1325 4336 1607 4414 pontifex
1636 4338 1895 4418 dispen-

355 4433 455 4491 sat
481 4426 740 4490 nomine
761 4426 893 4503 Dei,
928 4444 1053 4507 quo
1075 4445 1223 4487 casu
1256 4432 1474 4489 votum
1505 4430 1672 4491 nullo
1701 4433 1890 4494 modo

357 4522 637 4602 obligat:
672 4519 818 4599 quia
848 4518 1179 4599 promissio
1209 4538 1460 4599 semper
1488 4521 1680 4585 habet
1709 4524 1894 4586 imbi-

352 4615 556 4677 bitam
599 4612 1049 4688 conditionem,
1110 4612 1161 4674 si
1206 4614 1646 4691 promissarius
1701 4616 1890 4678 fidem

356 4708 476 4769 sibi
508 4708 726 4768 datam
756 4707 1025 4767 retinere
1074 4705 1376 4768 voluerit:
1436 4708 1740 4786 quamdiu
1796 4715 1886 4774 ta-

353 4820 501 4862 men
521 4803 694 4861 Deus
719 4817 844 4860 non
873 4799 1214 4878 dispensat,
1250 4799 1358 4860 sed
1382 4800 1680 4863 retineret
1699 4802 1889 4864 fidem

353 4897 504 4955 voto
531 4891 650 4952 sibi
682 4891 919 4966 datam,
954 4910 1080 4953 non
1118 4895 1326 4971 potest
1374 4892 1509 4952 fieri
1557 4894 1724 4972 quod
1755 4895 1890 4975 ejus

349 4985 498 5047 fidei
530 4984 788 5046 violatio
819 5002 944 5046 non
974 4984 1055 5046 sit
1077 4985 1289 5063 gravis
1311 4985 1422 5045 Dei
1455 4985 1882 5049 irreverentia.

352 5082 574 5141 Posset
596 5076 859 5139 fortasse
886 5078 1021 5156 ipse
1051 5096 1290 5139 vovens
1319 5078 1483 5139 nolle
1510 5098 1577 5139 se
1605 5080 1887 5159 'obligare

347 5172 652 5252 graviter,
685 5171 797 5232 sed
825 5171 1027 5233 solum
1055 5171 1276 5232 leviter
1303 5170 1493 5232 etiam
1535 5173 1596 5232 in
1626 5175 1888 5235 materia

350 5264 554 5344 gravi,
588 5262 738 5343 quia
763 5268 896 5324 tota
919 5264 1026 5324 illa
1054 5263 1351 5342 obligatio
1383 5265 1579 5326 oritur
1633 5285 1708 5326 ex
1754 5268 1890 5346 ejus

351 5357 700 5419 intentione
719 5403 736 5430 ,
797 5374 991 5436 quare
1032 5361 1241 5435 posset
1293 5356 1554 5418 fortasse
1596 5358 1766 5420 illam
1819 5360 1892 5420 li—

353 5451 575 5511 mitare
605 5467 734 5510 non
749 5449 971 5511 ‘dando
1002 5449 1255 5511 omnino
1310 5450 1500 5510 fidem
1546 5470 1745 5529 suam,
1779 5453 1889 5514 sed

1996 438 2345 501 secundum
2358 437 2531 519 quid,
2566 455 2760 518 quare
2782 435 2916 516 ejus
2940 433 3194 499 violatio
3212 450 3339 492 non
3368 431 3534 492 esset

1997 531 2360 609 simpliciter
2386 531 2741 607 infidelitas,
2775 535 2962 635 atque
3005 528 3145 588 ideo
3201 543 3326 587 non
3369 526 3534 585 esset

1997 624 2208 703 gravis
2234 624 2663 701 irreverentia,
2697 622 2844 702 quia
2871 622 3073 682 solum
3120 622 3284 680 esset
3334 614 3533 678 viola·

1995 716 2082 777 tio
2112 714 2263 776 fidei
2291 715 2612 776 diminutae
2669 720 2732 776 et
2784 731 2910 774 non
2962 710 3313 790 completae.
3347 709 3529 768 Post·

1997 827 2188 887 quam
2216 811 2427 870 autem
2454 808 2611 869 fides
2639 807 3005 886 simpliciter
3058 804 3207 865 data
3251 805 3368 878 est,
3403 818 3530 861 non

1997 900 2243 963 videtur
2295 901 2570 980 pendere
2637 919 2676 961 a
2720 901 3042 962 voluntate
3114 892 3524 976 promissarii,

1997 995 2168 1072 quod
2195 993 2330 1075 ejus
2357 993 2610 1055 violatio
2640 994 2720 1054 sit
2746 992 2899 1053 levis
2932 991 3156 1066 solum,
3190 987 3287 1048 vel
3316 986 3527 1067 gravis

1997 1086 2422 1162 irreverentia,
2456 1103 2598 1147 cum
2620 1085 2755 1147 haec
2801 1103 2878 1145 ex
2922 1088 3147 1145 natura
3174 1080 3264 1143 rei
3309 1096 3529 1158 sequa-

1996 1182 2097 1239 tur
2126 1196 2202 1238 ex
2229 1177 2377 1239 fidei
2408 1177 2766 1245 violatione.

2076 1270 2411 1332 Dubitatur
2448 1274 2690 1350 quarto,
2751 1287 2890 1351 quae
2944 1284 3229 1349 personae
3287 1264 3528 1345 possint

1995 1641 2151 1703 solet
2177 1660 2257 1702 an
2305 1642 2354 1702 si
2404 1642 2730 1720 promittas
2784 1642 2870 1718 id,
2904 1642 3070 1721 quod
3100 1641 3234 1701 sine
3275 1638 3526 1700 ilcentia

1994 1734 2333 1812 superioris
2361 1735 2511 1794 dare
2547 1753 2671 1796 non
2726 1740 2903 1813 potes
2929 1732 3256 1812 promissio
3295 1732 3529 1811 obliget

1997 1826 2072 1886 ad
2090 1827 2428 1905 petendam
2446 1827 2792 1889 licentiam?
2811 1827 3152 1888 Turrianus
3174 1825 3332 1904 disp.
3359 1841 3519 1887 Lxlx.
3600 1854 3607 1863 ⁴

1996 1920 2147 1981 dub.
2181 1923 2239 1979 2.
2275 1920 2466 1981 refert
2496 1920 2770 1981 breviter
2798 1921 2954 1980 duas
2988 1918 3349 1993 sententiae,
3377 1918 3526 1979 alte-

1993 2032 2131 2074 ram
2162 2018 2494 2091 negantem
2520 2033 2532 2074 :
2558 2014 2816 2074 alteram
2846 2014 3266 2074 affirmantem
3294 2029 3307 2070 :
3336 2027 3526 2089 quam

1995 2106 2128 2185 ipse
2158 2106 2555 2184 amplectitur
2586 2126 2599 2166 ε
2635 2106 2746 2166 sed
2776 2105 3020 2181 meliuS,
3052 2109 3111 2166 et
3165 2104 3352 2165 latius
3400 2102 3525 2164 hoc

1999 2202 2223 2261 tractat
2250 2199 2471 2259 Thom.
2507 2198 2739 2260 Sanch.
2790 2198 2897 2259 lib.
2932 2218 2993 2258 v.
3028 2196 3097 2257 de
3149 2195 3525 2256 matrimonio

1996 2291 2159 2371 disp.
2194 2309 2253 2353 v.
2287 2292 2350 2351 in
2381 2310 2530 2352 casu
2581 2289 2765 2351 simili
2803 2290 2881 2351 de
2924 2308 3020 2366 eo,
3056 2290 3163 2369 qui
3220 2288 3529 2368 promittit

1996 2384 2467 2446 matrimonium
2487 2383 2663 2465 quod,
2684 2389 2896 2446 tamen
2920 2383 3053 2443 sine
3065 2382 3527 2461 dispensatione

1997 2482 2107 2539 aut
2133 2477 2386 2539 licentia
2412 2477 2730 2537 Pontificis
2759 2476 3127 2538 contrahere
3141 2494 3265 2536 non
3295 2477 3521 2553 potest,

1997 2569 2105 2630 ubi
2133 2570 2461 2648 distinguit
2486 2570 2564 2630 de
2595 2570 3006 2647 promissione
3038 2569 3206 2630 facta
3234 2568 3350 2628 sub
3380 2585 3525 2628 con·

1996 2662 2232 2724 ditione
2273 2677 2586 2741 expressa,
2618 2662 2670 2723 si
2698 2664 2867 2741 Papa
2896 2661 3370 2740 dispensaverit,
3401 2676 3525 2738 quo

1995 2774 2145 2816 casu
2175 2755 2327 2816 dicit
2355 2774 2525 2816 num.
2590 2759 2666 2817 12
2709 2754 3189 2833 promissionem
3224 2753 3437 2814 valere
3466 2755 3528 2814 et

1996 2848 2276 2927 obligare
2312 2848 2393 2910 ad
2444 2847 2909 2926 procurandam
2956 2847 3520 2925 dispensationem.

1997 2941 2062 3003 Si
2085 2960 2234 3003 vero
2256 2941 2529 3003 conditio
2559 2942 2666 3002 illa
2693 2960 2818 3002 non
2852 2945 3226 3021 apponatur,
3268 2940 3381 3000 sed
3412 2939 3529 3000 ab·

1993 3033 2683 3113 solutatejpromittatur
2710 3034 3201 3109 matrimonium,
3229 3033 3383 3094 dicit
3411 3052 3522 3094 nu.

1995 3130 2093 3188 26.
2126 3145 2251 3188 non
2273 3127 2551 3206 obligare
2584 3127 3064 3206 promissionem
3098 3126 3288 3188 etiam
3310 3124 3390 3185 ad
3420 3144 3526 3205 pe-

1994 3222 2250 3284 tendam
2279 3221 2831 3305 dispensationem.

2076 3317 2225 3375 Haec
2278 3318 2489 3376 tamen
2543 3314 2850 3376 sententia
2908 3314 3116 3395 quoad
3185 3313 3528 3376 secundam

1995 3411 2239 3486 partem
2269 3425 2393 3468 non
2420 3407 2671 3468 videtur
2695 3407 3012 3468 cohaerere
3057 3425 3201 3468 cum
3236 3406 3334 3482 iis,
3386 3423 3526 3486 quae
3596 3419 3603 3426 ‘

1995 3501 2163 3561 idem
2194 3499 2474 3563 Sanchez
2517 3500 2730 3561 docuit
2767 3500 2875 3561 lib.
2917 3501 3022 3561 IX.
3073 3499 3145 3561 de
3187 3499 3525 3559 matrimon.

1996 3594 2156 3672 disp.
2189 3609 2359 3654 me.
2393 3612 2499 3654 nu.
2526 3597 2584 3654 4.
2617 3611 2841 3672 nempe
2871 3612 3038 3669 eum,
3073 3593 3179 3672 qui
3207 3596 3352 3653 voto
3383 3610 3528 3669 pro-

1994 3687 2184 3748 mittit
2211 3704 2346 3746 rem
2370 3686 2668 3766 aliquam,
2702 3705 2892 3764 quam
2920 3687 3158 3765 absque
3187 3684 3526 3764 superioris

1993 3779 2244 3841 licentia
2271 3780 2494 3858 exequi
2536 3796 2659 3840 non
2690 3783 2916 3857 potest,
2962 3778 3228 3858 obligari
3275 3796 3350 3838 ex
3378 3782 3524 3839 voto

1993 3874 2072 3935 ad
2103 3873 2503 3952 petendama
2532 3872 2853 3950 superiore
2893 3872 3210 3932 licentiam
3241 3889 3525 3931 necessa-

1994 3968 2153 4028 riam
2181 3967 2263 4027 ad
2292 3984 2426 4026 rem
2454 3966 2623 4025 illam
2671 3953 3124 4044 exequendam.
3174 3967 3376 4037 Quam
3414 3965 3527 4026 do-

1994 4061 2258 4122 ctrinam
2291 4060 2516 4120 iterum
2547 4077 2620 4118 ex
2650 4058 2928 4137 professo
2961 4058 3151 4119 tradit
3178 4058 3284 4119 lib.
3320 4060 3423 4119 1v.
3459 4056 3529 4118 de

1993 4163 2124 4214 voto
2154 4172 2291 4232 cap.
2325 4169 2470 4213 xxv.
2505 4171 2678 4212 num.
2712 4155 2809 4213 24.
2857 4151 2964 4212 ubi
2995 4152 3059 4211 id
3088 4151 3242 4213 dicit
3268 4152 3524 4212 omnino
3633 4163 3646 4172 ‘

1993 4251 2385 4327 compertum
2414 4251 2477 4308 et
2503 4246 2741 4306 clarum
2770 4264 2927 4319 esse,
2987 4249 3051 4306 et
3077 4264 3182 4306 nu.
3216 4248 3314 4306 34.
3350 4245 3519 4321 dicit,

1992 4341 2161 4402 idem
2188 4339 2527 4401 tenendum
2558 4357 2691 4400 esse
2722 4338 2800 4399 de
2845 4338 2981 4399 aliis
3010 4337 3525 4416 promissionibus

1991 4432 2304 4504 humanis,
2356 4435 2545 4511 atque
2580 4431 2721 4491 ideo
2762 4430 3150 4509 religiosum,
3203 4430 3255 4490 si
3285 4428 3523 4509 aliquid

1990 4526 2277 4606 promisit
2304 4525 2469 4605 quod
2500 4524 2634 4584 sine
2678 4524 2923 4603 praelati
2972 4523 3221 4585 licentia
3273 4521 3518 4603 exequi,

1988 4620 2089 4680 vel
2118 4619 2268 4679 dare
2317 4636 2442 4678 non
2470 4620 2696 4695 potest,
2744 4616 2941 4679 teneri
2991 4635 3067 4677 ex
3111 4614 3523 4695 promissione

1989 4711 2071 4772 ad
2117 4711 2456 4789 petendam
2499 4710 2850 4779 licentiam;
2910 4709 3080 4789 quod
3125 4708 3293 4769 idem
3339 4707 3525 4768 docet

1991 4806 2171 4866 Suar.
2223 4808 2375 4865 tom.
2409 4804 2483 4864 11.
2534 4801 2606 4863 de
2634 4802 2932 4882 Reliqione
2974 4801 3082 4862 lib.
3136 4817 3229 4862 111.
3276 4799 3347 4860 de
3391 4808 3521 4860 voto

1988 4915 2126 4975 cap.
2163 4912 2299 4957 vm.
2335 4915 2439 4956 nu.
2476 4899 2572 4956 16.
2610 4895 2788 4957 Unde
2816 4895 2985 4955 idem
3014 4893 3296 4956 Sanchez
3325 4912 3388 4953 n.
3413 4895 3514 4955 36.

1986 4990 2218 5051 fatetur
2245 4989 2609 5069 episcopum
2639 4994 2971 5051 voventem
3000 4988 3351 5066 ingressum
3379 4985 3521 5046 reli-

1987 5082 2211 5162 gioniS,
2264 5099 2336 5143 eo
2369 5081 2505 5160 ipso
2549 5081 2809 5160 obligari
2840 5081 2919 5141 ad
2968 5079 3303 5159 petendam
3332 5078 3519 5140 licen-

1988 5176 2141 5238 tiam
2170 5194 2207 5235 a
2255 5192 2500 5236 summo
2549 5175 2868 5263 pontifice.
2931 5173 3259 5235 Rationem
3307 5175 3517 5233 autem

1988 5268 2349 5349 generalem
2374 5266 2584 5328 reddit
2611 5284 2783 5327 num.
2812 5269 2906 5328 ¹8.
2938 5271 3001 5327 et
3025 5269 3123 5326 27.
3161 5264 3310 5345 quia
3334 5264 3398 5325 in
3421 5264 3518 5325 his

1991 5361 2151 5422 votis
2179 5360 2546 5438 intelligitur
2570 5360 2760 5420 tacita
2805 5358 3102 5436 conditio,
3153 5358 3204 5419 si
3235 5358 3520 5437 superior

1987 5453 2303 5516 licentiam
2332 5452 2596 5529 dederit,
2645 5452 2921 5533 alioquin
2950 5456 3166 5515 votum
3194 5454 3358 5516 esset
3383 5450 3518 5513 irri-

3674 1264 3788 1327 {23

1995 1363 2389 1442 promittere.
2423 1363 2502 1425 de
2532 1364 2651 1425 hoc
2694 1368 2908 1425 tamen
2962 1361 3199 1422 dictum
3228 1364 3322 1422 est
3374 1358 3524 1420 satis
3629 1391 3746 1445 Quid
3780 1392 3819 1434 ᾗ

1996 1456 2154 1536 disp.
2215 1456 2572 1535 praecedent
2614 1461 2767 1518 sect.
2820 1473 2881 1518 x.
2917 1454 3161 1534 agendo
3194 1454 3272 1514 de
3310 1454 3387 1514 lis
3415 1451 3524 1531 qui
3573 1444 3873 1563 ffgggmffi·
3972 1478 3977 1485 -

1995 1553 2257 1627 possunt
2284 1549 2652 1611 contrahere
2683 1553 2747 1610 et
2772 1568 2837 1610 se
2875 1548 3176 1628 obligare.
3236 1544 3524 1608 Dubitari
3574 1565 3649 1609 κο
3689 1553 3793 1595 licen
3797 1552 3868 1597 ιιι.
