<?xml version="1.0" encoding="UTF-8"?>
<!DOCTYPE html PUBLIC "-//W3C//DTD XHTML 1.0 Transitional//EN"
    "http://www.w3.org/TR/xhtml1/DTD/xhtml1-transitional.dtd">
<html xmlns="http://www.w3.org/1999/xhtml" xml:lang="en" lang="en">
 <head>
  <title>
</title>
<meta http-equiv="Content-Type" content="text/html;charset=utf-8" />
  <meta name='ocr-system' content='tesseract 3.04.00' />
  <meta name='ocr-capabilities' content='ocr_page ocr_carea ocr_par ocr_line ocrx_word'/>
</head>
<body>
  <div class='ocr_page' id='page_1' title='image "./joannisdelugodi00lugogoog_0825.png"; bbox 0 0 4263 6376; ppageno 0'>
   <div class='ocr_carea' id='block_1_1' title="bbox 1200 391 2307 468">
    <p class='ocr_par' dir='ltr' id='par_1_1' title="bbox 1200 391 2307 468">
     <span class='ocr_line' id='line_1_1' title="bbox 1200 391 2307 468; baseline 0.006 -16"><span class='ocrx_word' id='word_1_1' title='bbox 1200 391 1669 454; x_wconf 84' lang='lat' dir='ltr'>DISPUTATIO</span> <span class='ocrx_word' id='word_1_2' title='bbox 1712 392 1837 468; x_wconf 88' lang='lat' dir='ltr'>XL,</span> <span class='ocrx_word' id='word_1_3' title='bbox 1886 393 2161 456; x_wconf 86' lang='lat' dir='ltr'>SECTIO</span> <span class='ocrx_word' id='word_1_4' title='bbox 2204 397 2307 459; x_wconf 90' lang='lat' dir='ltr'>lv.</span> 
     </span>
    </p>
   </div>
   <div class='ocr_carea' id='block_1_2' title="bbox 161 568 1737 5477">
    <p class='ocr_par' dir='ltr' id='par_1_2' title="bbox 161 568 1713 2129">
     <span class='ocr_line' id='line_1_2' title="bbox 161 568 1698 648; baseline 0.003 -22"><span class='ocrx_word' id='word_1_5' title='bbox 161 570 370 628; x_wconf 90' lang='lat' dir='ltr'>mctur</span> <span class='ocrx_word' id='word_1_6' title='bbox 399 587 587 647; x_wconf 84' lang='lat' dir='ltr'>poena</span> <span class='ocrx_word' id='word_1_7' title='bbox 614 568 832 630; x_wconf 91' lang='lat' dir='ltr'>mortis</span> <span class='ocrx_word' id='word_1_8' title='bbox 860 569 1148 648; x_wconf 83' lang='lat' dir='ltr'>injustae,</span> <span class='ocrx_word' id='word_1_9' title='bbox 1214 574 1322 632; x_wconf 90' lang='lat' dir='ltr'>aut</span> <span class='ocrx_word' id='word_1_10' title='bbox 1365 570 1698 632; x_wconf 89' lang='lat' dir='ltr'>mutilatio-</span> 
     </span>
     <span class='ocr_line' id='line_1_3' title="bbox 164 662 1703 743; baseline 0.002 -23"><span class='ocrx_word' id='word_1_11' title='bbox 164 680 330 721; x_wconf 90' lang='lat' dir='ltr'>nem.</span> <span class='ocrx_word' id='word_1_12' title='bbox 392 663 566 722; x_wconf 86' lang='lat' dir='ltr'>Hanc</span> <span class='ocrx_word' id='word_1_13' title='bbox 614 666 828 724; x_wconf 86' lang='lat' dir='ltr'>tenent</span> <span class='ocrx_word' id='word_1_14' title='bbox 855 663 1036 724; x_wconf 92' lang='lat' dir='ltr'>multi</span> <span class='ocrx_word' id='word_1_15' title='bbox 1056 662 1298 743; x_wconf 83' lang='lat' dir='ltr'>juristae</span> <span class='ocrx_word' id='word_1_16' title='bbox 1330 664 1497 742; x_wconf 89' lang='lat' dir='ltr'>apud</span> <span class='ocrx_word' id='word_1_17' title='bbox 1526 682 1703 724; x_wconf 87' lang='lat' dir='ltr'>eum-</span> 
     </span>
     <span class='ocr_line' id='line_1_4' title="bbox 165 754 1701 818; baseline 0.002 -6"><span class='ocrx_word' id='word_1_18' title='bbox 165 754 310 812; x_wconf 90' lang='lat' dir='ltr'>dem</span> <span class='ocrx_word' id='word_1_19' title='bbox 344 754 627 815; x_wconf 87' lang='lat' dir='ltr'>Sanchez</span> <span class='ocrx_word' id='word_1_20' title='bbox 660 774 763 815; x_wconf 90' lang='lat' dir='ltr'>nu.</span> <span class='ocrx_word' id='word_1_21' title='bbox 799 759 901 817; x_wconf 78' lang='lat'>27.</span> <span class='ocrx_word' id='word_1_22' title='bbox 953 755 1164 817; x_wconf 88' lang='lat' dir='ltr'>Tertia</span> <span class='ocrx_word' id='word_1_23' title='bbox 1193 758 1507 818; x_wconf 85' lang='lat' dir='ltr'>sententia</span> <span class='ocrx_word' id='word_1_24' title='bbox 1534 757 1701 816; x_wconf 91' lang='lat' dir='ltr'>idem</span> 
     </span>
     <span class='ocr_line' id='line_1_5' title="bbox 164 847 1701 929; baseline 0.001 -24"><span class='ocrx_word' id='word_1_25' title='bbox 164 847 369 923; x_wconf 89' lang='lat' dir='ltr'>docet,</span> <span class='ocrx_word' id='word_1_26' title='bbox 390 848 642 926; x_wconf 86' lang='lat' dir='ltr'>quando</span> <span class='ocrx_word' id='word_1_27' title='bbox 664 848 918 910; x_wconf 88' lang='lat' dir='ltr'>timetur</span> <span class='ocrx_word' id='word_1_28' title='bbox 938 850 1380 929; x_wconf 89' lang='lat' dir='ltr'>quodcumque</span> <span class='ocrx_word' id='word_1_29' title='bbox 1401 850 1701 929; x_wconf 89' lang='lat' dir='ltr'>injustum</span> 
     </span>
     <span class='ocr_line' id='line_1_6' title="bbox 163 939 1702 1021; baseline 0.001 -23"><span class='ocrx_word' id='word_1_30' title='bbox 163 939 514 1019; x_wconf 87' lang='lat' dir='ltr'>periculum</span> <span class='ocrx_word' id='word_1_31' title='bbox 554 940 617 1001; x_wconf 95' lang='lat' dir='ltr'>in</span> <span class='ocrx_word' id='word_1_32' title='bbox 665 959 956 1021; x_wconf 89' lang='lat' dir='ltr'>persona.</span> <span class='ocrx_word' id='word_1_33' title='bbox 1019 942 1252 1015; x_wconf 88' lang='lat' dir='ltr'>Quarta</span> <span class='ocrx_word' id='word_1_34' title='bbox 1301 942 1579 1005; x_wconf 84' lang='lat' dir='ltr'>extendit</span> <span class='ocrx_word' id='word_1_35' title='bbox 1622 941 1702 1000; x_wconf 89' lang='lat' dir='ltr'>ad</span> 
     </span>
     <span class='ocr_line' id='line_1_7' title="bbox 165 1034 1704 1116; baseline 0.002 -25"><span class='ocrx_word' id='word_1_36' title='bbox 165 1051 384 1093; x_wconf 87' lang='lat' dir='ltr'>casum</span> <span class='ocrx_word' id='word_1_37' title='bbox 438 1034 689 1113; x_wconf 88' lang='lat' dir='ltr'>quando</span> <span class='ocrx_word' id='word_1_38' title='bbox 735 1035 994 1096; x_wconf 86' lang='lat' dir='ltr'>timetur</span> <span class='ocrx_word' id='word_1_39' title='bbox 1022 1035 1326 1115; x_wconf 85' lang='lat' dir='ltr'>injustum</span> <span class='ocrx_word' id='word_1_40' title='bbox 1355 1036 1704 1116; x_wconf 87' lang='lat' dir='ltr'>periculum</span> 
     </span>
     <span class='ocr_line' id='line_1_8' title="bbox 166 1124 1705 1204; baseline 0.001 -19"><span class='ocrx_word' id='word_1_41' title='bbox 166 1124 437 1186; x_wconf 87' lang='lat' dir='ltr'>etiamin</span> <span class='ocrx_word' id='word_1_42' title='bbox 464 1145 532 1187; x_wconf 89' lang='lat' dir='ltr'>re</span> <span class='ocrx_word' id='word_1_43' title='bbox 561 1127 874 1204; x_wconf 82' lang='lat' dir='ltr'><strong>familiari,</strong></span> <span class='ocrx_word' id='word_1_44' title='bbox 910 1129 1008 1189; x_wconf 85' lang='lat' dir='ltr'>vel</span> <span class='ocrx_word' id='word_1_45' title='bbox 1036 1127 1099 1189; x_wconf 92' lang='lat' dir='ltr'>in</span> <span class='ocrx_word' id='word_1_46' title='bbox 1130 1130 1299 1188; x_wconf 89' lang='lat' dir='ltr'>fama</span> <span class='ocrx_word' id='word_1_47' title='bbox 1331 1147 1344 1189; x_wconf 89' lang='lat'><strong>:</strong></span> <span class='ocrx_word' id='word_1_48' title='bbox 1380 1133 1443 1189; x_wconf 90' lang='lat' dir='ltr'>et</span> <span class='ocrx_word' id='word_1_49' title='bbox 1471 1128 1591 1189; x_wconf 85' lang='lat' dir='ltr'>hoc</span> <span class='ocrx_word' id='word_1_50' title='bbox 1622 1126 1705 1186; x_wconf 87' lang='lat' dir='ltr'>si-</span> 
     </span>
     <span class='ocr_line' id='line_1_9' title="bbox 164 1219 1704 1301; baseline 0.001 -23"><span class='ocrx_word' id='word_1_51' title='bbox 164 1237 240 1278; x_wconf 74' lang='lat' dir='ltr'>ve</span> <span class='ocrx_word' id='word_1_52' title='bbox 271 1237 491 1279; x_wconf 88' lang='lat' dir='ltr'>carcer</span> <span class='ocrx_word' id='word_1_53' title='bbox 514 1219 733 1281; x_wconf 81' lang='lat' dir='ltr'>suisset</span> <span class='ocrx_word' id='word_1_54' title='bbox 754 1219 962 1299; x_wconf 88' lang='lat' dir='ltr'>justus</span> <span class='ocrx_word' id='word_1_55' title='bbox 983 1220 1081 1281; x_wconf 80' lang='lat' dir='ltr'>vel</span> <span class='ocrx_word' id='word_1_56' title='bbox 1106 1221 1393 1301; x_wconf 76' lang='lat' dir='ltr'>injustae.</span> <span class='ocrx_word' id='word_1_57' title='bbox 1428 1222 1602 1282; x_wconf 89' lang='lat' dir='ltr'>Hanc</span> <span class='ocrx_word' id='word_1_58' title='bbox 1617 1223 1704 1281; x_wconf 89' lang='lat' dir='ltr'>te-</span> 
     </span>
     <span class='ocr_line' id='line_1_10' title="bbox 167 1311 1700 1393; baseline 0.003 -23"><span class='ocrx_word' id='word_1_59' title='bbox 167 1315 276 1372; x_wconf 87' lang='lat' dir='ltr'>net</span> <span class='ocrx_word' id='word_1_60' title='bbox 325 1313 609 1389; x_wconf 85' lang='lat' dir='ltr'>Vasquez</span> <span class='ocrx_word' id='word_1_61' title='bbox 658 1311 764 1372; x_wconf 82' lang='lat' dir='ltr'>ubi</span> <span class='ocrx_word' id='word_1_62' title='bbox 809 1331 998 1391; x_wconf 88' lang='lat' dir='ltr'>supra</span> <span class='ocrx_word' id='word_1_63' title='bbox 1050 1332 1222 1374; x_wconf 88' lang='lat' dir='ltr'>num.</span> <span class='ocrx_word' id='word_1_64' title='bbox 1273 1317 1372 1375; x_wconf 84' lang='lat'>35.</span> <span class='ocrx_word' id='word_1_65' title='bbox 1420 1317 1482 1375; x_wconf 88' lang='lat' dir='ltr'>et</span> <span class='ocrx_word' id='word_1_66' title='bbox 1524 1332 1700 1393; x_wconf 86' lang='lat' dir='ltr'>seqq.</span> 
     </span>
     <span class='ocr_line' id='line_1_11' title="bbox 169 1403 1709 1484; baseline 0.002 -22"><span class='ocrx_word' id='word_1_67' title='bbox 169 1403 403 1475; x_wconf 87' lang='lat' dir='ltr'>Quinta</span> <span class='ocrx_word' id='word_1_68' title='bbox 449 1406 759 1466; x_wconf 88' lang='lat' dir='ltr'>sententia</span> <span class='ocrx_word' id='word_1_69' title='bbox 802 1405 988 1467; x_wconf 84' lang='lat' dir='ltr'>docet</span> <span class='ocrx_word' id='word_1_70' title='bbox 1015 1407 1333 1484; x_wconf 84' lang='lat' dir='ltr'>obligare,</span> <span class='ocrx_word' id='word_1_71' title='bbox 1394 1407 1447 1467; x_wconf 89' lang='lat' dir='ltr'>si</span> <span class='ocrx_word' id='word_1_72' title='bbox 1494 1425 1709 1466; x_wconf 87' lang='lat' dir='ltr'>carcer</span> 
     </span>
     <span class='ocr_line' id='line_1_12' title="bbox 167 1495 1706 1578; baseline 0.002 -24"><span class='ocrx_word' id='word_1_73' title='bbox 167 1499 306 1556; x_wconf 87' lang='lat' dir='ltr'>erat</span> <span class='ocrx_word' id='word_1_74' title='bbox 325 1495 556 1574; x_wconf 82' lang='lat' dir='ltr'>justus,</span> <span class='ocrx_word' id='word_1_75' title='bbox 587 1495 733 1558; x_wconf 89' lang='lat' dir='ltr'>licet</span> <span class='ocrx_word' id='word_1_76' title='bbox 749 1497 1048 1558; x_wconf 85' lang='lat' dir='ltr'>timeatu&#39;r</span> <span class='ocrx_word' id='word_1_77' title='bbox 1067 1518 1257 1578; x_wconf 85' lang='lat' dir='ltr'>poena</span> <span class='ocrx_word' id='word_1_78' title='bbox 1271 1498 1355 1578; x_wconf 84' lang='lat' dir='ltr'>inj</span> <span class='ocrx_word' id='word_1_79' title='bbox 1365 1501 1706 1560; x_wconf 84' lang='lat' dir='ltr'>usta.Hanc</span> 
     </span>
     <span class='ocr_line' id='line_1_13' title="bbox 167 1590 1700 1670; baseline 0.001 -21"><span class='ocrx_word' id='word_1_80' title='bbox 167 1591 345 1649; x_wconf 87' lang='lat' dir='ltr'>tenet</span> <span class='ocrx_word' id='word_1_81' title='bbox 372 1590 689 1650; x_wconf 83' lang='lat' dir='ltr'>Navarrus</span> <span class='ocrx_word' id='word_1_82' title='bbox 719 1590 780 1649; x_wconf 81' lang='lat' dir='ltr'>in</span> <span class='ocrx_word' id='word_1_83' title='bbox 807 1591 1066 1652; x_wconf 79' lang='lat' dir='ltr'>manual.</span> <span class='ocrx_word' id='word_1_84' title='bbox 1122 1611 1260 1670; x_wconf 88' lang='lat' dir='ltr'>cap.</span> <span class='ocrx_word' id='word_1_85' title='bbox 1295 1609 1406 1652; x_wconf 77' lang='grc' dir='ltr'>ΧΠ.</span> <span class='ocrx_word' id='word_1_86' title='bbox 1462 1610 1568 1653; x_wconf 92' lang='lat' dir='ltr'>nu.</span> <span class='ocrx_word' id='word_1_87' title='bbox 1608 1594 1700 1652; x_wconf 76' lang='lat'>18.</span> 
     </span>
     <span class='ocr_line' id='line_1_14' title="bbox 168 1680 1706 1762; baseline 0.001 -22"><span class='ocrx_word' id='word_1_88' title='bbox 168 1680 453 1759; x_wconf 89' lang='lat' dir='ltr'>Denique</span> <span class='ocrx_word' id='word_1_89' title='bbox 482 1680 587 1742; x_wconf 90' lang='lat' dir='ltr'>alii</span> <span class='ocrx_word' id='word_1_90' title='bbox 608 1682 852 1743; x_wconf 89' lang='lat' dir='ltr'>addunt</span> <span class='ocrx_word' id='word_1_91' title='bbox 874 1728 890 1758; x_wconf 93' lang='lat'>,</span> <span class='ocrx_word' id='word_1_92' title='bbox 926 1701 1071 1743; x_wconf 89' lang='lat' dir='ltr'>eum</span> <span class='ocrx_word' id='word_1_93' title='bbox 1101 1684 1209 1762; x_wconf 90' lang='lat' dir='ltr'>qui</span> <span class='ocrx_word' id='word_1_94' title='bbox 1239 1684 1414 1745; x_wconf 90' lang='lat' dir='ltr'>timet</span> <span class='ocrx_word' id='word_1_95' title='bbox 1442 1687 1706 1744; x_wconf 89' lang='lat' dir='ltr'>mortem</span> 
     </span>
     <span class='ocr_line' id='line_1_15' title="bbox 166 1773 1708 1853; baseline 0.003 -21"><span class='ocrx_word' id='word_1_96' title='bbox 166 1773 489 1852; x_wconf 77' lang='lat' dir='ltr'>injustam,</span> <span class='ocrx_word' id='word_1_97' title='bbox 517 1792 640 1834; x_wconf 89' lang='lat' dir='ltr'>non</span> <span class='ocrx_word' id='word_1_98' title='bbox 661 1775 861 1835; x_wconf 88' lang='lat' dir='ltr'>solum</span> <span class='ocrx_word' id='word_1_99' title='bbox 880 1794 1004 1836; x_wconf 90' lang='lat' dir='ltr'>non</span> <span class='ocrx_word' id='word_1_100' title='bbox 1035 1776 1254 1853; x_wconf 90' lang='lat' dir='ltr'>teneri,</span> <span class='ocrx_word' id='word_1_101' title='bbox 1284 1776 1393 1836; x_wconf 91' lang='lat' dir='ltr'>sed</span> <span class='ocrx_word' id='word_1_102' title='bbox 1425 1795 1541 1836; x_wconf 89' lang='lat' dir='ltr'>nec</span> <span class='ocrx_word' id='word_1_103' title='bbox 1571 1794 1708 1853; x_wconf 88' lang='lat' dir='ltr'>pos-</span> 
     </span>
     <span class='ocr_line' id='line_1_16' title="bbox 171 1864 1709 1948; baseline 0.003 -24"><span class='ocrx_word' id='word_1_104' title='bbox 171 1884 241 1925; x_wconf 90' lang='lat' dir='ltr'>se</span> <span class='ocrx_word' id='word_1_105' title='bbox 268 1864 435 1926; x_wconf 91' lang='lat' dir='ltr'>licite</span> <span class='ocrx_word' id='word_1_106' title='bbox 464 1866 669 1927; x_wconf 86' lang='lat' dir='ltr'>redire</span> <span class='ocrx_word' id='word_1_107' title='bbox 694 1868 776 1928; x_wconf 90' lang='lat' dir='ltr'>ad</span> <span class='ocrx_word' id='word_1_108' title='bbox 809 1885 1153 1945; x_wconf 80' lang='lat' dir='ltr'>carcerem,</span> <span class='ocrx_word' id='word_1_109' title='bbox 1186 1869 1334 1948; x_wconf 88' lang='lat' dir='ltr'>quia</span> <span class='ocrx_word' id='word_1_110' title='bbox 1363 1873 1456 1930; x_wconf 89' lang='lat' dir='ltr'>est</span> <span class='ocrx_word' id='word_1_111' title='bbox 1484 1871 1709 1929; x_wconf 82' lang='lat' dir='ltr'>offerre</span> 
     </span>
     <span class='ocr_line' id='line_1_17' title="bbox 169 1960 1713 2040; baseline 0.002 -22"><span class='ocrx_word' id='word_1_112' title='bbox 169 1976 241 2018; x_wconf 91' lang='lat' dir='ltr'>se</span> <span class='ocrx_word' id='word_1_113' title='bbox 271 1961 506 2019; x_wconf 88' lang='lat' dir='ltr'>temere</span> <span class='ocrx_word' id='word_1_114' title='bbox 534 1960 742 2020; x_wconf 87' lang='lat' dir='ltr'>morti.</span> <span class='ocrx_word' id='word_1_115' title='bbox 801 1962 896 2021; x_wconf 89' lang='lat' dir='ltr'>Ita</span> <span class='ocrx_word' id='word_1_116' title='bbox 922 1962 1207 2040; x_wconf 87' lang='lat' dir='ltr'>Vasquez</span> <span class='ocrx_word' id='word_1_117' title='bbox 1234 1963 1372 2023; x_wconf 91' lang='lat' dir='ltr'>loco</span> <span class='ocrx_word' id='word_1_118' title='bbox 1404 1961 1615 2038; x_wconf 87' lang='lat' dir='ltr'>citato,</span> <span class='ocrx_word' id='word_1_119' title='bbox 1651 1964 1713 2021; x_wconf 91' lang='lat' dir='ltr'>et</span> 
     </span>
     <span class='ocr_line' id='line_1_18' title="bbox 172 2050 1023 2129; baseline 0.005 -19"><span class='ocrx_word' id='word_1_120' title='bbox 172 2050 285 2110; x_wconf 87' lang='lat' dir='ltr'>alii</span> <span class='ocrx_word' id='word_1_121' title='bbox 315 2051 482 2129; x_wconf 88' lang='lat' dir='ltr'>apud</span> <span class='ocrx_word' id='word_1_122' title='bbox 515 2051 795 2113; x_wconf 88' lang='lat' dir='ltr'>Sanchez</span> <span class='ocrx_word' id='word_1_123' title='bbox 825 2071 889 2113; x_wconf 89' lang='lat' dir='ltr'>n.</span> <span class='ocrx_word' id='word_1_124' title='bbox 924 2056 1023 2114; x_wconf 80' lang='lat'>31.</span> 
     </span>
    </p>

    <p class='ocr_par' dir='ltr' id='par_1_3' title="bbox 169 2144 1737 5477">
     <span class='ocr_line' id='line_1_19' title="bbox 257 2144 1707 2226; baseline 0.003 -23"><span class='ocrx_word' id='word_1_125' title='bbox 257 2144 422 2206; x_wconf 91' lang='lat' dir='ltr'>lnter</span> <span class='ocrx_word' id='word_1_126' title='bbox 446 2144 560 2205; x_wconf 88' lang='lat' dir='ltr'>has</span> <span class='ocrx_word' id='word_1_127' title='bbox 603 2145 942 2206; x_wconf 86' lang='lat' dir='ltr'>sententias</span> <span class='ocrx_word' id='word_1_128' title='bbox 985 2145 1372 2226; x_wconf 83' lang='lat' dir='ltr'>probabilius</span> <span class='ocrx_word' id='word_1_129' title='bbox 1410 2145 1564 2206; x_wconf 90' lang='lat' dir='ltr'>mihi</span> <span class='ocrx_word' id='word_1_130' title='bbox 1593 2150 1707 2222; x_wconf 90' lang='lat' dir='ltr'>est,</span> 
     </span>
     <span class='ocr_line' id='line_1_20' title="bbox 171 2236 1713 2318; baseline 0.002 -22"><span class='ocrx_word' id='word_1_131' title='bbox 171 2236 552 2314; x_wconf 83' lang='lat' dir='ltr'>regulariter</span> <span class='ocrx_word' id='word_1_132' title='bbox 576 2237 891 2317; x_wconf 91' lang='lat' dir='ltr'>loquendo</span> <span class='ocrx_word' id='word_1_133' title='bbox 915 2284 931 2315; x_wconf 96' lang='lat'>,</span> <span class='ocrx_word' id='word_1_134' title='bbox 964 2239 1118 2299; x_wconf 92' lang='lat' dir='ltr'>illud</span> <span class='ocrx_word' id='word_1_135' title='bbox 1141 2238 1572 2318; x_wconf 87' lang='lat' dir='ltr'>juramentum</span> <span class='ocrx_word' id='word_1_136' title='bbox 1602 2238 1713 2299; x_wconf 87' lang='lat' dir='ltr'>ob-</span> 
     </span>
     <span class='ocr_line' id='line_1_21' title="bbox 169 2329 1711 2408; baseline 0.002 -20"><span class='ocrx_word' id='word_1_137' title='bbox 169 2329 395 2408; x_wconf 89' lang='lat' dir='ltr'>ligare,</span> <span class='ocrx_word' id='word_1_138' title='bbox 431 2330 731 2408; x_wconf 82' lang='lat' dir='ltr'>quamdiu</span> <span class='ocrx_word' id='word_1_139' title='bbox 762 2348 887 2390; x_wconf 90' lang='lat' dir='ltr'>non</span> <span class='ocrx_word' id='word_1_140' title='bbox 918 2330 1236 2392; x_wconf 84' lang='lat' dir='ltr'>relaxatur</span> <span class='ocrx_word' id='word_1_141' title='bbox 1257 2377 1272 2408; x_wconf 93' lang='lat'>,</span> <span class='ocrx_word' id='word_1_142' title='bbox 1308 2331 1550 2393; x_wconf 86' lang='lat' dir='ltr'>etiarnsi</span> <span class='ocrx_word' id='word_1_143' title='bbox 1580 2349 1711 2391; x_wconf 91' lang='lat' dir='ltr'>car-</span> 
     </span>
     <span class='ocr_line' id='line_1_22' title="bbox 172 2421 1713 2504; baseline 0 -21"><span class='ocrx_word' id='word_1_144' title='bbox 172 2440 283 2483; x_wconf 89' lang='lat' dir='ltr'>cer</span> <span class='ocrx_word' id='word_1_145' title='bbox 310 2424 475 2483; x_wconf 86' lang='lat' dir='ltr'>esset</span> <span class='ocrx_word' id='word_1_146' title='bbox 501 2421 770 2502; x_wconf 86' lang='lat' dir='ltr'>injustus</span> <span class='ocrx_word' id='word_1_147' title='bbox 823 2428 885 2484; x_wconf 91' lang='lat' dir='ltr'>et</span> <span class='ocrx_word' id='word_1_148' title='bbox 928 2442 1117 2502; x_wconf 85' lang='lat' dir='ltr'>poena</span> <span class='ocrx_word' id='word_1_149' title='bbox 1164 2424 1354 2486; x_wconf 90' lang='lat' dir='ltr'>etiam</span> <span class='ocrx_word' id='word_1_150' title='bbox 1384 2424 1617 2504; x_wconf 89' lang='lat' dir='ltr'>injusta</span> <span class='ocrx_word' id='word_1_151' title='bbox 1640 2424 1713 2484; x_wconf 91' lang='lat' dir='ltr'>ti-</span> 
     </span>
     <span class='ocr_line' id='line_1_23' title="bbox 171 2516 1715 2595; baseline 0.001 -21"><span class='ocrx_word' id='word_1_152' title='bbox 171 2516 447 2576; x_wconf 84' lang='lat' dir='ltr'>meatur.</span> <span class='ocrx_word' id='word_1_153' title='bbox 505 2517 679 2576; x_wconf 87' lang='lat' dir='ltr'>Hanc</span> <span class='ocrx_word' id='word_1_154' title='bbox 706 2517 927 2577; x_wconf 89' lang='lat' dir='ltr'>tenent</span> <span class='ocrx_word' id='word_1_155' title='bbox 953 2518 1231 2595; x_wconf 86' lang='lat' dir='ltr'>Angelus</span> <span class='ocrx_word' id='word_1_156' title='bbox 1255 2563 1271 2594; x_wconf 90' lang='lat'>,</span> <span class='ocrx_word' id='word_1_157' title='bbox 1308 2517 1559 2579; x_wconf 84' lang='lat' dir='ltr'>Silvest.</span> <span class='ocrx_word' id='word_1_158' title='bbox 1594 2519 1715 2578; x_wconf 88' lang='lat' dir='ltr'>Ta-</span> 
     </span>
     <span class='ocr_line' id='line_1_24' title="bbox 169 2607 1716 2689; baseline 0.001 -22"><span class='ocrx_word' id='word_1_159' title='bbox 169 2607 366 2667; x_wconf 85' lang='lat' dir='ltr'>biena</span> <span class='ocrx_word' id='word_1_160' title='bbox 387 2653 403 2683; x_wconf 92' lang='lat'>,</span> <span class='ocrx_word' id='word_1_161' title='bbox 438 2607 731 2684; x_wconf 86' lang='lat' dir='ltr'>Armilla,</span> <span class='ocrx_word' id='word_1_162' title='bbox 782 2607 981 2670; x_wconf 80' lang='lat' dir='ltr'>Tolet.</span> <span class='ocrx_word' id='word_1_163' title='bbox 1035 2611 1098 2670; x_wconf 81' lang='lat' dir='ltr'>&#39;et</span> <span class='ocrx_word' id='word_1_164' title='bbox 1124 2609 1228 2670; x_wconf 89' lang='lat' dir='ltr'>alii</span> <span class='ocrx_word' id='word_1_165' title='bbox 1260 2628 1416 2689; x_wconf 87' lang='lat' dir='ltr'>quos</span> <span class='ocrx_word' id='word_1_166' title='bbox 1446 2611 1628 2670; x_wconf 80' lang='lat' dir='ltr'>affert</span> <span class='ocrx_word' id='word_1_167' title='bbox 1654 2612 1716 2669; x_wconf 90' lang='lat' dir='ltr'>et</span> 
     </span>
     <span class='ocr_line' id='line_1_25' title="bbox 172 2699 1710 2780; baseline 0.001 -21"><span class='ocrx_word' id='word_1_168' title='bbox 172 2699 461 2779; x_wconf 87' lang='lat' dir='ltr'>sequitur</span> <span class='ocrx_word' id='word_1_169' title='bbox 489 2699 719 2763; x_wconf 89' lang='lat' dir='ltr'>Sanch.</span> <span class='ocrx_word' id='word_1_170' title='bbox 753 2718 924 2760; x_wconf 92' lang='lat' dir='ltr'>num.</span> <span class='ocrx_word' id='word_1_171' title='bbox 969 2703 1066 2762; x_wconf 76' lang='lat'>32.</span> <span class='ocrx_word' id='word_1_172' title='bbox 1103 2702 1333 2762; x_wconf 86' lang='lat' dir='ltr'>Suarez</span> <span class='ocrx_word' id='word_1_173' title='bbox 1366 2702 1473 2763; x_wconf 88' lang='lat' dir='ltr'>ubi</span> <span class='ocrx_word' id='word_1_174' title='bbox 1499 2720 1710 2780; x_wconf 90' lang='lat' dir='ltr'>supra,</span> 
     </span>
     <span class='ocr_line' id='line_1_26' title="bbox 169 2792 1717 2872; baseline -0.001 -19"><span class='ocrx_word' id='word_1_175' title='bbox 169 2792 446 2869; x_wconf 81' lang='lat' dir='ltr'>LessiuS,</span> <span class='ocrx_word' id='word_1_176' title='bbox 480 2796 541 2853; x_wconf 91' lang='lat' dir='ltr'>et</span> <span class='ocrx_word' id='word_1_177' title='bbox 570 2792 746 2853; x_wconf 87' lang='lat' dir='ltr'>Salas</span> <span class='ocrx_word' id='word_1_178' title='bbox 775 2792 927 2852; x_wconf 90' lang='lat' dir='ltr'>locis</span> <span class='ocrx_word' id='word_1_179' title='bbox 958 2793 1181 2854; x_wconf 79' lang='lat' dir='ltr'>citatis,</span> <span class='ocrx_word' id='word_1_180' title='bbox 1215 2794 1546 2869; x_wconf 83' lang='lat' dir='ltr'>Probatur,</span> <span class='ocrx_word' id='word_1_181' title='bbox 1570 2793 1717 2872; x_wconf 87' lang='lat' dir='ltr'>quia</span> 
     </span>
     <span class='ocr_line' id='line_1_27' title="bbox 175 2884 1714 2964; baseline -0.001 -19"><span class='ocrx_word' id='word_1_182' title='bbox 175 2884 346 2946; x_wconf 88' lang='lat' dir='ltr'>istud</span> <span class='ocrx_word' id='word_1_183' title='bbox 373 2888 801 2964; x_wconf 76' lang='lat' dir='ltr'>juramentum</span> <span class='ocrx_word' id='word_1_184' title='bbox 831 2888 923 2945; x_wconf 91' lang='lat' dir='ltr'>est</span> <span class='ocrx_word' id='word_1_185' title='bbox 952 2885 1029 2945; x_wconf 88' lang='lat' dir='ltr'>de</span> <span class='ocrx_word' id='word_1_186' title='bbox 1058 2904 1126 2945; x_wconf 93' lang='lat' dir='ltr'>rc</span> <span class='ocrx_word' id='word_1_187' title='bbox 1157 2885 1361 2962; x_wconf 89' lang='lat' dir='ltr'>licita,</span> <span class='ocrx_word' id='word_1_188' title='bbox 1388 2887 1714 2964; x_wconf 89' lang='lat' dir='ltr'>juramen-</span> 
     </span>
     <span class='ocr_line' id='line_1_28' title="bbox 175 2977 1717 3058; baseline -0.001 -18"><span class='ocrx_word' id='word_1_189' title='bbox 175 2981 314 3040; x_wconf 90' lang='lat' dir='ltr'>tum</span> <span class='ocrx_word' id='word_1_190' title='bbox 342 2981 551 3038; x_wconf 89' lang='lat' dir='ltr'>autem</span> <span class='ocrx_word' id='word_1_191' title='bbox 581 2977 658 3036; x_wconf 91' lang='lat' dir='ltr'>de</span> <span class='ocrx_word' id='word_1_192' title='bbox 686 2996 753 3037; x_wconf 92' lang='lat' dir='ltr'>re</span> <span class='ocrx_word' id='word_1_193' title='bbox 782 2977 951 3039; x_wconf 89' lang='lat' dir='ltr'>licita</span> <span class='ocrx_word' id='word_1_194' title='bbox 979 2977 1328 3057; x_wconf 77' lang='lat' dir='ltr'>praestitum</span> <span class='ocrx_word' id='word_1_195' title='bbox 1355 2978 1419 3038; x_wconf 91' lang='lat' dir='ltr'>in</span> <span class='ocrx_word' id='word_1_196' title='bbox 1448 2979 1717 3058; x_wconf 84' lang='lat' dir='ltr'>gratiam</span> 
     </span>
     <span class='ocr_line' id='line_1_29' title="bbox 175 3069 1721 3151; baseline 0.001 -21"><span class='ocrx_word' id='word_1_197' title='bbox 175 3069 345 3130; x_wconf 87' lang='lat' dir='ltr'>tertii</span> <span class='ocrx_word' id='word_1_198' title='bbox 390 3069 656 3148; x_wconf 79' lang='lat' dir='ltr'>obligat3</span> <span class='ocrx_word' id='word_1_199' title='bbox 701 3088 872 3148; x_wconf 80' lang='lat' dir='ltr'>ergo,</span> <span class='ocrx_word' id='word_1_200' title='bbox 931 3069 1133 3148; x_wconf 87' lang='lat' dir='ltr'>Major</span> <span class='ocrx_word' id='word_1_201' title='bbox 1174 3071 1511 3150; x_wconf 82' lang='lat' dir='ltr'>probatur3</span> <span class='ocrx_word' id='word_1_202' title='bbox 1573 3071 1721 3151; x_wconf 90' lang='lat' dir='ltr'>quia</span> 
     </span>
     <span class='ocr_line' id='line_1_30' title="bbox 175 3162 1718 3244; baseline 0.001 -21"><span class='ocrx_word' id='word_1_203' title='bbox 175 3163 326 3223; x_wconf 92' lang='lat' dir='ltr'>licet</span> <span class='ocrx_word' id='word_1_204' title='bbox 351 3162 453 3223; x_wconf 90' lang='lat' dir='ltr'>ille</span> <span class='ocrx_word' id='word_1_205' title='bbox 484 3162 640 3223; x_wconf 88' lang='lat' dir='ltr'>alius</span> <span class='ocrx_word' id='word_1_206' title='bbox 670 3166 890 3242; x_wconf 88' lang='lat' dir='ltr'>peccet</span> <span class='ocrx_word' id='word_1_207' title='bbox 903 3163 1243 3225; x_wconf 90' lang='lat' dir='ltr'>detinendo</span> <span class='ocrx_word' id='word_1_208' title='bbox 1274 3165 1373 3225; x_wconf 85' lang='lat' dir='ltr'>vel</span> <span class='ocrx_word' id='word_1_209' title='bbox 1402 3164 1718 3244; x_wconf 87' lang='lat' dir='ltr'>puniendo</span> 
     </span>
     <span class='ocr_line' id='line_1_31' title="bbox 177 3255 1720 3335; baseline 0.001 -19"><span class='ocrx_word' id='word_1_210' title='bbox 177 3255 411 3335; x_wconf 88' lang='lat' dir='ltr'>injuste</span> <span class='ocrx_word' id='word_1_211' title='bbox 466 3257 864 3317; x_wconf 84' lang='lat' dir='ltr'>innocentem</span> <span class='ocrx_word' id='word_1_212' title='bbox 891 3276 906 3330; x_wconf 89' lang='grc'>;</span> <span class='ocrx_word' id='word_1_213' title='bbox 983 3257 1285 3318; x_wconf 85' lang='lat' dir='ltr'>innocens</span> <span class='ocrx_word' id='word_1_214' title='bbox 1339 3263 1550 3320; x_wconf 88' lang='lat' dir='ltr'>tamen</span> <span class='ocrx_word' id='word_1_215' title='bbox 1595 3277 1720 3319; x_wconf 93' lang='lat' dir='ltr'>non</span> 
     </span>
     <span class='ocr_line' id='line_1_32' title="bbox 179 3349 1722 3429; baseline 0 -21"><span class='ocrx_word' id='word_1_216' title='bbox 179 3353 403 3428; x_wconf 86' lang='lat' dir='ltr'>peccat</span> <span class='ocrx_word' id='word_1_217' title='bbox 429 3350 795 3427; x_wconf 87' lang='lat' dir='ltr'>permittens</span> <span class='ocrx_word' id='word_1_218' title='bbox 825 3368 891 3410; x_wconf 91' lang='lat' dir='ltr'>se</span> <span class='ocrx_word' id='word_1_219' title='bbox 922 3349 1186 3410; x_wconf 89' lang='lat' dir='ltr'>detineri</span> <span class='ocrx_word' id='word_1_220' title='bbox 1217 3349 1316 3410; x_wconf 85' lang='lat' dir='ltr'>vel</span> <span class='ocrx_word' id='word_1_221' title='bbox 1347 3350 1589 3429; x_wconf 81' lang='lat' dir='ltr'>puniri3</span> <span class='ocrx_word' id='word_1_222' title='bbox 1640 3350 1722 3410; x_wconf 87' lang='lat' dir='ltr'>si·-</span> 
     </span>
     <span class='ocr_line' id='line_1_33' title="bbox 180 3442 1722 3521; baseline -0.001 -19"><span class='ocrx_word' id='word_1_223' title='bbox 180 3445 290 3502; x_wconf 88' lang='lat' dir='ltr'>cut</span> <span class='ocrx_word' id='word_1_224' title='bbox 330 3442 519 3503; x_wconf 88' lang='lat' dir='ltr'>etiam</span> <span class='ocrx_word' id='word_1_225' title='bbox 546 3443 707 3503; x_wconf 85' lang='lat' dir='ltr'>latro</span> <span class='ocrx_word' id='word_1_226' title='bbox 733 3442 832 3503; x_wconf 85' lang='lat' dir='ltr'>vel</span> <span class='ocrx_word' id='word_1_227' title='bbox 858 3442 1182 3503; x_wconf 90' lang='lat' dir='ltr'>usurarius</span> <span class='ocrx_word' id='word_1_228' title='bbox 1210 3446 1432 3520; x_wconf 85' lang='lat' dir='ltr'>peccat</span> <span class='ocrx_word' id='word_1_229' title='bbox 1467 3443 1722 3521; x_wconf 83' lang='lat' dir='ltr'>exigen-</span> 
     </span>
     <span class='ocr_line' id='line_1_34' title="bbox 182 3534 1719 3615; baseline -0.001 -19"><span class='ocrx_word' id='word_1_230' title='bbox 182 3536 269 3596; x_wconf 89' lang='lat' dir='ltr'>do</span> <span class='ocrx_word' id='word_1_231' title='bbox 299 3534 573 3596; x_wconf 90' lang='lat' dir='ltr'>alienum</span> <span class='ocrx_word' id='word_1_232' title='bbox 601 3535 702 3596; x_wconf 82' lang='lat' dir='ltr'>vel</span> <span class='ocrx_word' id='word_1_233' title='bbox 738 3553 1025 3596; x_wconf 88' lang='lat' dir='ltr'>usuram:</span> <span class='ocrx_word' id='word_1_234' title='bbox 1068 3539 1135 3597; x_wconf 90' lang='lat' dir='ltr'>tu</span> <span class='ocrx_word' id='word_1_235' title='bbox 1166 3539 1380 3596; x_wconf 88' lang='lat' dir='ltr'>tamen</span> <span class='ocrx_word' id='word_1_236' title='bbox 1411 3554 1535 3595; x_wconf 91' lang='lat' dir='ltr'>non</span> <span class='ocrx_word' id='word_1_237' title='bbox 1567 3554 1719 3615; x_wconf 90' lang='lat' dir='ltr'>pec-</span> 
     </span>
     <span class='ocr_line' id='line_1_35' title="bbox 182 3627 1722 3705; baseline -0.003 -14"><span class='ocrx_word' id='word_1_238' title='bbox 182 3648 291 3691; x_wconf 85' lang='lat' dir='ltr'>cas</span> <span class='ocrx_word' id='word_1_239' title='bbox 322 3628 567 3689; x_wconf 80' lang='lat' dir='ltr'>solvens</span> <span class='ocrx_word' id='word_1_240' title='bbox 622 3647 877 3689; x_wconf 85' lang='lat' dir='ltr'>usuram</span> <span class='ocrx_word' id='word_1_241' title='bbox 902 3674 918 3705; x_wconf 90' lang='lat'>,</span> <span class='ocrx_word' id='word_1_242' title='bbox 973 3628 1072 3689; x_wconf 83' lang='lat' dir='ltr'>vel</span> <span class='ocrx_word' id='word_1_243' title='bbox 1121 3627 1278 3688; x_wconf 89' lang='lat' dir='ltr'>dans</span> <span class='ocrx_word' id='word_1_244' title='bbox 1333 3628 1558 3689; x_wconf 89' lang='lat' dir='ltr'>latroni</span> <span class='ocrx_word' id='word_1_245' title='bbox 1586 3646 1722 3687; x_wconf 90' lang='lat' dir='ltr'>rem</span> 
     </span>
     <span class='ocr_line' id='line_1_36' title="bbox 180 3719 1723 3801; baseline -0.002 -18"><span class='ocrx_word' id='word_1_246' title='bbox 180 3727 397 3795; x_wconf 75' lang='lat' dir='ltr'>tuam3</span> <span class='ocrx_word' id='word_1_247' title='bbox 441 3724 632 3801; x_wconf 89' lang='lat' dir='ltr'>atque</span> <span class='ocrx_word' id='word_1_248' title='bbox 679 3721 819 3782; x_wconf 91' lang='lat' dir='ltr'>ideo</span> <span class='ocrx_word' id='word_1_249' title='bbox 842 3719 1272 3800; x_wconf 87' lang='lat' dir='ltr'>juramentum</span> <span class='ocrx_word' id='word_1_250' title='bbox 1302 3720 1379 3781; x_wconf 91' lang='lat' dir='ltr'>de</span> <span class='ocrx_word' id='word_1_251' title='bbox 1408 3721 1723 3781; x_wconf 82' lang='lat' dir='ltr'>solvendis</span> 
     </span>
     <span class='ocr_line' id='line_1_37' title="bbox 183 3812 1722 3892; baseline -0.003 -16"><span class='ocrx_word' id='word_1_252' title='bbox 183 3815 392 3876; x_wconf 81' lang='lat' dir='ltr'>usuris</span> <span class='ocrx_word' id='word_1_253' title='bbox 423 3813 696 3892; x_wconf 84' lang='lat' dir='ltr'>obligat,</span> <span class='ocrx_word' id='word_1_254' title='bbox 748 3818 816 3874; x_wconf 90' lang='lat' dir='ltr'>ut</span> <span class='ocrx_word' id='word_1_255' title='bbox 844 3814 1202 3876; x_wconf 82' lang='lat' dir='ltr'>declaratur</span> <span class='ocrx_word' id='word_1_256' title='bbox 1230 3814 1292 3873; x_wconf 92' lang='lat' dir='ltr'>in</span> <span class='ocrx_word' id='word_1_257' title='bbox 1323 3831 1461 3892; x_wconf 89' lang='lat' dir='ltr'>cap.</span> <span class='ocrx_word' id='word_1_258' title='bbox 1491 3812 1722 3874; x_wconf 81' lang='lat' dir='ltr'>Debito-</span> 
     </span>
     <span class='ocr_line' id='line_1_38' title="bbox 182 3905 1722 3987; baseline -0.001 -19"><span class='ocrx_word' id='word_1_259' title='bbox 182 3926 329 3983; x_wconf 85' lang='lat' dir='ltr'>rem,</span> <span class='ocrx_word' id='word_1_260' title='bbox 365 3906 434 3967; x_wconf 83' lang='lat' dir='ltr'>de</span> <span class='ocrx_word' id='word_1_261' title='bbox 445 3905 847 3987; x_wconf 80' lang='lat' dir='ltr'>jurejurando</span> <span class='ocrx_word' id='word_1_262' title='bbox 871 3953 887 3983; x_wconf 90' lang='lat'>‚</span> <span class='ocrx_word' id='word_1_263' title='bbox 941 3911 1003 3967; x_wconf 90' lang='lat' dir='ltr'>ct</span> <span class='ocrx_word' id='word_1_264' title='bbox 1032 3907 1307 3968; x_wconf 85' lang='lat' dir='ltr'>fatentur</span> <span class='ocrx_word' id='word_1_265' title='bbox 1334 3926 1548 3969; x_wconf 89' lang='lat' dir='ltr'>omnes</span> <span class='ocrx_word' id='word_1_266' title='bbox 1579 3926 1722 3968; x_wconf 93' lang='lat' dir='ltr'>cum</span> 
     </span>
     <span class='ocr_line' id='line_1_39' title="bbox 186 3997 1723 4080; baseline -0.002 -18"><span class='ocrx_word' id='word_1_267' title='bbox 186 4002 254 4062; x_wconf 90' lang='lat' dir='ltr'>S.</span> <span class='ocrx_word' id='word_1_268' title='bbox 292 3999 514 4061; x_wconf 90' lang='lat' dir='ltr'>Thom.</span> <span class='ocrx_word' id='word_1_269' title='bbox 549 3997 713 4059; x_wconf 84' lang='lat' dir='ltr'>infra</span> <span class='ocrx_word' id='word_1_270' title='bbox 741 4016 804 4077; x_wconf 89' lang='lat' dir='ltr'>q.</span> <span class='ocrx_word' id='word_1_271' title='bbox 836 4015 1077 4060; x_wconf 75' lang='lat' dir='ltr'>Lxxxrx.</span> <span class='ocrx_word' id='word_1_272' title='bbox 1114 4005 1231 4061; x_wconf 86' lang='lat' dir='ltr'>art.</span> <span class='ocrx_word' id='word_1_273' title='bbox 1262 4004 1320 4061; x_wconf 89' lang='lat'>3.</span> <span class='ocrx_word' id='word_1_274' title='bbox 1356 4000 1524 4080; x_wconf 90' lang='lat' dir='ltr'>quod</span> <span class='ocrx_word' id='word_1_275' title='bbox 1558 4000 1723 4060; x_wconf 86' lang='lat' dir='ltr'>idem</span> 
     </span>
     <span class='ocr_line' id='line_1_40' title="bbox 185 4090 1724 4171; baseline 0 -17"><span class='ocrx_word' id='word_1_276' title='bbox 185 4093 525 4154; x_wconf 88' lang='lat' dir='ltr'>dicendum</span> <span class='ocrx_word' id='word_1_277' title='bbox 553 4096 646 4153; x_wconf 88' lang='lat' dir='ltr'>est</span> <span class='ocrx_word' id='word_1_278' title='bbox 665 4092 742 4152; x_wconf 90' lang='lat' dir='ltr'>de</span> <span class='ocrx_word' id='word_1_279' title='bbox 761 4090 1122 4171; x_wconf 85' lang='lat' dir='ltr'>juramento</span> <span class='ocrx_word' id='word_1_280' title='bbox 1138 4093 1366 4154; x_wconf 89' lang='lat' dir='ltr'>latroni</span> <span class='ocrx_word' id='word_1_281' title='bbox 1389 4094 1468 4154; x_wconf 93' lang='lat' dir='ltr'>ob</span> <span class='ocrx_word' id='word_1_282' title='bbox 1487 4099 1724 4154; x_wconf 90' lang='lat' dir='ltr'>metum</span> 
     </span>
     <span class='ocr_line' id='line_1_41' title="bbox 185 4185 1725 4267; baseline -0.001 -19"><span class='ocrx_word' id='word_1_283' title='bbox 185 4192 251 4249; x_wconf 92' lang='lat' dir='ltr'>et</span> <span class='ocrx_word' id='word_1_284' title='bbox 279 4186 569 4266; x_wconf 86' lang='lat' dir='ltr'>injuriam</span> <span class='ocrx_word' id='word_1_285' title='bbox 597 4185 875 4263; x_wconf 83' lang='lat' dir='ltr'>praestito</span> <span class='ocrx_word' id='word_1_286' title='bbox 897 4185 1085 4245; x_wconf 89' lang='lat' dir='ltr'>dandi</span> <span class='ocrx_word' id='word_1_287' title='bbox 1134 4185 1189 4245; x_wconf 88' lang='lat' dir='ltr'>ei</span> <span class='ocrx_word' id='word_1_288' title='bbox 1236 4186 1565 4263; x_wconf 86' lang='lat' dir='ltr'>pecuniam</span> <span class='ocrx_word' id='word_1_289' title='bbox 1611 4204 1725 4267; x_wconf 88' lang='lat' dir='ltr'>pro</span> 
     </span>
     <span class='ocr_line' id='line_1_42' title="bbox 187 4278 1723 4358; baseline 0.001 -18"><span class='ocrx_word' id='word_1_290' title='bbox 187 4278 617 4357; x_wconf 86' lang='lat' dir='ltr'>redemptione</span> <span class='ocrx_word' id='word_1_291' title='bbox 645 4278 812 4340; x_wconf 80' lang='lat' dir='ltr'>vitae.</span> <span class='ocrx_word' id='word_1_292' title='bbox 848 4278 1030 4339; x_wconf 81' lang='lat' dir='ltr'>Ratio</span> <span class='ocrx_word' id='word_1_293' title='bbox 1059 4282 1272 4340; x_wconf 88' lang='lat' dir='ltr'>autem</span> <span class='ocrx_word' id='word_1_294' title='bbox 1301 4298 1338 4338; x_wconf 89' lang='lat' dir='ltr'>a</span> <span class='ocrx_word' id='word_1_295' title='bbox 1366 4279 1563 4358; x_wconf 91' lang='lat' dir='ltr'>priori</span> <span class='ocrx_word' id='word_1_296' title='bbox 1604 4284 1723 4356; x_wconf 92' lang='lat' dir='ltr'>est,</span> 
     </span>
     <span class='ocr_line' id='line_1_43' title="bbox 188 4370 1731 4452; baseline 0 -19"><span class='ocrx_word' id='word_1_297' title='bbox 188 4372 339 4452; x_wconf 88' lang='lat' dir='ltr'>quia</span> <span class='ocrx_word' id='word_1_298' title='bbox 363 4371 511 4432; x_wconf 89' lang='lat' dir='ltr'>licet</span> <span class='ocrx_word' id='word_1_299' title='bbox 536 4371 764 4432; x_wconf 90' lang='lat' dir='ltr'>latroni</span> <span class='ocrx_word' id='word_1_300' title='bbox 795 4371 894 4431; x_wconf 79' lang='lat' dir='ltr'>vel</span> <span class='ocrx_word' id='word_1_301' title='bbox 920 4371 1204 4432; x_wconf 85' lang='lat' dir='ltr'>usurario</span> <span class='ocrx_word' id='word_1_302' title='bbox 1236 4370 1476 4431; x_wconf 89' lang='lat' dir='ltr'>nullum</span> <span class='ocrx_word' id='word_1_303' title='bbox 1498 4372 1604 4451; x_wconf 87' lang='lat' dir='ltr'>jus</span> <span class='ocrx_word' id='word_1_304' title='bbox 1625 4391 1731 4433; x_wconf 88' lang='lat' dir='ltr'>ac-</span> 
     </span>
     <span class='ocr_line' id='line_1_44' title="bbox 188 4463 1730 4545; baseline 0 -19"><span class='ocrx_word' id='word_1_305' title='bbox 188 4465 506 4545; x_wconf 88' lang='lat' dir='ltr'>quiratur;</span> <span class='ocrx_word' id='word_1_306' title='bbox 543 4463 824 4525; x_wconf 88' lang='lat' dir='ltr'>debitum</span> <span class='ocrx_word' id='word_1_307' title='bbox 853 4467 1064 4526; x_wconf 86' lang='lat' dir='ltr'>tamen</span> <span class='ocrx_word' id='word_1_308' title='bbox 1097 4464 1414 4543; x_wconf 84' lang='lat' dir='ltr'>religionis</span> <span class='ocrx_word' id='word_1_309' title='bbox 1462 4470 1524 4527; x_wconf 87' lang='lat' dir='ltr'>et</span> <span class='ocrx_word' id='word_1_310' title='bbox 1550 4484 1730 4528; x_wconf 86' lang='lat' dir='ltr'>reve-</span> 
     </span>
     <span class='ocr_line' id='line_1_45' title="bbox 184 4558 1732 4637; baseline -0.001 -17"><span class='ocrx_word' id='word_1_311' title='bbox 184 4558 405 4620; x_wconf 81' lang='lat' dir='ltr'>rentiae</span> <span class='ocrx_word' id='word_1_312' title='bbox 433 4576 584 4637; x_wconf 89' lang='lat' dir='ltr'>erga</span> <span class='ocrx_word' id='word_1_313' title='bbox 611 4559 809 4617; x_wconf 91' lang='lat' dir='ltr'>Deum</span> <span class='ocrx_word' id='word_1_314' title='bbox 840 4558 1015 4636; x_wconf 86' lang='lat' dir='ltr'>petit,</span> <span class='ocrx_word' id='word_1_315' title='bbox 1034 4562 1102 4618; x_wconf 92' lang='lat' dir='ltr'>ut</span> <span class='ocrx_word' id='word_1_316' title='bbox 1129 4558 1375 4637; x_wconf 86' lang='lat' dir='ltr'>quoties</span> <span class='ocrx_word' id='word_1_317' title='bbox 1405 4576 1548 4619; x_wconf 92' lang='lat' dir='ltr'>eum</span> <span class='ocrx_word' id='word_1_318' title='bbox 1580 4560 1732 4619; x_wconf 78' lang='lat' dir='ltr'>affe-</span> 
     </span>
     <span class='ocr_line' id='line_1_46' title="bbox 189 4649 1733 4732; baseline -0.001 -19"><span class='ocrx_word' id='word_1_319' title='bbox 189 4653 388 4713; x_wconf 86' lang='lat' dir='ltr'>rimus</span> <span class='ocrx_word' id='word_1_320' title='bbox 417 4651 481 4711; x_wconf 89' lang='lat' dir='ltr'>in</span> <span class='ocrx_word' id='word_1_321' title='bbox 508 4654 733 4712; x_wconf 88' lang='lat' dir='ltr'>testem</span> <span class='ocrx_word' id='word_1_322' title='bbox 762 4653 823 4711; x_wconf 89' lang='lat' dir='ltr'>et</span> <span class='ocrx_word' id='word_1_323' title='bbox 849 4649 1286 4729; x_wconf 83' lang='lat' dir='ltr'>fidejussorem</span> <span class='ocrx_word' id='word_1_324' title='bbox 1326 4655 1556 4713; x_wconf 82' lang='lat' dir='ltr'>nostrae</span> <span class='ocrx_word' id='word_1_325' title='bbox 1585 4670 1733 4732; x_wconf 87' lang='lat' dir='ltr'>pro-</span> 
     </span>
     <span class='ocr_line' id='line_1_47' title="bbox 188 4743 1732 4823; baseline -0.001 -18"><span class='ocrx_word' id='word_1_326' title='bbox 188 4744 527 4821; x_wconf 85' lang='lat' dir='ltr'>missionis,</span> <span class='ocrx_word' id='word_1_327' title='bbox 563 4743 951 4823; x_wconf 85' lang='lat' dir='ltr'>quantumin</span> <span class='ocrx_word' id='word_1_328' title='bbox 983 4743 1162 4803; x_wconf 86' lang='lat' dir='ltr'>nobis</span> <span class='ocrx_word' id='word_1_329' title='bbox 1192 4743 1399 4821; x_wconf 88' lang='lat' dir='ltr'>fuerit,</span> <span class='ocrx_word' id='word_1_330' title='bbox 1435 4762 1559 4805; x_wconf 90' lang='lat' dir='ltr'>non</span> <span class='ocrx_word' id='word_1_331' title='bbox 1588 4746 1732 4805; x_wconf 88' lang='lat' dir='ltr'>red-</span> 
     </span>
     <span class='ocr_line' id='line_1_48' title="bbox 191 4836 1732 4916; baseline -0.001 -17"><span class='ocrx_word' id='word_1_332' title='bbox 191 4839 418 4899; x_wconf 87' lang='lat' dir='ltr'>damus</span> <span class='ocrx_word' id='word_1_333' title='bbox 462 4854 607 4897; x_wconf 88' lang='lat' dir='ltr'>eum</span> <span class='ocrx_word' id='word_1_334' title='bbox 653 4840 877 4898; x_wconf 87' lang='lat' dir='ltr'>testem</span> <span class='ocrx_word' id='word_1_335' title='bbox 908 4836 1132 4897; x_wconf 85' lang='lat' dir='ltr'>falsum</span> <span class='ocrx_word' id='word_1_336' title='bbox 1164 4838 1261 4897; x_wconf 88' lang='lat' dir='ltr'>vel</span> <span class='ocrx_word' id='word_1_337' title='bbox 1295 4837 1732 4916; x_wconf 89' lang='lat' dir='ltr'>fidejussorem</span> 
     </span>
     <span class='ocr_line' id='line_1_49' title="bbox 189 4928 1734 5011; baseline 0 -19"><span class='ocrx_word' id='word_1_338' title='bbox 189 4928 512 5004; x_wconf 79' lang='lat' dir='ltr'>fallacem3</span> <span class='ocrx_word' id='word_1_339' title='bbox 543 4930 664 4991; x_wconf 86' lang='lat' dir='ltr'>hoc</span> <span class='ocrx_word' id='word_1_340' title='bbox 681 4930 849 4990; x_wconf 88' lang='lat' dir='ltr'>enim</span> <span class='ocrx_word' id='word_1_341' title='bbox 878 4929 1275 4991; x_wconf 86' lang='lat' dir='ltr'>redundatia</span> <span class='ocrx_word' id='word_1_342' title='bbox 1305 4934 1734 5011; x_wconf 89' lang='lat' dir='ltr'>contemptum</span> 
     </span>
     <span class='ocr_line' id='line_1_50' title="bbox 192 5022 1736 5103; baseline 0 -18"><span class='ocrx_word' id='word_1_343' title='bbox 192 5024 424 5085; x_wconf 62' lang='lat' dir='ltr'>divinae</span> <span class='ocrx_word' id='word_1_344' title='bbox 454 5022 835 5103; x_wconf 85' lang='lat' dir='ltr'>majestatis;</span> <span class='ocrx_word' id='word_1_345' title='bbox 889 5041 1083 5102; x_wconf 90' lang='lat' dir='ltr'>quare</span> <span class='ocrx_word' id='word_1_346' title='bbox 1112 5023 1261 5084; x_wconf 90' lang='lat' dir='ltr'>licet</span> <span class='ocrx_word' id='word_1_347' title='bbox 1286 5024 1614 5085; x_wconf 88' lang='lat' dir='ltr'>usurarius</span> <span class='ocrx_word' id='word_1_348' title='bbox 1643 5029 1736 5085; x_wconf 89' lang='lat' dir='ltr'>te-</span> 
     </span>
     <span class='ocr_line' id='line_1_51' title="bbox 202 5115 1735 5195; baseline 0.001 -17"><span class='ocrx_word' id='word_1_349' title='bbox 202 5121 431 5179; x_wconf 83' lang='lat' dir='ltr'>neatur</span> <span class='ocrx_word' id='word_1_350' title='bbox 474 5136 546 5177; x_wconf 86' lang='lat' dir='ltr'>ex</span> <span class='ocrx_word' id='word_1_351' title='bbox 563 5115 807 5195; x_wconf 89' lang='lat' dir='ltr'>justitia</span> <span class='ocrx_word' id='word_1_352' title='bbox 836 5115 1162 5177; x_wconf 86' lang='lat' dir='ltr'>restituere</span> <span class='ocrx_word' id='word_1_353' title='bbox 1199 5135 1490 5193; x_wconf 82' lang='lat' dir='ltr'>usuram3</span> <span class='ocrx_word' id='word_1_354' title='bbox 1550 5121 1614 5179; x_wconf 90' lang='lat' dir='ltr'>tu</span> <span class='ocrx_word' id='word_1_355' title='bbox 1645 5122 1735 5180; x_wconf 87' lang='lat' dir='ltr'>ta-</span> 
     </span>
     <span class='ocr_line' id='line_1_52' title="bbox 191 5209 1735 5290; baseline 0 -19"><span class='ocrx_word' id='word_1_356' title='bbox 191 5229 340 5272; x_wconf 90' lang='lat' dir='ltr'>men</span> <span class='ocrx_word' id='word_1_357' title='bbox 370 5210 476 5290; x_wconf 90' lang='lat' dir='ltr'>qui</span> <span class='ocrx_word' id='word_1_358' title='bbox 498 5209 746 5290; x_wconf 87' lang='lat' dir='ltr'>jurasti,</span> <span class='ocrx_word' id='word_1_359' title='bbox 779 5209 1009 5270; x_wconf 89' lang='lat' dir='ltr'>teneris</span> <span class='ocrx_word' id='word_1_360' title='bbox 1041 5228 1180 5269; x_wconf 90' lang='lat' dir='ltr'>eam</span> <span class='ocrx_word' id='word_1_361' title='bbox 1210 5210 1451 5270; x_wconf 85' lang='lat' dir='ltr'>solvere</span> <span class='ocrx_word' id='word_1_362' title='bbox 1478 5216 1735 5290; x_wconf 86' lang='lat' dir='ltr'>propter</span> 
     </span>
     <span class='ocr_line' id='line_1_53' title="bbox 195 5303 1734 5383; baseline 0 -18"><span class='ocrx_word' id='word_1_363' title='bbox 195 5303 618 5365; x_wconf 85' lang='lat' dir='ltr'>reverentiam</span> <span class='ocrx_word' id='word_1_364' title='bbox 639 5303 1004 5383; x_wconf 85' lang='lat' dir='ltr'>juramenti,</span> <span class='ocrx_word' id='word_1_365' title='bbox 1026 5322 1176 5382; x_wconf 88' lang='lat' dir='ltr'>ergo</span> <span class='ocrx_word' id='word_1_366' title='bbox 1197 5303 1481 5364; x_wconf 88' lang='lat' dir='ltr'>similiter</span> <span class='ocrx_word' id='word_1_367' title='bbox 1503 5303 1567 5363; x_wconf 93' lang='lat' dir='ltr'>in</span> <span class='ocrx_word' id='word_1_368' title='bbox 1578 5323 1734 5383; x_wconf 68' lang='lat' dir='ltr'>prte-</span> 
     </span>
     <span class='ocr_line' id='line_1_54' title="bbox 197 5395 1737 5477; baseline 0 -20"><span class='ocrx_word' id='word_1_369' title='bbox 197 5398 363 5458; x_wconf 87' lang='lat' dir='ltr'>senti</span> <span class='ocrx_word' id='word_1_370' title='bbox 393 5396 498 5476; x_wconf 88' lang='lat' dir='ltr'>qui</span> <span class='ocrx_word' id='word_1_371' title='bbox 518 5395 757 5475; x_wconf 86' lang='lat' dir='ltr'>juravit</span> <span class='ocrx_word' id='word_1_372' title='bbox 785 5415 911 5457; x_wconf 89' lang='lat' dir='ltr'>nou</span> <span class='ocrx_word' id='word_1_373' title='bbox 939 5396 1157 5476; x_wconf 86' lang='lat' dir='ltr'>fugere</span> <span class='ocrx_word' id='word_1_374' title='bbox 1189 5416 1263 5458; x_wconf 86' lang='lat' dir='ltr'>ex</span> <span class='ocrx_word' id='word_1_375' title='bbox 1292 5415 1544 5458; x_wconf 91' lang='lat' dir='ltr'>carcere</span> <span class='ocrx_word' id='word_1_376' title='bbox 1572 5397 1737 5477; x_wconf 89' lang='lat' dir='ltr'>inju-</span> 
     </span>
    </p>
   </div>
   <div class='ocr_carea' id='block_1_3' title="bbox 195 5488 1729 5647">
    <p class='ocr_par' dir='ltr' id='par_1_4' title="bbox 195 5488 1729 5647">
     <span class='ocr_line' id='line_1_55' title="bbox 195 5488 1729 5647; baseline 0.001 -96"><span class='ocrx_word' id='word_1_377' title='bbox 195 5495 318 5567; x_wconf 89' lang='lat' dir='ltr'>st0,</span> <span class='ocrx_word' id='word_1_378' title='bbox 349 5490 497 5552; x_wconf 90' lang='lat' dir='ltr'>licet</span> <span class='ocrx_word' id='word_1_379' title='bbox 523 5489 900 5647; x_wconf 50' lang='lat' dir='ltr'>nullumrltliet</span> <span class='ocrx_word' id='word_1_380' title='bbox 918 5488 1023 5569; x_wconf 85' lang='lat' dir='ltr'>jus</span> <span class='ocrx_word' id='word_1_381' title='bbox 1051 5490 1292 5553; x_wconf 88' lang='lat' dir='ltr'>custodi</span> <span class='ocrx_word' id='word_1_382' title='bbox 1315 5490 1413 5553; x_wconf 87' lang='lat' dir='ltr'>vel</span> <span class='ocrx_word' id='word_1_383' title='bbox 1439 5494 1729 5570; x_wconf 84' lang='lat' dir='ltr'>tyranne,</span> 
     </span>
     <span class='ocr_line' id='line_1_56' title="bbox 521 5585 847 5646; baseline 0.003 -2"><span class='ocrx_word' id='word_1_384' title='bbox 521 5585 682 5646; x_wconf 72' lang='lat' dir='ltr'>Tou.</span> <span class='ocrx_word' id='word_1_385' title='bbox 830 5626 847 5645; x_wconf 93' lang='lat'><strong>.</strong></span> 
     </span>
    </p>
   </div>
   <div class='ocr_carea' id='block_1_4' title="bbox 3215 417 3330 476">
    <p class='ocr_par' dir='ltr' id='par_1_5' title="bbox 3215 417 3330 476">
     <span class='ocr_line' id='line_1_57' title="bbox 3215 417 3330 476; baseline 0.035 -3"><span class='ocrx_word' id='word_1_386' title='bbox 3215 417 3330 476; x_wconf 81' lang='lat'>785</span> 
     </span>
    </p>
   </div>
   <div class='ocr_carea' id='block_1_5' title="bbox 1795 574 3372 4558">
    <p class='ocr_par' dir='ltr' id='par_1_6' title="bbox 1795 574 3330 743">
     <span class='ocr_line' id='line_1_58' title="bbox 1795 574 3330 665; baseline 0.012 -34"><span class='ocrx_word' id='word_1_387' title='bbox 1795 574 2042 634; x_wconf 90' lang='lat' dir='ltr'>tenetur</span> <span class='ocrx_word' id='word_1_388' title='bbox 2059 578 2270 635; x_wconf 88' lang='lat' dir='ltr'>tamen</span> <span class='ocrx_word' id='word_1_389' title='bbox 2292 580 2547 656; x_wconf 85' lang='lat' dir='ltr'>propter</span> <span class='ocrx_word' id='word_1_390' title='bbox 2565 583 2980 644; x_wconf 89' lang='lat' dir='ltr'>reverentiam</span> <span class='ocrx_word' id='word_1_391' title='bbox 2988 586 3330 665; x_wconf 90' lang='lat' dir='ltr'>juramenti</span> 
     </span>
     <span class='ocr_line' id='line_1_59' title="bbox 1799 666 2580 743; baseline 0.013 -21"><span class='ocrx_word' id='word_1_392' title='bbox 1799 682 1920 725; x_wconf 90' lang='lat' dir='ltr'>non</span> <span class='ocrx_word' id='word_1_393' title='bbox 1947 666 2187 743; x_wconf 84' lang='lat' dir='ltr'>fugere,</span> <span class='ocrx_word' id='word_1_394' title='bbox 2227 670 2326 729; x_wconf 87' lang='lat' dir='ltr'>vel</span> <span class='ocrx_word' id='word_1_395' title='bbox 2355 670 2580 733; x_wconf 85' lang='lat' dir='ltr'>redire.</span> 
     </span>
    </p>

    <p class='ocr_par' dir='ltr' id='par_1_7' title="bbox 1795 760 3359 3443">
     <span class='ocr_line' id='line_1_60' title="bbox 1881 760 3330 854; baseline 0.013 -36"><span class='ocrx_word' id='word_1_396' title='bbox 1881 760 2237 837; x_wconf 87' lang='lat' dir='ltr'>Respondet</span> <span class='ocrx_word' id='word_1_397' title='bbox 2278 763 2562 842; x_wconf 85' lang='lat' dir='ltr'>Vasquez</span> <span class='ocrx_word' id='word_1_398' title='bbox 2611 768 2897 844; x_wconf 87' lang='lat' dir='ltr'>negando</span> <span class='ocrx_word' id='word_1_399' title='bbox 2946 790 3330 854; x_wconf 88' lang='lat' dir='ltr'>consequen-</span> 
     </span>
     <span class='ocr_line' id='line_1_61' title="bbox 1797 850 3331 936; baseline 0.012 -25"><span class='ocrx_word' id='word_1_400' title='bbox 1797 850 1972 926; x_wconf 85' lang='lat' dir='ltr'>tiam,</span> <span class='ocrx_word' id='word_1_401' title='bbox 2007 852 2154 930; x_wconf 90' lang='lat' dir='ltr'>quia</span> <span class='ocrx_word' id='word_1_402' title='bbox 2186 855 2430 916; x_wconf 88' lang='lat' dir='ltr'>solvens</span> <span class='ocrx_word' id='word_1_403' title='bbox 2459 860 2790 936; x_wconf 89' lang='lat' dir='ltr'>pecuniam</span> <span class='ocrx_word' id='word_1_404' title='bbox 2814 862 3038 925; x_wconf 89' lang='lat' dir='ltr'>latroni</span> <span class='ocrx_word' id='word_1_405' title='bbox 3060 868 3159 927; x_wconf 88' lang='lat' dir='ltr'>vel</span> <span class='ocrx_word' id='word_1_406' title='bbox 3189 888 3331 929; x_wconf 88' lang='lat' dir='ltr'>usu-</span> 
     </span>
     <span class='ocr_line' id='line_1_62' title="bbox 1800 943 3331 1027; baseline 0.014 -25"><span class='ocrx_word' id='word_1_407' title='bbox 1800 943 1965 1006; x_wconf 84' lang='lat' dir='ltr'>rario</span> <span class='ocrx_word' id='word_1_408' title='bbox 1997 951 2244 1007; x_wconf 82' lang='lat' dir='ltr'>exercet</span> <span class='ocrx_word' id='word_1_409' title='bbox 2274 966 2429 1027; x_wconf 92' lang='lat' dir='ltr'>opus</span> <span class='ocrx_word' id='word_1_410' title='bbox 2457 950 2726 1025; x_wconf 82' lang='lat' dir='ltr'>virtutiS‚</span> <span class='ocrx_word' id='word_1_411' title='bbox 2761 956 2996 1019; x_wconf 91' lang='lat' dir='ltr'>scilicet</span> <span class='ocrx_word' id='word_1_412' title='bbox 3023 960 3331 1022; x_wconf 85' lang='lat' dir='ltr'>redimere</span> 
     </span>
     <span class='ocr_line' id='line_1_63' title="bbox 1799 1037 3334 1121; baseline 0.013 -25"><span class='ocrx_word' id='word_1_413' title='bbox 1799 1037 2229 1112; x_wconf 83' lang='lat' dir='ltr'>vexationem;</span> <span class='ocrx_word' id='word_1_414' title='bbox 2283 1041 2390 1121; x_wconf 86' lang='lat' dir='ltr'>qui</span> <span class='ocrx_word' id='word_1_415' title='bbox 2418 1062 2566 1105; x_wconf 81' lang='lat' dir='ltr'>vero</span> <span class='ocrx_word' id='word_1_416' title='bbox 2611 1046 2844 1109; x_wconf 82' lang='lat' dir='ltr'>rediret</span> <span class='ocrx_word' id='word_1_417' title='bbox 2888 1050 2969 1110; x_wconf 90' lang='lat' dir='ltr'>ad</span> <span class='ocrx_word' id='word_1_418' title='bbox 3017 1071 3334 1115; x_wconf 87' lang='lat' dir='ltr'>carcerem</span> 
     </span>
     <span class='ocr_line' id='line_1_64' title="bbox 1803 1131 3334 1220; baseline 0.013 -31"><span class='ocrx_word' id='word_1_419' title='bbox 1803 1147 1927 1190; x_wconf 91' lang='lat' dir='ltr'>non</span> <span class='ocrx_word' id='word_1_420' title='bbox 1951 1131 2206 1193; x_wconf 90' lang='lat' dir='ltr'>redimit</span> <span class='ocrx_word' id='word_1_421' title='bbox 2231 1135 2648 1215; x_wconf 85' lang='lat' dir='ltr'>vexationem,</span> <span class='ocrx_word' id='word_1_422' title='bbox 2685 1140 2795 1200; x_wconf 90' lang='lat' dir='ltr'>scd</span> <span class='ocrx_word' id='word_1_423' title='bbox 2822 1144 3029 1220; x_wconf 89' lang='lat' dir='ltr'>potius</span> <span class='ocrx_word' id='word_1_424' title='bbox 3060 1149 3240 1209; x_wconf 83' lang='lat' dir='ltr'>offert</span> <span class='ocrx_word' id='word_1_425' title='bbox 3268 1169 3334 1209; x_wconf 92' lang='lat' dir='ltr'>sc</span> 
     </span>
     <span class='ocr_line' id='line_1_65' title="bbox 1800 1221 3337 1319; baseline 0.014 -38"><span class='ocrx_word' id='word_1_426' title='bbox 1800 1221 2028 1284; x_wconf 88' lang='lat' dir='ltr'>iterum</span> <span class='ocrx_word' id='word_1_427' title='bbox 2058 1223 2290 1305; x_wconf 84' lang='lat' dir='ltr'>iniquae</span> <span class='ocrx_word' id='word_1_428' title='bbox 2320 1230 2631 1290; x_wconf 85' lang='lat' dir='ltr'>vexationi</span> <span class='ocrx_word' id='word_1_429' title='bbox 2657 1277 2673 1308; x_wconf 90' lang='lat'>,</span> <span class='ocrx_word' id='word_1_430' title='bbox 2726 1252 2762 1292; x_wconf 92' lang='lat' dir='ltr'>a</span> <span class='ocrx_word' id='word_1_431' title='bbox 2793 1252 2914 1313; x_wconf 87' lang='lat' dir='ltr'>qua</span> <span class='ocrx_word' id='word_1_432' title='bbox 2945 1242 3081 1300; x_wconf 88' lang='lat' dir='ltr'>erat</span> <span class='ocrx_word' id='word_1_433' title='bbox 3099 1240 3235 1319; x_wconf 86' lang='lat' dir='ltr'>jam</span> <span class='ocrx_word' id='word_1_434' title='bbox 3263 1242 3337 1301; x_wconf 88' lang='lat' dir='ltr'>li-</span> 
     </span>
     <span class='ocr_line' id='line_1_66' title="bbox 1802 1315 3338 1395; baseline 0.014 -21"><span class='ocrx_word' id='word_1_435' title='bbox 1802 1315 1933 1377; x_wconf 86' lang='lat' dir='ltr'>ber.</span> <span class='ocrx_word' id='word_1_436' title='bbox 1987 1319 2117 1378; x_wconf 90' lang='lat' dir='ltr'>Hoc</span> <span class='ocrx_word' id='word_1_437' title='bbox 2147 1323 2361 1379; x_wconf 88' lang='lat' dir='ltr'>tamen</span> <span class='ocrx_word' id='word_1_438' title='bbox 2390 1320 2724 1385; x_wconf 88' lang='lat' dir='ltr'>discrimen</span> <span class='ocrx_word' id='word_1_439' title='bbox 2758 1345 2882 1387; x_wconf 90' lang='lat' dir='ltr'>non</span> <span class='ocrx_word' id='word_1_440' title='bbox 2912 1330 3162 1393; x_wconf 86' lang='lat' dir='ltr'>videtur</span> <span class='ocrx_word' id='word_1_441' title='bbox 3188 1335 3338 1395; x_wconf 87' lang='lat' dir='ltr'>satis</span> 
     </span>
     <span class='ocr_line' id='line_1_67' title="bbox 1803 1411 3341 1493; baseline 0.014 -25"><span class='ocrx_word' id='word_1_442' title='bbox 1803 1411 2265 1472; x_wconf 86' lang='lat' dir='ltr'>accommodari</span> <span class='ocrx_word' id='word_1_443' title='bbox 2296 1415 2465 1474; x_wconf 90' lang='lat' dir='ltr'>casui</span> <span class='ocrx_word' id='word_1_444' title='bbox 2487 1419 2777 1493; x_wconf 79' lang='lat' dir='ltr'>praesenti</span> <span class='ocrx_word' id='word_1_445' title='bbox 2805 1442 2817 1481; x_wconf 91' lang='lat'>:</span> <span class='ocrx_word' id='word_1_446' title='bbox 2853 1440 2998 1482; x_wconf 88' lang='lat' dir='ltr'>nam</span> <span class='ocrx_word' id='word_1_447' title='bbox 3014 1426 3112 1485; x_wconf 86' lang='lat' dir='ltr'>vel</span> <span class='ocrx_word' id='word_1_448' title='bbox 3142 1429 3341 1489; x_wconf 87' lang='lat' dir='ltr'>consi-</span> 
     </span>
     <span class='ocr_line' id='line_1_68' title="bbox 1803 1503 3338 1596; baseline 0.012 -34"><span class='ocrx_word' id='word_1_449' title='bbox 1803 1503 2060 1565; x_wconf 89' lang='lat' dir='ltr'>deratur</span> <span class='ocrx_word' id='word_1_450' title='bbox 2087 1505 2336 1566; x_wconf 85' lang='lat' dir='ltr'>solvens</span> <span class='ocrx_word' id='word_1_451' title='bbox 2386 1509 2717 1585; x_wconf 88' lang='lat' dir='ltr'>pecuniam</span> <span class='ocrx_word' id='word_1_452' title='bbox 2762 1512 3024 1592; x_wconf 87' lang='lat' dir='ltr'>latroni,</span> <span class='ocrx_word' id='word_1_453' title='bbox 3086 1521 3338 1596; x_wconf 91' lang='lat' dir='ltr'>quando</span> 
     </span>
     <span class='ocr_line' id='line_1_69' title="bbox 1795 1595 3343 1679; baseline 0.013 -25"><span class='ocrx_word' id='word_1_454' title='bbox 1795 1595 2034 1673; x_wconf 85' lang='lat' dir='ltr'>juravit</span> <span class='ocrx_word' id='word_1_455' title='bbox 2061 1597 2326 1674; x_wconf 81' lang='lat' dir='ltr'>solvere,</span> <span class='ocrx_word' id='word_1_456' title='bbox 2361 1600 2460 1659; x_wconf 86' lang='lat' dir='ltr'>vel</span> <span class='ocrx_word' id='word_1_457' title='bbox 2492 1602 2743 1679; x_wconf 87' lang='lat' dir='ltr'>quando</span> <span class='ocrx_word' id='word_1_458' title='bbox 2794 1611 2934 1668; x_wconf 90' lang='lat' dir='ltr'>actu</span> <span class='ocrx_word' id='word_1_459' title='bbox 2983 1610 3168 1673; x_wconf 87' lang='lat' dir='ltr'>solvit</span> <span class='ocrx_word' id='word_1_460' title='bbox 3216 1630 3230 1676; x_wconf 89' lang='lat'><strong>:</strong></span> <span class='ocrx_word' id='word_1_461' title='bbox 3281 1617 3343 1674; x_wconf 83' lang='lat' dir='ltr'>et</span> 
     </span>
     <span class='ocr_line' id='line_1_70' title="bbox 1805 1687 3341 1780; baseline 0.014 -35"><span class='ocrx_word' id='word_1_462' title='bbox 1805 1687 2059 1766; x_wconf 88' lang='lat' dir='ltr'>quidem</span> <span class='ocrx_word' id='word_1_463' title='bbox 2087 1690 2337 1767; x_wconf 88' lang='lat' dir='ltr'>quando</span> <span class='ocrx_word' id='word_1_464' title='bbox 2352 1690 2608 1770; x_wconf 84' lang='lat' dir='ltr'>juravit,</span> <span class='ocrx_word' id='word_1_465' title='bbox 2633 1699 2781 1756; x_wconf 92' lang='lat' dir='ltr'>tunc</span> <span class='ocrx_word' id='word_1_466' title='bbox 2803 1698 3005 1760; x_wconf 85' lang='lat' dir='ltr'>fateor</span> <span class='ocrx_word' id='word_1_467' title='bbox 3019 1701 3341 1780; x_wconf 90' lang='lat' dir='ltr'>juramen-</span> 
     </span>
     <span class='ocr_line' id='line_1_71' title="bbox 1802 1780 3342 1858; baseline 0.01 -17"><span class='ocrx_word' id='word_1_468' title='bbox 1802 1783 1939 1841; x_wconf 88' lang='lat' dir='ltr'>tum</span> <span class='ocrx_word' id='word_1_469' title='bbox 1967 1780 2285 1841; x_wconf 87' lang='lat' dir='ltr'>dcservire</span> <span class='ocrx_word' id='word_1_470' title='bbox 2334 1783 2413 1843; x_wconf 91' lang='lat' dir='ltr'>ad</span> <span class='ocrx_word' id='word_1_471' title='bbox 2464 1786 2899 1849; x_wconf 87' lang='lat' dir='ltr'>redimendam</span> <span class='ocrx_word' id='word_1_472' title='bbox 2945 1795 3342 1858; x_wconf 86' lang='lat' dir='ltr'>vexationem</span> 
     </span>
     <span class='ocr_line' id='line_1_72' title="bbox 1808 1873 3344 1967; baseline 0.012 -34"><span class='ocrx_word' id='word_1_473' title='bbox 1808 1892 1884 1933; x_wconf 90' lang='lat' dir='ltr'>ne</span> <span class='ocrx_word' id='word_1_474' title='bbox 1916 1873 2243 1935; x_wconf 87' lang='lat' dir='ltr'>occidatur</span> <span class='ocrx_word' id='word_1_475' title='bbox 2276 1895 2288 1935; x_wconf 91' lang='lat'>:</span> <span class='ocrx_word' id='word_1_476' title='bbox 2335 1879 2398 1936; x_wconf 89' lang='lat' dir='ltr'>et</span> <span class='ocrx_word' id='word_1_477' title='bbox 2425 1876 2545 1937; x_wconf 95' lang='lat' dir='ltr'>hoc</span> <span class='ocrx_word' id='word_1_478' title='bbox 2575 1879 2764 1939; x_wconf 91' lang='lat' dir='ltr'>etiam</span> <span class='ocrx_word' id='word_1_479' title='bbox 2792 1883 3003 1961; x_wconf 91' lang='lat' dir='ltr'>modo,</span> <span class='ocrx_word' id='word_1_480' title='bbox 3040 1888 3144 1966; x_wconf 88' lang='lat' dir='ltr'>qui</span> <span class='ocrx_word' id='word_1_481' title='bbox 3169 1889 3344 1967; x_wconf 83' lang='lat' dir='ltr'>jurat</span> 
     </span>
     <span class='ocr_line' id='line_1_73' title="bbox 1805 1966 3345 2061; baseline 0.011 -34"><span class='ocrx_word' id='word_1_482' title='bbox 1805 1966 2011 2027; x_wconf 88' lang='lat' dir='ltr'>redire</span> <span class='ocrx_word' id='word_1_483' title='bbox 2041 1966 2104 2026; x_wconf 90' lang='lat' dir='ltr'>in</span> <span class='ocrx_word' id='word_1_484' title='bbox 2135 1985 2492 2047; x_wconf 87' lang='lat' dir='ltr'>carcerem,</span> <span class='ocrx_word' id='word_1_485' title='bbox 2554 1972 2806 2036; x_wconf 90' lang='lat' dir='ltr'>redimit</span> <span class='ocrx_word' id='word_1_486' title='bbox 2850 1996 2963 2055; x_wconf 87' lang='lat' dir='ltr'>per</span> <span class='ocrx_word' id='word_1_487' title='bbox 2991 1979 3143 2040; x_wconf 90' lang='lat' dir='ltr'>illud</span> <span class='ocrx_word' id='word_1_488' title='bbox 3167 1981 3345 2061; x_wconf 88' lang='lat' dir='ltr'>jura-</span> 
     </span>
     <span class='ocr_line' id='line_1_74' title="bbox 1805 2061 3346 2153; baseline 0.012 -34"><span class='ocrx_word' id='word_1_489' title='bbox 1805 2065 2087 2121; x_wconf 87' lang='lat' dir='ltr'>mentum</span> <span class='ocrx_word' id='word_1_490' title='bbox 2104 2061 2502 2122; x_wconf 85' lang='lat' dir='ltr'>vexationem</span> <span class='ocrx_word' id='word_1_491' title='bbox 2530 2064 2834 2145; x_wconf 91' lang='lat' dir='ltr'>iniquam,</span> <span class='ocrx_word' id='word_1_492' title='bbox 2861 2089 2986 2149; x_wconf 88' lang='lat' dir='ltr'>qua</span> <span class='ocrx_word' id='word_1_493' title='bbox 3009 2072 3346 2153; x_wconf 87' lang='lat' dir='ltr'>impeditur</span> 
     </span>
     <span class='ocr_line' id='line_1_75' title="bbox 1809 2152 3346 2242; baseline 0.012 -30"><span class='ocrx_word' id='word_1_494' title='bbox 1809 2171 1886 2213; x_wconf 88' lang='lat' dir='ltr'>ne</span> <span class='ocrx_word' id='word_1_495' title='bbox 1916 2158 2018 2215; x_wconf 90' lang='lat' dir='ltr'>eat</span> <span class='ocrx_word' id='word_1_496' title='bbox 2046 2152 2126 2212; x_wconf 90' lang='lat' dir='ltr'>ad</span> <span class='ocrx_word' id='word_1_497' title='bbox 2171 2155 2568 2233; x_wconf 83' lang='lat' dir='ltr'>expedienda</span> <span class='ocrx_word' id='word_1_498' title='bbox 2594 2177 2708 2219; x_wconf 90' lang='lat' dir='ltr'>sua</span> <span class='ocrx_word' id='word_1_499' title='bbox 2738 2165 3012 2242; x_wconf 87' lang='lat' dir='ltr'>negotia,</span> <span class='ocrx_word' id='word_1_500' title='bbox 3047 2171 3110 2228; x_wconf 87' lang='lat' dir='ltr'>et</span> <span class='ocrx_word' id='word_1_501' title='bbox 3141 2169 3223 2231; x_wconf 90' lang='lat' dir='ltr'>ad</span> <span class='ocrx_word' id='word_1_502' title='bbox 3253 2170 3346 2229; x_wconf 90' lang='lat' dir='ltr'>in-</span> 
     </span>
     <span class='ocr_line' id='line_1_76' title="bbox 1807 2245 3346 2326; baseline 0.01 -18"><span class='ocrx_word' id='word_1_503' title='bbox 1807 2245 2101 2308; x_wconf 83' lang='lat' dir='ltr'>visendos</span> <span class='ocrx_word' id='word_1_504' title='bbox 2129 2265 2274 2306; x_wconf 89' lang='lat' dir='ltr'>sues</span> <span class='ocrx_word' id='word_1_505' title='bbox 2317 2251 2461 2309; x_wconf 86' lang='lat' dir='ltr'>ante</span> <span class='ocrx_word' id='word_1_506' title='bbox 2489 2254 2756 2312; x_wconf 88' lang='lat' dir='ltr'>mortem</span> <span class='ocrx_word' id='word_1_507' title='bbox 2780 2274 2795 2326; x_wconf 89' lang='lat'>;</span> <span class='ocrx_word' id='word_1_508' title='bbox 2844 2256 2897 2315; x_wconf 91' lang='lat' dir='ltr'>si</span> <span class='ocrx_word' id='word_1_509' title='bbox 2923 2276 3070 2320; x_wconf 86' lang='lat' dir='ltr'>vero</span> <span class='ocrx_word' id='word_1_510' title='bbox 3099 2262 3346 2324; x_wconf 88' lang='lat' dir='ltr'>solvens</span> 
     </span>
     <span class='ocr_line' id='line_1_77' title="bbox 1804 2338 3343 2425; baseline 0.012 -27"><span class='ocrx_word' id='word_1_511' title='bbox 1804 2338 2137 2420; x_wconf 88' lang='lat' dir='ltr'>pecuniam</span> <span class='ocrx_word' id='word_1_512' title='bbox 2153 2340 2606 2421; x_wconf 83' lang='lat' dir='ltr'>consideretur,</span> <span class='ocrx_word' id='word_1_513' title='bbox 2633 2348 2885 2425; x_wconf 89' lang='lat' dir='ltr'>quando</span> <span class='ocrx_word' id='word_1_514' title='bbox 2908 2355 3050 2412; x_wconf 87' lang='lat' dir='ltr'>actu</span> <span class='ocrx_word' id='word_1_515' title='bbox 3070 2372 3209 2414; x_wconf 91' lang='lat' dir='ltr'>eam</span> <span class='ocrx_word' id='word_1_516' title='bbox 3224 2356 3343 2416; x_wconf 90' lang='lat' dir='ltr'>sol-</span> 
     </span>
     <span class='ocr_line' id='line_1_78' title="bbox 1807 2433 3344 2515; baseline 0.012 -23"><span class='ocrx_word' id='word_1_517' title='bbox 1807 2433 1933 2508; x_wconf 87' lang='lat' dir='ltr'>vit,</span> <span class='ocrx_word' id='word_1_518' title='bbox 1995 2451 2160 2492; x_wconf 92' lang='lat' dir='ltr'>nunc</span> <span class='ocrx_word' id='word_1_519' title='bbox 2216 2452 2339 2494; x_wconf 90' lang='lat' dir='ltr'>non</span> <span class='ocrx_word' id='word_1_520' title='bbox 2400 2437 2601 2515; x_wconf 84' lang='lat' dir='ltr'>magis</span> <span class='ocrx_word' id='word_1_521' title='bbox 2649 2440 2903 2503; x_wconf 85' lang='lat' dir='ltr'>redimit</span> <span class='ocrx_word' id='word_1_522' title='bbox 2956 2447 3344 2509; x_wconf 84' lang='lat' dir='ltr'>vexationem</span> 
     </span>
     <span class='ocr_line' id='line_1_79' title="bbox 1810 2526 3346 2617; baseline 0.012 -33"><span class='ocrx_word' id='word_1_523' title='bbox 1810 2543 1999 2604; x_wconf 84' lang='lat' dir='ltr'>quam</span> <span class='ocrx_word' id='word_1_524' title='bbox 2020 2526 2127 2604; x_wconf 89' lang='lat' dir='ltr'>qui</span> <span class='ocrx_word' id='word_1_525' title='bbox 2146 2526 2310 2588; x_wconf 89' lang='lat' dir='ltr'>redit</span> <span class='ocrx_word' id='word_1_526' title='bbox 2328 2528 2408 2587; x_wconf 91' lang='lat' dir='ltr'>ad</span> <span class='ocrx_word' id='word_1_527' title='bbox 2429 2548 2745 2591; x_wconf 88' lang='lat' dir='ltr'>carcerem</span> <span class='ocrx_word' id='word_1_528' title='bbox 2761 2541 3015 2614; x_wconf 88' lang='lat' dir='ltr'>propter</span> <span class='ocrx_word' id='word_1_529' title='bbox 3025 2538 3346 2617; x_wconf 84' lang='lat' dir='ltr'>juramen·</span> 
     </span>
     <span class='ocr_line' id='line_1_80' title="bbox 1810 2620 3345 2708; baseline 0.012 -30"><span class='ocrx_word' id='word_1_530' title='bbox 1810 2622 1977 2689; x_wconf 90' lang='lat' dir='ltr'>tum;</span> <span class='ocrx_word' id='word_1_531' title='bbox 2036 2621 2187 2678; x_wconf 90' lang='lat' dir='ltr'>tunc</span> <span class='ocrx_word' id='word_1_532' title='bbox 2232 2620 2400 2679; x_wconf 90' lang='lat' dir='ltr'>enim</span> <span class='ocrx_word' id='word_1_533' title='bbox 2428 2624 2841 2702; x_wconf 89' lang='lat' dir='ltr'>supponimus</span> <span class='ocrx_word' id='word_1_534' title='bbox 2881 2627 3017 2708; x_wconf 88' lang='lat' dir='ltr'>jam</span> <span class='ocrx_word' id='word_1_535' title='bbox 3055 2650 3176 2693; x_wconf 84' lang='lat' dir='ltr'>non</span> <span class='ocrx_word' id='word_1_536' title='bbox 3211 2654 3345 2696; x_wconf 89' lang='lat' dir='ltr'>esse</span> 
     </span>
     <span class='ocr_line' id='line_1_81' title="bbox 1809 2709 3343 2806; baseline 0.014 -38"><span class='ocrx_word' id='word_1_537' title='bbox 1809 2709 1872 2769; x_wconf 88' lang='lat' dir='ltr'>in</span> <span class='ocrx_word' id='word_1_538' title='bbox 1904 2713 2211 2787; x_wconf 87' lang='lat' dir='ltr'>potestate</span> <span class='ocrx_word' id='word_1_539' title='bbox 2240 2711 2502 2774; x_wconf 91' lang='lat' dir='ltr'>latronis</span> <span class='ocrx_word' id='word_1_540' title='bbox 2526 2760 2542 2790; x_wconf 91' lang='lat'>,</span> <span class='ocrx_word' id='word_1_541' title='bbox 2605 2735 2720 2777; x_wconf 90' lang='lat' dir='ltr'>nec</span> <span class='ocrx_word' id='word_1_542' title='bbox 2759 2718 2824 2778; x_wconf 91' lang='lat' dir='ltr'>in</span> <span class='ocrx_word' id='word_1_543' title='bbox 2870 2722 3146 2798; x_wconf 91' lang='lat' dir='ltr'>periculo</span> <span class='ocrx_word' id='word_1_544' title='bbox 3176 2727 3343 2806; x_wconf 83' lang='lat' dir='ltr'>vitae,</span> 
     </span>
     <span class='ocr_line' id='line_1_82' title="bbox 1811 2803 3351 2889; baseline 0.013 -27"><span class='ocrx_word' id='word_1_545' title='bbox 1811 2803 1917 2863; x_wconf 87' lang='lat' dir='ltr'>sed</span> <span class='ocrx_word' id='word_1_546' title='bbox 1946 2803 2148 2863; x_wconf 88' lang='lat' dir='ltr'>solum</span> <span class='ocrx_word' id='word_1_547' title='bbox 2177 2804 2394 2883; x_wconf 88' lang='lat' dir='ltr'>implet</span> <span class='ocrx_word' id='word_1_548' title='bbox 2420 2808 2588 2885; x_wconf 92' lang='lat' dir='ltr'>quod</span> <span class='ocrx_word' id='word_1_549' title='bbox 2616 2811 2902 2889; x_wconf 88' lang='lat' dir='ltr'>promisit</span> <span class='ocrx_word' id='word_1_550' title='bbox 2931 2815 3011 2875; x_wconf 89' lang='lat' dir='ltr'>ad</span> <span class='ocrx_word' id='word_1_551' title='bbox 3040 2818 3351 2881; x_wconf 87' lang='lat' dir='ltr'>redimen-</span> 
     </span>
     <span class='ocr_line' id='line_1_83' title="bbox 1814 2895 3356 2984; baseline 0.014 -30"><span class='ocrx_word' id='word_1_552' title='bbox 1814 2895 1960 2955; x_wconf 87' lang='lat' dir='ltr'>dam</span> <span class='ocrx_word' id='word_1_553' title='bbox 1990 2897 2384 2958; x_wconf 81' lang='lat' dir='ltr'>vexationem</span> <span class='ocrx_word' id='word_1_554' title='bbox 2414 2914 2430 2961; x_wconf 71' lang='grc' dir='ltr'>ε</span> <span class='ocrx_word' id='word_1_555' title='bbox 2488 2901 2576 2962; x_wconf 88' lang='lat' dir='ltr'>sic</span> <span class='ocrx_word' id='word_1_556' title='bbox 2614 2918 2765 2983; x_wconf 87' lang='lat' dir='ltr'>ergo</span> <span class='ocrx_word' id='word_1_557' title='bbox 2798 2905 2907 2984; x_wconf 87' lang='lat' dir='ltr'>qui</span> <span class='ocrx_word' id='word_1_558' title='bbox 2930 2909 3095 2972; x_wconf 87' lang='lat' dir='ltr'>redit</span> <span class='ocrx_word' id='word_1_559' title='bbox 3123 2911 3188 2972; x_wconf 94' lang='lat' dir='ltr'>in</span> <span class='ocrx_word' id='word_1_560' title='bbox 3217 2932 3356 2974; x_wconf 88' lang='lat' dir='ltr'>car-</span> 
     </span>
     <span class='ocr_line' id='line_1_84' title="bbox 1814 2990 3357 3073; baseline 0.012 -23"><span class='ocrx_word' id='word_1_561' title='bbox 1814 3008 2042 3066; x_wconf 90' lang='lat' dir='ltr'>cerem,</span> <span class='ocrx_word' id='word_1_562' title='bbox 2074 2990 2221 3052; x_wconf 91' lang='lat' dir='ltr'>licet</span> <span class='ocrx_word' id='word_1_563' title='bbox 2248 3010 2415 3054; x_wconf 90' lang='lat' dir='ltr'>nunc</span> <span class='ocrx_word' id='word_1_564' title='bbox 2447 2995 2698 3073; x_wconf 90' lang='lat' dir='ltr'>quando</span> <span class='ocrx_word' id='word_1_565' title='bbox 2733 2998 2898 3061; x_wconf 92' lang='lat' dir='ltr'>redit</span> <span class='ocrx_word' id='word_1_566' title='bbox 2927 3020 3053 3063; x_wconf 92' lang='lat' dir='ltr'>non</span> <span class='ocrx_word' id='word_1_567' title='bbox 3084 3006 3357 3069; x_wconf 89' lang='lat' dir='ltr'>redimat</span> 
     </span>
     <span class='ocr_line' id='line_1_85' title="bbox 1815 3082 3356 3178; baseline 0.012 -35"><span class='ocrx_word' id='word_1_568' title='bbox 1815 3082 2210 3144; x_wconf 83' lang='lat' dir='ltr'>vexationem</span> <span class='ocrx_word' id='word_1_569' title='bbox 2263 3087 2611 3162; x_wconf 89' lang='lat' dir='ltr'>actualem;</span> <span class='ocrx_word' id='word_1_570' title='bbox 2691 3096 2842 3152; x_wconf 91' lang='lat' dir='ltr'>tunc</span> <span class='ocrx_word' id='word_1_571' title='bbox 2882 3096 3094 3156; x_wconf 87' lang='lat' dir='ltr'>tamen</span> <span class='ocrx_word' id='word_1_572' title='bbox 3136 3098 3356 3178; x_wconf 89' lang='lat' dir='ltr'>implet</span> 
     </span>
     <span class='ocr_line' id='line_1_86' title="bbox 1818 3175 3359 3261; baseline 0.013 -26"><span class='ocrx_word' id='word_1_573' title='bbox 1818 3175 1986 3255; x_wconf 90' lang='lat' dir='ltr'>quod</span> <span class='ocrx_word' id='word_1_574' title='bbox 2027 3177 2315 3255; x_wconf 89' lang='lat' dir='ltr'>promisit</span> <span class='ocrx_word' id='word_1_575' title='bbox 2360 3198 2503 3242; x_wconf 91' lang='lat' dir='ltr'>cum</span> <span class='ocrx_word' id='word_1_576' title='bbox 2533 3180 2896 3261; x_wconf 90' lang='lat' dir='ltr'>juramento</span> <span class='ocrx_word' id='word_1_577' title='bbox 2928 3188 3008 3249; x_wconf 90' lang='lat' dir='ltr'>ad</span> <span class='ocrx_word' id='word_1_578' title='bbox 3038 3192 3359 3254; x_wconf 84' lang='lat' dir='ltr'>redimen-</span> 
     </span>
     <span class='ocr_line' id='line_1_87' title="bbox 1817 3268 3359 3357; baseline 0.013 -30"><span class='ocrx_word' id='word_1_579' title='bbox 1817 3268 1963 3329; x_wconf 89' lang='lat' dir='ltr'>dam</span> <span class='ocrx_word' id='word_1_580' title='bbox 1994 3269 2268 3347; x_wconf 89' lang='lat' dir='ltr'>priorem</span> <span class='ocrx_word' id='word_1_581' title='bbox 2291 3273 2716 3348; x_wconf 81' lang='lat' dir='ltr'>vexationem3</span> <span class='ocrx_word' id='word_1_582' title='bbox 2752 3295 2901 3357; x_wconf 88' lang='lat' dir='ltr'>ergo</span> <span class='ocrx_word' id='word_1_583' title='bbox 2924 3282 3093 3342; x_wconf 89' lang='lat' dir='ltr'>nulla</span> <span class='ocrx_word' id='word_1_584' title='bbox 3118 3289 3212 3346; x_wconf 91' lang='lat' dir='ltr'>est</span> <span class='ocrx_word' id='word_1_585' title='bbox 3233 3286 3359 3346; x_wconf 89' lang='lat' dir='ltr'>dis-</span> 
     </span>
     <span class='ocr_line' id='line_1_88' title="bbox 1818 3361 2638 3443; baseline 0.011 -24"><span class='ocrx_word' id='word_1_586' title='bbox 1818 3361 2047 3439; x_wconf 88' lang='lat' dir='ltr'>paritas</span> <span class='ocrx_word' id='word_1_587' title='bbox 2078 3361 2142 3420; x_wconf 92' lang='lat' dir='ltr'>in</span> <span class='ocrx_word' id='word_1_588' title='bbox 2176 3367 2437 3443; x_wconf 89' lang='lat' dir='ltr'>utroque</span> <span class='ocrx_word' id='word_1_589' title='bbox 2467 3385 2638 3428; x_wconf 87' lang='lat' dir='ltr'>casu.</span> 
     </span>
    </p>

    <p class='ocr_par' dir='ltr' id='par_1_8' title="bbox 1816 3453 3372 4558">
     <span class='ocr_line' id='line_1_89' title="bbox 1897 3453 3357 3549; baseline 0.013 -34"><span class='ocrx_word' id='word_1_590' title='bbox 1897 3453 2124 3532; x_wconf 87' lang='lat' dir='ltr'>Objicit</span> <span class='ocrx_word' id='word_1_591' title='bbox 2152 3458 2459 3535; x_wconf 78' lang='lat' dir='ltr'>vasquez,</span> <span class='ocrx_word' id='word_1_592' title='bbox 2486 3459 2632 3537; x_wconf 88' lang='lat' dir='ltr'>quia</span> <span class='ocrx_word' id='word_1_593' title='bbox 2664 3465 2732 3522; x_wconf 93' lang='lat' dir='ltr'>ut</span> <span class='ocrx_word' id='word_1_594' title='bbox 2775 3463 3010 3543; x_wconf 89' lang='lat' dir='ltr'>obliget</span> <span class='ocrx_word' id='word_1_595' title='bbox 3031 3466 3357 3549; x_wconf 87' lang='lat' dir='ltr'>juramen-</span> 
     </span>
     <span class='ocr_line' id='line_1_90' title="bbox 1817 3546 3360 3632; baseline 0.014 -26"><span class='ocrx_word' id='word_1_596' title='bbox 1817 3551 1950 3607; x_wconf 88' lang='lat' dir='ltr'>tum</span> <span class='ocrx_word' id='word_1_597' title='bbox 1973 3591 1989 3621; x_wconf 90' lang='lat'>,</span> <span class='ocrx_word' id='word_1_598' title='bbox 2050 3546 2241 3608; x_wconf 88' lang='lat' dir='ltr'>debet</span> <span class='ocrx_word' id='word_1_599' title='bbox 2284 3548 2437 3609; x_wconf 90' lang='lat' dir='ltr'>illud</span> <span class='ocrx_word' id='word_1_600' title='bbox 2489 3552 2656 3629; x_wconf 90' lang='lat' dir='ltr'>quod</span> <span class='ocrx_word' id='word_1_601' title='bbox 2679 3552 2934 3632; x_wconf 87' lang='lat' dir='ltr'>juratur</span> <span class='ocrx_word' id='word_1_602' title='bbox 2972 3578 3106 3622; x_wconf 91' lang='lat' dir='ltr'>esse</span> <span class='ocrx_word' id='word_1_603' title='bbox 3136 3565 3259 3625; x_wconf 86' lang='lat' dir='ltr'>tale</span> <span class='ocrx_word' id='word_1_604' title='bbox 3289 3568 3360 3626; x_wconf 93' lang='lat' dir='ltr'>ut</span> 
     </span>
     <span class='ocr_line' id='line_1_91' title="bbox 1816 3639 3358 3724; baseline 0.014 -26"><span class='ocrx_word' id='word_1_605' title='bbox 1816 3639 2012 3718; x_wconf 88' lang='lat' dir='ltr'>possit</span> <span class='ocrx_word' id='word_1_606' title='bbox 2043 3657 2177 3699; x_wconf 90' lang='lat' dir='ltr'>esse</span> <span class='ocrx_word' id='word_1_607' title='bbox 2209 3643 2384 3700; x_wconf 91' lang='lat' dir='ltr'>actus</span> <span class='ocrx_word' id='word_1_608' title='bbox 2414 3642 2677 3722; x_wconf 89' lang='lat' dir='ltr'>alicujus</span> <span class='ocrx_word' id='word_1_609' title='bbox 2694 3647 2972 3724; x_wconf 82' lang='lat' dir='ltr'>virtutis3</span> <span class='ocrx_word' id='word_1_610' title='bbox 3008 3655 3214 3716; x_wconf 90' lang='lat' dir='ltr'>redire</span> <span class='ocrx_word' id='word_1_611' title='bbox 3245 3678 3358 3719; x_wconf 83' lang='lat' dir='ltr'>au-</span> 
     </span>
     <span class='ocr_line' id='line_1_92' title="bbox 1816 3731 3358 3829; baseline 0.014 -36"><span class='ocrx_word' id='word_1_612' title='bbox 1816 3736 1943 3793; x_wconf 89' lang='lat' dir='ltr'>tem</span> <span class='ocrx_word' id='word_1_613' title='bbox 1975 3731 2056 3791; x_wconf 91' lang='lat' dir='ltr'>ad</span> <span class='ocrx_word' id='word_1_614' title='bbox 2086 3749 2428 3810; x_wconf 86' lang='lat' dir='ltr'>carcerem,</span> <span class='ocrx_word' id='word_1_615' title='bbox 2460 3736 2561 3795; x_wconf 86' lang='lat' dir='ltr'>vel</span> <span class='ocrx_word' id='word_1_616' title='bbox 2588 3754 2845 3801; x_wconf 85' lang='lat' dir='ltr'>manere</span> <span class='ocrx_word' id='word_1_617' title='bbox 2876 3742 2938 3802; x_wconf 91' lang='lat' dir='ltr'>in</span> <span class='ocrx_word' id='word_1_618' title='bbox 2967 3743 3073 3807; x_wconf 91' lang='lat' dir='ltr'>illo</span> <span class='ocrx_word' id='word_1_619' title='bbox 3102 3748 3168 3809; x_wconf 92' lang='lat' dir='ltr'>in</span> <span class='ocrx_word' id='word_1_620' title='bbox 3196 3770 3358 3829; x_wconf 79' lang='lat' dir='ltr'>prae-</span> 
     </span>
     <span class='ocr_line' id='line_1_93' title="bbox 1819 3824 3361 3917; baseline 0.014 -33"><span class='ocrx_word' id='word_1_621' title='bbox 1819 3824 1985 3885; x_wconf 92' lang='lat' dir='ltr'>dicto</span> <span class='ocrx_word' id='word_1_622' title='bbox 2016 3842 2163 3884; x_wconf 87' lang='lat' dir='ltr'>casu</span> <span class='ocrx_word' id='word_1_623' title='bbox 2181 3843 2309 3886; x_wconf 92' lang='lat' dir='ltr'>non</span> <span class='ocrx_word' id='word_1_624' title='bbox 2333 3829 2427 3886; x_wconf 89' lang='lat' dir='ltr'>est</span> <span class='ocrx_word' id='word_1_625' title='bbox 2443 3830 2618 3888; x_wconf 86' lang='lat' dir='ltr'>actus</span> <span class='ocrx_word' id='word_1_626' title='bbox 2643 3830 2921 3909; x_wconf 85' lang='lat' dir='ltr'>virtutis3</span> <span class='ocrx_word' id='word_1_627' title='bbox 2957 3837 3136 3917; x_wconf 89' lang='lat' dir='ltr'>cujus</span> <span class='ocrx_word' id='word_1_628' title='bbox 3154 3843 3361 3906; x_wconf 79' lang='lat' dir='ltr'>enim?</span> 
     </span>
     <span class='ocr_line' id='line_1_94' title="bbox 1821 3916 3359 4012; baseline 0.014 -35"><span class='ocrx_word' id='word_1_629' title='bbox 1821 3935 1943 3978; x_wconf 89' lang='lat' dir='ltr'>non</span> <span class='ocrx_word' id='word_1_630' title='bbox 1974 3916 2290 3995; x_wconf 84' lang='lat' dir='ltr'>patientiae</span> <span class='ocrx_word' id='word_1_631' title='bbox 2322 3964 2338 3995; x_wconf 97' lang='lat'>,</span> <span class='ocrx_word' id='word_1_632' title='bbox 2385 3920 2532 3999; x_wconf 86' lang='lat' dir='ltr'>quia</span> <span class='ocrx_word' id='word_1_633' title='bbox 2562 3940 2686 3983; x_wconf 90' lang='lat' dir='ltr'>non</span> <span class='ocrx_word' id='word_1_634' title='bbox 2718 3927 2812 3986; x_wconf 89' lang='lat' dir='ltr'>est</span> <span class='ocrx_word' id='word_1_635' title='bbox 2842 3933 3015 3990; x_wconf 88' lang='lat' dir='ltr'>actus</span> <span class='ocrx_word' id='word_1_636' title='bbox 3043 3934 3359 4012; x_wconf 82' lang='lat' dir='ltr'>patientiae</span> 
     </span>
     <span class='ocr_line' id='line_1_95' title="bbox 1819 4010 3361 4091; baseline 0.015 -22"><span class='ocrx_word' id='word_1_637' title='bbox 1819 4010 1981 4071; x_wconf 89' lang='lat' dir='ltr'>ultro</span> <span class='ocrx_word' id='word_1_638' title='bbox 2013 4028 2079 4070; x_wconf 90' lang='lat' dir='ltr'>se</span> <span class='ocrx_word' id='word_1_639' title='bbox 2109 4010 2243 4073; x_wconf 89' lang='lat' dir='ltr'>sine</span> <span class='ocrx_word' id='word_1_640' title='bbox 2273 4028 2464 4073; x_wconf 91' lang='lat' dir='ltr'>causa</span> <span class='ocrx_word' id='word_1_641' title='bbox 2491 4016 2682 4076; x_wconf 87' lang='lat' dir='ltr'>morti</span> <span class='ocrx_word' id='word_1_642' title='bbox 2713 4020 2932 4082; x_wconf 84' lang='lat' dir='ltr'>offerre</span> <span class='ocrx_word' id='word_1_643' title='bbox 2983 4043 2996 4085; x_wconf 91' lang='lat'>:</span> <span class='ocrx_word' id='word_1_644' title='bbox 3057 4045 3183 4089; x_wconf 89' lang='lat' dir='ltr'>non</span> <span class='ocrx_word' id='word_1_645' title='bbox 3213 4030 3361 4091; x_wconf 89' lang='lat' dir='ltr'>item</span> 
     </span>
     <span class='ocr_line' id='line_1_96' title="bbox 1822 4102 3360 4188; baseline 0.014 -25"><span class='ocrx_word' id='word_1_646' title='bbox 1822 4107 1916 4163; x_wconf 86' lang='lat' dir='ltr'>est</span> <span class='ocrx_word' id='word_1_647' title='bbox 1944 4105 2121 4163; x_wconf 85' lang='lat' dir='ltr'>actus</span> <span class='ocrx_word' id='word_1_648' title='bbox 2151 4102 2489 4182; x_wconf 77' lang='lat' dir='ltr'>fidelitatis,</span> <span class='ocrx_word' id='word_1_649' title='bbox 2527 4107 2676 4186; x_wconf 89' lang='lat' dir='ltr'>quia</span> <span class='ocrx_word' id='word_1_650' title='bbox 2702 4114 2970 4188; x_wconf 90' lang='lat' dir='ltr'>tyranno</span> <span class='ocrx_word' id='word_1_651' title='bbox 3017 4137 3141 4179; x_wconf 90' lang='lat' dir='ltr'>non</span> <span class='ocrx_word' id='word_1_652' title='bbox 3173 4127 3267 4184; x_wconf 90' lang='lat' dir='ltr'>est</span> <span class='ocrx_word' id='word_1_653' title='bbox 3294 4125 3360 4184; x_wconf 86' lang='lat' dir='ltr'>fi-</span> 
     </span>
     <span class='ocr_line' id='line_1_97' title="bbox 1825 4195 3362 4294; baseline 0.015 -39"><span class='ocrx_word' id='word_1_654' title='bbox 1825 4196 1934 4255; x_wconf 89' lang='lat' dir='ltr'>des</span> <span class='ocrx_word' id='word_1_655' title='bbox 1964 4195 2271 4256; x_wconf 83' lang='lat' dir='ltr'>servanda</span> <span class='ocrx_word' id='word_1_656' title='bbox 2302 4196 2364 4255; x_wconf 89' lang='lat' dir='ltr'>in</span> <span class='ocrx_word' id='word_1_657' title='bbox 2398 4197 2470 4258; x_wconf 88' lang='lat' dir='ltr'>iis</span> <span class='ocrx_word' id='word_1_658' title='bbox 2501 4218 2641 4278; x_wconf 83' lang='lat' dir='ltr'>quae</span> <span class='ocrx_word' id='word_1_659' title='bbox 2670 4202 2898 4281; x_wconf 85' lang='lat' dir='ltr'>injuste</span> <span class='ocrx_word' id='word_1_660' title='bbox 2928 4209 3120 4290; x_wconf 87' lang='lat' dir='ltr'>exigit</span> <span class='ocrx_word' id='word_1_661' title='bbox 3150 4231 3165 4277; x_wconf 89' lang='lat'>:</span> <span class='ocrx_word' id='word_1_662' title='bbox 3213 4235 3362 4294; x_wconf 88' lang='lat' dir='ltr'>ergo</span> 
     </span>
     <span class='ocr_line' id='line_1_98' title="bbox 1825 4289 3367 4382; baseline 0.016 -34"><span class='ocrx_word' id='word_1_663' title='bbox 1825 4289 1924 4349; x_wconf 89' lang='lat' dir='ltr'>ille</span> <span class='ocrx_word' id='word_1_664' title='bbox 1954 4306 2077 4349; x_wconf 90' lang='lat' dir='ltr'>non</span> <span class='ocrx_word' id='word_1_665' title='bbox 2109 4292 2203 4349; x_wconf 92' lang='lat' dir='ltr'>est</span> <span class='ocrx_word' id='word_1_666' title='bbox 2230 4293 2407 4351; x_wconf 88' lang='lat' dir='ltr'>actus</span> <span class='ocrx_word' id='word_1_667' title='bbox 2436 4291 2684 4355; x_wconf 88' lang='lat' dir='ltr'>virtutis</span> <span class='ocrx_word' id='word_1_668' title='bbox 2714 4297 2825 4356; x_wconf 87' lang='lat' dir='ltr'>sed</span> <span class='ocrx_word' id='word_1_669' title='bbox 2856 4302 3061 4377; x_wconf 87' lang='lat' dir='ltr'>potius</span> <span class='ocrx_word' id='word_1_670' title='bbox 3085 4307 3249 4382; x_wconf 87' lang='lat' dir='ltr'>vitii;</span> <span class='ocrx_word' id='word_1_671' title='bbox 3272 4315 3367 4373; x_wconf 90' lang='lat' dir='ltr'>est</span> 
     </span>
     <span class='ocr_line' id='line_1_99' title="bbox 1827 4380 3362 4479; baseline 0.015 -38"><span class='ocrx_word' id='word_1_672' title='bbox 1827 4381 1995 4442; x_wconf 89' lang='lat' dir='ltr'>enim</span> <span class='ocrx_word' id='word_1_673' title='bbox 2021 4380 2431 4460; x_wconf 87' lang='lat' dir='ltr'>prodigalitas</span> <span class='ocrx_word' id='word_1_674' title='bbox 2461 4385 2752 4463; x_wconf 81' lang='lat' dir='ltr'>quaedam</span> <span class='ocrx_word' id='word_1_675' title='bbox 2776 4392 2944 4455; x_wconf 82' lang='lat' dir='ltr'>vitae.</span> <span class='ocrx_word' id='word_1_676' title='bbox 3006 4399 3362 4479; x_wconf 86' lang='lat' dir='ltr'>Responde·</span> 
     </span>
     <span class='ocr_line' id='line_1_100' title="bbox 1826 4474 3372 4558; baseline 0.019 -30"><span class='ocrx_word' id='word_1_677' title='bbox 1826 4478 1955 4550; x_wconf 84' lang='lat' dir='ltr'>tur,</span> <span class='ocrx_word' id='word_1_678' title='bbox 1991 4475 2298 4553; x_wconf 88' lang='lat' dir='ltr'>maj0rcm</span> <span class='ocrx_word' id='word_1_679' title='bbox 2333 4474 2393 4535; x_wconf 91' lang='lat' dir='ltr'>in</span> <span class='ocrx_word' id='word_1_680' title='bbox 2424 4478 2643 4556; x_wconf 88' lang='lat' dir='ltr'>primis</span> <span class='ocrx_word' id='word_1_681' title='bbox 2676 4499 2810 4543; x_wconf 91' lang='lat' dir='ltr'>esse</span> <span class='ocrx_word' id='word_1_682' title='bbox 2842 4485 3063 4549; x_wconf 86' lang='lat' dir='ltr'>falsam</span> <span class='ocrx_word' id='word_1_683' title='bbox 3094 4511 3107 4551; x_wconf 90' lang='lat'>:</span> <span class='ocrx_word' id='word_1_684' title='bbox 3142 4496 3372 4558; x_wconf 87' lang='lat' dir='ltr'>sufficit</span> 
     </span>
    </p>
   </div>
   <div class='ocr_carea' id='block_1_6' title="bbox 3475 783 3557 845">
    <p class='ocr_par' dir='ltr' id='par_1_9' title="bbox 3475 783 3557 845">
     <span class='ocr_line' id='line_1_101' title="bbox 3475 783 3557 845; baseline 0.012 -1"><span class='ocrx_word' id='word_1_685' title='bbox 3475 783 3557 845; x_wconf 80' lang='lat'>50</span> 
     </span>
    </p>
   </div>
   <div class='ocr_carea' id='block_1_7' title="bbox 3502 3504 3575 3564">
    <p class='ocr_par' dir='ltr' id='par_1_10' title="bbox 3502 3504 3575 3564">
     <span class='ocr_line' id='line_1_102' title="bbox 3502 3504 3575 3564; baseline -0.014 0"><span class='ocrx_word' id='word_1_686' title='bbox 3502 3504 3575 3564; x_wconf 80' lang='lat'>51</span> 
     </span>
    </p>
   </div>
   <div class='ocr_carea' id='block_1_8' title="bbox 3427 3631 3703 3741">
    <p class='ocr_par' dir='ltr' id='par_1_11' title="bbox 3427 3631 3703 3741">
     <span class='ocr_line' id='line_1_103' title="bbox 3444 3631 3667 3675; baseline 0 0"><span class='ocrx_word' id='word_1_687' title='bbox 3444 3631 3667 3675; x_wconf 78' lang='lat' dir='ltr'>Solvuntur</span> 
     </span>
     <span class='ocr_line' id='line_1_104' title="bbox 3427 3685 3703 3741; baseline 0.007 -13"><span class='ocrx_word' id='word_1_688' title='bbox 3427 3685 3703 3741; x_wconf 70' lang='lat' dir='ltr'>objectiones.</span> 
     </span>
    </p>
   </div>
   <div class='ocr_carea' id='block_1_9' title="bbox 1828 4566 3437 4656">
    <p class='ocr_par' dir='ltr' id='par_1_12' title="bbox 1828 4566 3437 4656">
     <span class='ocr_line' id='line_1_105' title="bbox 1828 4566 3437 4656; baseline 0.015 -29"><span class='ocrx_word' id='word_1_689' title='bbox 1828 4566 1995 4627; x_wconf 89' lang='lat' dir='ltr'>enim</span> <span class='ocrx_word' id='word_1_690' title='bbox 2027 4567 2196 4645; x_wconf 85' lang='lat' dir='ltr'>quod</span> <span class='ocrx_word' id='word_1_691' title='bbox 2224 4587 2324 4628; x_wconf 88' lang='lat' dir='ltr'>res</span> <span class='ocrx_word' id='word_1_692' title='bbox 2352 4571 2658 4648; x_wconf 86' lang='lat' dir='ltr'>promissa</span> <span class='ocrx_word' id='word_1_693' title='bbox 2696 4575 2773 4638; x_wconf 83' lang='lat' dir='ltr'>sit</span> <span class='ocrx_word' id='word_1_694' title='bbox 2806 4577 2973 4639; x_wconf 88' lang='lat' dir='ltr'>licita</span> <span class='ocrx_word' id='word_1_695' title='bbox 2997 4626 3012 4656; x_wconf 91' lang='lat'>,</span> <span class='ocrx_word' id='word_1_696' title='bbox 3063 4583 3210 4647; x_wconf 92' lang='lat' dir='ltr'>licet</span> <span class='ocrx_word' id='word_1_697' title='bbox 3240 4607 3363 4649; x_wconf 87' lang='lat' dir='ltr'>non</span> <span class='ocrx_word' id='word_1_698' title='bbox 3433 4635 3437 4639; x_wconf 77' lang='lat'><strong>.</strong></span> 
     </span>
    </p>
   </div>
   <div class='ocr_carea' id='block_1_10' title="bbox 1829 4660 3374 5507">
    <p class='ocr_par' dir='ltr' id='par_1_13' title="bbox 1829 4660 3374 5507">
     <span class='ocr_line' id='line_1_106' title="bbox 1829 4660 3360 4761; baseline 0.016 -41"><span class='ocrx_word' id='word_1_699' title='bbox 1829 4660 1908 4720; x_wconf 85' lang='lat' dir='ltr'>sit</span> <span class='ocrx_word' id='word_1_700' title='bbox 1931 4662 2105 4720; x_wconf 86' lang='lat' dir='ltr'>actus</span> <span class='ocrx_word' id='word_1_701' title='bbox 2136 4660 2382 4723; x_wconf 81' lang='lat' dir='ltr'>virtutis</span> <span class='ocrx_word' id='word_1_702' title='bbox 2436 4684 2449 4724; x_wconf 89' lang='grc'>;</span> <span class='ocrx_word' id='word_1_703' title='bbox 2510 4665 2619 4725; x_wconf 89' lang='lat' dir='ltr'>sed</span> <span class='ocrx_word' id='word_1_704' title='bbox 2663 4667 2969 4749; x_wconf 84' lang='lat' dir='ltr'>quidquid</span> <span class='ocrx_word' id='word_1_705' title='bbox 3000 4674 3079 4736; x_wconf 90' lang='lat' dir='ltr'>sit</span> <span class='ocrx_word' id='word_1_706' title='bbox 3110 4677 3188 4739; x_wconf 93' lang='lat' dir='ltr'>de</span> <span class='ocrx_word' id='word_1_707' title='bbox 3218 4680 3360 4761; x_wconf 86' lang='lat' dir='ltr'>hoc,</span> 
     </span>
     <span class='ocr_line' id='line_1_107' title="bbox 1830 4753 3365 4836; baseline 0.016 -25"><span class='ocrx_word' id='word_1_708' title='bbox 1830 4756 2096 4831; x_wconf 86' lang='lat' dir='ltr'>negatur</span> <span class='ocrx_word' id='word_1_709' title='bbox 2124 4753 2331 4816; x_wconf 88' lang='lat' dir='ltr'>minor</span> <span class='ocrx_word' id='word_1_710' title='bbox 2356 4776 2367 4816; x_wconf 93' lang='lat'>:</span> <span class='ocrx_word' id='word_1_711' title='bbox 2404 4756 2506 4816; x_wconf 90' lang='lat' dir='ltr'>ille</span> <span class='ocrx_word' id='word_1_712' title='bbox 2528 4758 2694 4818; x_wconf 87' lang='lat' dir='ltr'>enim</span> <span class='ocrx_word' id='word_1_713' title='bbox 2718 4765 2811 4821; x_wconf 89' lang='lat' dir='ltr'>cst</span> <span class='ocrx_word' id='word_1_714' title='bbox 2832 4768 3006 4825; x_wconf 83' lang='lat' dir='ltr'>act-us</span> <span class='ocrx_word' id='word_1_715' title='bbox 3028 4770 3365 4836; x_wconf 82' lang='lat' dir='ltr'>multarum</span> 
     </span>
     <span class='ocr_line' id='line_1_108' title="bbox 1831 4845 3360 4947; baseline 0.016 -41"><span class='ocrx_word' id='word_1_716' title='bbox 1831 4845 2169 4923; x_wconf 85' lang='lat' dir='ltr'>virtutum,</span> <span class='ocrx_word' id='word_1_717' title='bbox 2206 4848 2503 4909; x_wconf 90' lang='lat' dir='ltr'>nimirum</span> <span class='ocrx_word' id='word_1_718' title='bbox 2537 4852 2919 4916; x_wconf 89' lang='lat' dir='ltr'>fortitudinis</span> <span class='ocrx_word' id='word_1_719' title='bbox 2944 4904 2959 4935; x_wconf 91' lang='lat'>,</span> <span class='ocrx_word' id='word_1_720' title='bbox 3019 4865 3360 4947; x_wconf 64' lang='lat' dir='ltr'>patientiae,</span> 
     </span>
     <span class='ocr_line' id='line_1_109' title="bbox 1831 4939 3368 5040; baseline 0.016 -42"><span class='ocrx_word' id='word_1_721' title='bbox 1831 4939 2216 5017; x_wconf 80' lang='lat' dir='ltr'>veracitatiS,</span> <span class='ocrx_word' id='word_1_722' title='bbox 2250 4941 2329 5000; x_wconf 88' lang='lat' dir='ltr'>ad</span> <span class='ocrx_word' id='word_1_723' title='bbox 2361 4960 2516 5020; x_wconf 88' lang='lat' dir='ltr'>quas</span> <span class='ocrx_word' id='word_1_724' title='bbox 2534 4944 3131 5029; x_wconf 83' lang='lat' dir='ltr'>pertinetcxponere</span> <span class='ocrx_word' id='word_1_725' title='bbox 3160 4978 3227 5019; x_wconf 90' lang='lat' dir='ltr'>se</span> <span class='ocrx_word' id='word_1_726' title='bbox 3258 4981 3368 5040; x_wconf 90' lang='lat' dir='ltr'>pe-</span> 
     </span>
     <span class='ocr_line' id='line_1_110' title="bbox 1830 5030 3368 5127; baseline 0.016 -37"><span class='ocrx_word' id='word_1_727' title='bbox 1830 5030 2047 5092; x_wconf 90' lang='lat' dir='ltr'>riculis</span> <span class='ocrx_word' id='word_1_728' title='bbox 2078 5049 2223 5092; x_wconf 92' lang='lat' dir='ltr'>cum</span> <span class='ocrx_word' id='word_1_729' title='bbox 2271 5051 2462 5093; x_wconf 88' lang='lat' dir='ltr'>causa</span> <span class='ocrx_word' id='word_1_730' title='bbox 2483 5034 2653 5114; x_wconf 87' lang='lat' dir='ltr'>justa</span> <span class='ocrx_word' id='word_1_731' title='bbox 2677 5084 2693 5114; x_wconf 91' lang='lat'>‚</span> <span class='ocrx_word' id='word_1_732' title='bbox 2754 5041 2954 5118; x_wconf 90' lang='lat' dir='ltr'>qualis</span> <span class='ocrx_word' id='word_1_733' title='bbox 2982 5043 3044 5103; x_wconf 91' lang='lat' dir='ltr'>in</span> <span class='ocrx_word' id='word_1_734' title='bbox 3074 5055 3368 5127; x_wconf 70' lang='lat' dir='ltr'>praesenti</span> 
     </span>
     <span class='ocr_line' id='line_1_111' title="bbox 1834 5124 3366 5225; baseline 0.016 -42"><span class='ocrx_word' id='word_1_735' title='bbox 1834 5124 2053 5198; x_wconf 87' lang='lat' dir='ltr'>datur;</span> <span class='ocrx_word' id='word_1_736' title='bbox 2091 5140 2281 5186; x_wconf 89' lang='lat' dir='ltr'>causa</span> <span class='ocrx_word' id='word_1_737' title='bbox 2310 5133 2520 5189; x_wconf 88' lang='lat' dir='ltr'>autem</span> <span class='ocrx_word' id='word_1_738' title='bbox 2535 5128 2706 5209; x_wconf 87' lang='lat' dir='ltr'>justa</span> <span class='ocrx_word' id='word_1_739' title='bbox 2728 5136 2822 5193; x_wconf 91' lang='lat' dir='ltr'>cst</span> <span class='ocrx_word' id='word_1_740' title='bbox 2840 5135 3071 5198; x_wconf 84' lang='lat' dir='ltr'>utilitas</span> <span class='ocrx_word' id='word_1_741' title='bbox 3092 5143 3366 5225; x_wconf 86' lang='lat' dir='ltr'>publica,</span> 
     </span>
     <span class='ocr_line' id='line_1_112' title="bbox 1835 5217 3373 5313; baseline 0.018 -38"><span class='ocrx_word' id='word_1_742' title='bbox 1835 5217 1983 5296; x_wconf 88' lang='lat' dir='ltr'>quia</span> <span class='ocrx_word' id='word_1_743' title='bbox 2014 5218 2067 5278; x_wconf 90' lang='lat' dir='ltr'>si</span> <span class='ocrx_word' id='word_1_744' title='bbox 2096 5218 2410 5297; x_wconf 87' lang='lat' dir='ltr'>ejusmodi</span> <span class='ocrx_word' id='word_1_745' title='bbox 2463 5222 2909 5299; x_wconf 90' lang='lat' dir='ltr'>promissiones</span> <span class='ocrx_word' id='word_1_746' title='bbox 2951 5248 3076 5290; x_wconf 92' lang='lat' dir='ltr'>non</span> <span class='ocrx_word' id='word_1_747' title='bbox 3117 5247 3373 5313; x_wconf 87' lang='lat' dir='ltr'>possent</span> 
     </span>
     <span class='ocr_line' id='line_1_113' title="bbox 1831 5308 3374 5398; baseline 0.018 -32"><span class='ocrx_word' id='word_1_748' title='bbox 1831 5308 1998 5369; x_wconf 91' lang='lat' dir='ltr'>licite</span> <span class='ocrx_word' id='word_1_749' title='bbox 2021 5314 2081 5369; x_wconf 90' lang='lat' dir='ltr'>et</span> <span class='ocrx_word' id='word_1_750' title='bbox 2110 5310 2385 5372; x_wconf 87' lang='lat' dir='ltr'>studiose</span> <span class='ocrx_word' id='word_1_751' title='bbox 2415 5312 2660 5391; x_wconf 90' lang='lat' dir='ltr'>impleri</span> <span class='ocrx_word' id='word_1_752' title='bbox 2690 5360 2705 5391; x_wconf 97' lang='lat'>,</span> <span class='ocrx_word' id='word_1_753' title='bbox 2739 5335 2862 5379; x_wconf 90' lang='lat' dir='ltr'>non</span> <span class='ocrx_word' id='word_1_754' title='bbox 2892 5331 3144 5398; x_wconf 87' lang='lat' dir='ltr'>possent</span> <span class='ocrx_word' id='word_1_755' title='bbox 3171 5328 3374 5394; x_wconf 85' lang='lat' dir='ltr'>homi-</span> 
     </span>
     <span class='ocr_line' id='line_1_114' title="bbox 1837 5402 3369 5507; baseline 0.019 -48"><span class='ocrx_word' id='word_1_756' title='bbox 1837 5419 1947 5461; x_wconf 90' lang='lat' dir='ltr'>nes</span> <span class='ocrx_word' id='word_1_757' title='bbox 1993 5402 2305 5463; x_wconf 90' lang='lat' dir='ltr'>redimere</span> <span class='ocrx_word' id='word_1_758' title='bbox 2360 5422 2539 5465; x_wconf 74' lang='lat' dir='ltr'>suam</span> <span class='ocrx_word' id='word_1_759' title='bbox 2606 5407 2902 5487; x_wconf 87' lang='lat' dir='ltr'>injustam</span> <span class='ocrx_word' id='word_1_760' title='bbox 2954 5420 3369 5507; x_wconf 83' lang='lat' dir='ltr'>vexationem,</span> 
     </span>
    </p>
   </div>
   <div class='ocr_carea' id='block_1_11' title="bbox 1834 5495 3374 5665">
    <p class='ocr_par' dir='ltr' id='par_1_14' title="bbox 1834 5495 3374 5665">
     <span class='ocr_line' id='line_1_115' title="bbox 1834 5495 3374 5583; baseline 0.02 -31"><span class='ocrx_word' id='word_1_761' title='bbox 1834 5495 2088 5573; x_wconf 81' lang='lat' dir='ltr'>quando</span> <span class='ocrx_word' id='word_1_762' title='bbox 2119 5495 2349 5575; x_wconf 85' lang='lat' dir='ltr'>injuste</span> <span class='ocrx_word' id='word_1_763' title='bbox 2369 5503 2704 5579; x_wconf 81' lang='lat' dir='ltr'>vexantur3</span> <span class='ocrx_word' id='word_1_764' title='bbox 2738 5504 2973 5569; x_wconf 89' lang='lat' dir='ltr'>nullam</span> <span class='ocrx_word' id='word_1_765' title='bbox 2989 5511 3156 5574; x_wconf 91' lang='lat' dir='ltr'>enim</span> <span class='ocrx_word' id='word_1_766' title='bbox 3185 5518 3374 5583; x_wconf 87' lang='lat' dir='ltr'>aliam</span> 
     </span>
     <span class='ocr_line' id='line_1_116' title="bbox 2972 5604 3052 5665; baseline 0.025 -2"><span class='ocrx_word' id='word_1_767' title='bbox 2972 5604 3052 5665; x_wconf 83' lang='lat'>50</span> 
     </span>
    </p>
   </div>
  </div>
 </body>
</html>
