4263 6376
610 864 725 923 120

550 990 752 1032 Bimestre

507 1049 600 1099 post
638 1044 803 1085 denun-

553 1097 765 1140 titutionem

550 1150 751 1205 quomodo

521 1204 785 1257 intelligatur.

849 309 967 368 378

851 482 1153 564 ptandam
1184 482 1555 544 solutionem
1584 482 1799 562 partis,
1819 482 2018 544 videri
2039 486 2247 563 potest
2276 484 2392 544 Sa-

850 579 944 637 las
975 576 1036 638 d.
1074 576 1223 638 dub.
1258 593 1380 638 Lvl.
1416 593 1588 637 num.
1624 578 1719 637 10.
1768 574 1989 635 eadem
2036 576 2269 655 quippe
2299 579 2392 636 est

853 671 1011 733 ratio
1042 671 1119 731 de
1162 670 1372 733 debito
1424 669 1740 749 pensionis
1763 717 1779 747 ‚
1840 688 1913 731 ac
1966 670 2044 731 de
2100 669 2390 731 omnibus

855 763 989 824 aliis
1018 762 1265 825 debitis.

933 857 1163 919 Ultimo
1191 855 1460 919 dubitari
1491 861 1699 936 potest
1740 858 1907 919 circa
1950 857 2172 920 'ultima
2198 857 2391 918 verba

856 948 1042 1029 hujus
1073 949 1368 1011 clausulae
1393 997 1408 1027 ,
1460 966 1541 1010 an
1571 949 1817 1013 debitor
1855 950 2231 1012 denuntians
2258 968 2394 1010 cre—

855 1042 1038 1103 ditori
1070 1041 1514 1104 extinctionem
1543 1058 1788 1120 census,
1822 1047 2111 1105 teneatur
2141 1063 2265 1105 non
2296 1062 2395 1104 ex-

854 1135 1161 1213 tinguere,
1197 1135 1316 1196 nisi
1346 1135 1556 1214 elapso
1587 1136 1906 1210 bimestri;
1961 1156 2040 1197 an
2071 1155 2220 1198 vero
2249 1154 2395 1217 pos-

855 1228 934 1289 sit
959 1228 1126 1289 intra
1152 1227 1451 1290 bimestre
1502 1230 1784 1308 qualibet
1831 1229 1931 1290 die
1984 1247 2240 1290 censum
2288 1248 2396 1290 ex-

854 1320 1162 1400 tinguere.
1214 1321 1361 1383 Mol.
1397 1320 1557 1400 disp.
1591 1324 1730 1384 391.
1766 1341 1828 1383 n.
1865 1324 1961 1384 12.
2004 1326 2185 1402 putat
2209 1340 2393 1402 posse

854 1413 1204 1476 debitorem
1228 1461 1243 1491 ,
1280 1414 1531 1494 quando
1561 1414 1861 1492 voluerit,
1908 1416 2071 1476 intra
2097 1415 2394 1477 bimestre

853 1507 1127 1584 solvere,
1164 1512 1225 1569 et
1255 1525 1479 1586 cogere
1512 1506 1888 1568 creditorem
1918 1508 1997 1569 ad
2026 1509 2397 1587 extinguen-

854 1601 1005 1661 dum
1035 1619 1340 1662 censum:
1376 1600 1659 1681 duosque
1706 1619 1954 1662 menses
1999 1602 2078 1661 ad
2127 1602 2248 1663 hoc
2296 1620 2398 1663 so-

853 1695 984 1754 lum
1013 1693 1315 1771 concedi,
1369 1698 1437 1755 ut
1483 1694 1648 1755 intra
1692 1694 1860 1772 ipsos
1905 1694 2101 1773 possit
2151 1694 2398 1756 debitor

854 1788 1096 1848 solvere
1118 1807 1134 1861 ;
1168 1792 1345 1849 extra
1373 1786 1511 1848 illos
1540 1805 1689 1847 vero
1722 1806 1917 1867 usque
1939 1787 2015 1848 ad
2038 1788 2228 1848 finem
2251 1787 2396 1847 anni

853 1880 1049 1960 possit
1076 1880 1215 1960 cogi
1246 1899 1283 1941 a
1312 1880 1621 1942 creditore
1665 1880 1744 1939 ad
1792 1881 2165 1942 solvendum
2206 1882 2396 1942 etiam

854 1973 1086 2035 invitus
1133 1994 1146 2035 ε
1200 1972 1368 2053 quod
1400 1972 1637 2051 colligit
1665 1990 1740 2032 ex
1766 1973 1974 2034 verbis
2002 1973 2122 2033 illis
2146 1994 2161 2047 ;
2193 1974 2277 2050 fet
2302 1974 2404 2034 ubi

843 2066 1105 2148 pretium
1133 2085 1315 2148 neque
1342 2064 1535 2127 volens
1563 2064 1723 2125 intra
1751 2065 2017 2126 bimestre
2042 2066 2273 2144 solvat,
2303 2085 2398 2127 ne-

857 2178 967 2244 que
994 2160 1066 2219 ab
1094 2158 1274 2219 invito
1304 2158 1464 2218 intra
1491 2176 1706 2219 annum
1734 2159 2028 2239 exiyatur,
2064 2160 2294 2239 quibus
2321 2161 2398 2220 si-

855 2253 1192 2332 gnificatur
1230 2251 1487 2314 libertas
1542 2249 1843 2315 debitoris
1900 2252 1980 2314 ad
2028 2253 2398 2314 solvendum

856 2344 1023 2407 intra
1051 2345 1374 2408 bimestre.

939 2438 1333 2502 Contrarium
1361 2443 1572 2500 tamen
1604 2482 1621 2518 ,
1670 2444 1733 2503 et
1760 2438 1981 2501 merito
2011 2440 2198 2502 docet
2225 2441 2400 2503 Salas

858 2533 1009 2595 dub.
1040 2548 1149 2594 x11.
1179 2551 1241 2595 n.
1260 2533 1323 2597 5.
1357 2530 1654 2594 nimirum
1682 2532 2031 2595 debitorem
2049 2534 2190 2612 cogi
2219 2552 2401 2613 posse

857 2646 897 2689 a
924 2626 1254 2703 creditore,
1280 2629 1352 2688 ut
1371 2628 1513 2706 post
1532 2625 2075 2689 denuntiationem
2104 2646 2219 2707 per
2245 2628 2402 2689 duos

856 2738 1105 2781 meuses
1133 2722 1496 2798 perseveret
1538 2718 1602 2780 in
1633 2737 1825 2781 censu
1884 2734 1900 2783 t
1960 2718 2190 2781 dantur
2236 2720 2402 2783 enim

858 2813 947 2874 illi
975 2813 1097 2874 duo
1122 2828 1371 2874 menses
1395 2856 1414 2891 ,
1445 2816 1517 2874 ut
1546 2816 1795 2893 emptor
1820 2814 2019 2892 possit
2045 2813 2168 2874 sibi
2199 2815 2402 2892 provi-

860 2906 1009 2967 dere
1040 2910 1103 2968 et
1130 2923 1413 2986 quaerere
1436 2903 1631 2966 alium
1660 2922 1941 2982 censum,
1975 2906 2077 2967 vel
2107 2924 2244 2967 rem
2275 2908 2406 2968 fru-

860 2999 1145 3060 ctiferam
1173 2997 1445 3078 pecunia
1472 2997 1579 3059 illa
1608 2998 1967 3061 emendam.
2024 2998 2141 3073 Qui
2188 3018 2405 3061 sensus

861 3091 1070 3170 colligi
1112 3095 1318 3170 potest
1364 3090 1567 3172 primo
1592 3137 1610 3170 ,
1657 3090 1807 3173 quia
1834 3092 1887 3153 si
1917 3092 2168 3154 debitor
2198 3097 2409 3172 posset

860 3184 1057 3248 libere
1099 3184 1341 3246 solvere
1389 3183 1491 3247 die
1537 3184 1865 3267 sequenti,
1916 3205 2042 3248 non
2090 3188 2407 3249 teneretur

861 3298 977 3360 per
1042 3278 1339 3339 bimestre
1399 3281 1544 3341 ante
1599 3279 2102 3359 redemptionem
2160 3280 2408 3340 denun-

860 3372 1040 3449 tiare,
1077 3390 1221 3433 cum
1248 3376 1460 3451 posset
1486 3370 1588 3433 die
1616 3370 2003 3452 praecedenti
2048 3372 2113 3433 id
2145 3373 2354 3434 facere
2387 3391 2401 3435 ε

864 3464 1034 3547 quod
1061 3467 1272 3526 tamen
1303 3468 1548 3527 constat
1575 3481 1711 3527 esse
1739 3467 1961 3528 contra
1974 3465 2169 3527 verba
2195 3466 2402 3527 hullae.

866 3553 1154 3622 Secundo
1180 3606 1195 3635 ,
1251 3558 1399 3638 quia
1443 3559 1615 3620 nulla
1662 3560 1827 3620 esset
1868 3556 2221 3620 differentia
2247 3558 2412 3621 inter

862 3652 1138 3734 primum
1165 3652 1483 3729 bimestre,
1508 3656 1572 3714 et
1597 3649 1756 3714 alios
1784 3650 2006 3712 decem
2034 3667 2284 3713 menses
2311 3671 2411 3713 se-

864 3749 1148 3826 quente5‚
1184 3763 1328 3806 cum
1356 3746 1418 3806 in
1451 3745 1527 3806 iis
1557 3749 1773 3824 posset
1800 3743 1990 3807 etiam
2019 3743 2269 3806 debitor
2296 3744 2412 3807 ite-

863 3858 1004 3901 rum
1034 3838 1407 3900 denuntiare
1457 3844 1518 3900 et
1546 3837 1846 3900 inchoare
1893 3846 2130 3899 novum
2177 3837 2409 3899 bimes-

864 3938 994 4009 tre,
1047 3931 1108 3991 in
1140 3930 1319 4010 cujus
1360 3928 1620 4009 singulis
1662 3929 1884 3991 diebus
1929 3934 2145 4009 posset
2187 3947 2410 4009 cogere

866 4023 1239 4086 creditorem
1270 4022 1349 4083 ad
1381 4022 1833 4101 acceptandam
1863 4021 2266 4085 solutionem.
2301 4027 2412 4084 Fa-

864 4118 1128 4180 tendum
1158 4135 1306 4195 ergo
1339 4118 1433 4176 est
1478 4119 1676 4178 totam
1712 4115 1875 4177 hanc
1921 4115 2219 4178 clausulae
2264 4136 2415 4196 par-

867 4214 995 4271 tem
1027 4210 1296 4290 positam
1335 4228 1469 4269 esse
1499 4209 1563 4269 in
1594 4209 1875 4270 favorem
1905 4208 2235 4272 creditoris
2258 4258 2273 4287 ,
2314 4210 2414 4271 cui

868 4304 1235 4366 conceditur
1254 4303 1571 4380 bimestre,
1606 4307 1675 4364 ut
1703 4305 1946 4382 quaerat
1974 4301 2214 4382 aliquid
2247 4303 2417 4382 quod

868 4396 1069 4477 pretio
1098 4395 1201 4456 illo
1233 4395 1429 4475 possit
1458 4413 1689 4458 emere.
1724 4398 1770 4457 N
1783 4414 1815 4456 e
1846 4399 2058 4456 autem
2088 4394 2417 4476 diligentia

869 4491 1005 4552 haec
1036 4489 1113 4550 sit
1141 4488 1230 4549 illi
1257 4487 1517 4565 inutilis,
1539 4492 1599 4551 et
1629 4507 1705 4550 ne
1737 4487 1987 4551 debitor
2003 4488 2148 4550 ficte
2180 4490 2417 4551 denun-

868 4583 984 4646 tiet
1034 4581 1537 4662 redemptionem
1595 4580 1674 4641 ad
1732 4582 2232 4662 extorquendam
2290 4581 2420 4644 for-

868 4681 1034 4739 tasse
1092 4675 1407 4755 pensionis
1436 4675 1499 4735 in
1544 4679 1866 4753 posterum
1913 4674 2415 4753 diminutionem,

873 4768 1241 4831 conceditur
1269 4767 1602 4843 creditori,
1638 4766 1808 4846 quod
1844 4767 2039 4846 possit
2068 4787 2104 4829 a
2135 4768 2420 4830 debitore

873 4863 1063 4924 etiam
1093 4860 1311 4939 invito,
1344 4865 1678 4940 postquam
1711 4860 2134 4938 denuntiavit,
2171 4861 2420 4941 exigere

873 4954 1246 5018 solutionem
1276 4953 1460 5033 pretii
1504 4955 1670 5014 intra
1709 4972 1942 5015 annum
1998 4973 2011 5015 ε
2063 4953 2235 5034 quod
2285 4954 2425 5034 qui-

874 5051 1019 5110 dem
1049 5050 1137 5111 ita
1166 5047 1443 5125 intelligo
1473 5095 1488 5124 ,
1521 5051 1592 5108 ut
1621 5046 1810 5108 etiam
1840 5051 1983 5107 ante
2017 5048 2299 5126 elapsum
2329 5046 2420 5107 bi·

873 5146 1103 5204 mestre
1135 5141 1331 5222 possit
1358 5141 1528 5201 illam
1561 5140 1832 5218 exigere,
1868 5143 1938 5201 ut
1967 5145 2213 5202 constat
2241 5160 2317 5200 ex
2347 5140 2426 5199 il·-

872 5237 947 5297 lis
969 5236 1200 5311 verbiS,
1226 5244 1282 5295 et
1294 5243 1428 5315 post
1455 5232 1788 5294 denuntiem
1819 5233 1977 5294 intra
2006 5254 2222 5294 annum
2250 5233 2425 5294 etiam

875 5330 946 5390 ab
978 5330 1159 5390 invito
1183 5329 1441 5410 pretium
1470 5328 1659 5409 repeti
1678 5347 1864 5409 posse.
1911 5327 2034 5390 Ubi
2065 5346 2189 5389 non
2220 5327 2422 5388 solum

876 5425 1039 5485 intra
1071 5423 1289 5483 decem
1319 5441 1568 5483 menses
1599 5421 2083 5501 subsequenteS,
2118 5420 2231 5481 sed
2259 5420 2424 5482 intra

875 5520 1077 5582 totum
1108 5534 1345 5578 annum
1393 5513 1762 5579 conceditur
1789 5514 2086 5578 creditori
2116 5512 2422 5594 ejusmodi

1993 303 2096 366 DE
2138 304 2492 367 JUSTITIA
2536 305 2639 366 ET
2679 302 2882 368 mas·

2488 484 2780 558 facultas,
2812 482 2961 545 licet
2986 501 3110 545 non
3141 485 3454 563 obligetur
3481 483 3563 543 ad
3590 484 3961 562 accipiendum

2489 577 2757 655 pretium
2783 624 2798 653 ,
2832 577 2949 637 nisi
2979 577 3041 637 in
3071 580 3193 638 fine
3222 578 3559 639 bimestriS.
3620 580 3742 637 Nec
3770 580 3965 641 obstant

2490 671 2685 731 verba
2727 671 2831 731 illa
2856 718 2871 747 ,
2924 670 3026 730 ubi
3049 671 3310 752 pretium
3353 690 3537 751 neque
3583 671 3771 731 volens
3794 672 3966 732 debitor

2490 763 2648 823 intra
2693 763 2958 824 bimestre
3001 764 3228 840 solvat,·
3282 783 3357 825 ex
3413 765 3640 844 quibus
3695 767 3966 844 colligebat

2489 858 2741 934 Melina,
2775 876 2957 936 posse
2986 858 3331 920 debitorem
3361 858 3641 938 qualibet
3669 859 3767 918 die
3791 860 3970 920 bimes-

2490 950 2602 1011 tris
2630 952 2902 1029 pretium
2940 951 3205 1012 reddere
3229 998 3245 1029 ,
3295 971 3442 1012 nam
3472 971 3547 1011 ex
3578 957 3885 1029 contextu,
3923 961 3972 1016 ut

2490 1043 2782 1121 vidimus,
2843 1044 3155 1123 colligitur
3208 1063 3281 1105 ea
3335 1045 3740 1123 intelligenda
3779 1045 3848 1106 de
3880 1046 3972 1106 fine

2489 1136 2823 1214 bimestris,
2839 1154 2982 1197 cum
3003 1137 3153 1199 velit
3179 1139 3460 1200 Pontifex
3491 1138 3974 1200 denuntiationem

2492 1230 2626 1290 fieri
2655 1249 2769 1310 per
2785 1231 3084 1292 bimestre
3113 1236 3255 1293 ante
3278 1233 3678 1308 solutionem,
3709 1233 3858 1311 quod
3873 1234 3976 1292 fieri

2493 1341 2618 1384 non
2648 1328 2892 1402 posset,
2952 1325 3003 1384 si
3043 1329 3253 1402 posset
3299 1325 3546 1386 debitor
3595 1325 3698 1385 die
3744 1329 3974 1406 sequenti

2492 1420 2633 1496 post
2686 1417 3224 1479 denuntiationem
3281 1437 3540 1479 censum
3613 1419 3972 1496 extinguere:

2495 1528 2688 1591 quare
2719 1529 2842 1571 non
2872 1511 3234 1572 conceditur
3263 1530 3440 1593 aeque
3471 1512 3736 1572 facultas
3765 1512 3977 1572 debitori

2495 1603 2776 1663 solvendi
2809 1604 3089 1683 qualibet
3118 1606 3218 1665 die
3247 1606 3590 1681 bimestriS,
3625 1606 3780 1666 sicut
3803 1624 3980 1666 conce·

2496 1696 2665 1757 ditur
2717 1697 3011 1759 creditori
3080 1699 3343 1760 facultas
3416 1699 3712 1776 exigendi
3762 1699 3978 1778 pretium

2496 1790 2775 1868 qualibet
2801 1789 2902 1851 die
2930 1792 3076 1851 anni
3101 1838 3116 1868 ,
3168 1810 3312 1852 cum
3359 1811 3688 1871 nunquam
3729 1792 3983 1871 obligetur

2497 1882 2770 1944 creditor
2799 1883 3139 1946 admonere
3160 1884 3512 1945 debitorem
3541 1904 3671 1946 uno
3700 1903 3851 1947 anno
3875 1891 3983 1946 ante

2497 1975 2889 2037 exactionem
2936 1978 3160 2057 pretii,
3220 1978 3381 2039 sicut
3429 1978 3748 2057 obligatur
3790 1979 3984 2039 debitor

2496 2086 2757 2129 monere
2797 2070 3174 2131 creditorem
3223 2070 3541 2131 bimestris
3589 2075 3736 2131 ante
3788 2071 3984 2132 solutio-

2497 2180 2663 2223 nem.
2726 2162 2904 2224 Ratio
2961 2165 3172 2223 autem
3230 2162 3418 2243 hujus
3474 2164 3836 2225 differentiae
3879 2163 3981 2239 fuit,

2499 2255 2646 2334 quia
2673 2274 2816 2316 cum
2846 2256 3094 2317 debitor
3123 2276 3197 2316 ex
3226 2276 3292 2316 se
3318 2257 3694 2333 denuntiat,
3733 2257 3855 2337 jam
3880 2276 3988 2335 sup·

2496 2348 2749 2428 ponitur
2797 2366 2931 2408 esse
2961 2353 3216 2428 paratus
3262 2355 3324 2411 et
3351 2349 3589 2408 habere
3624 2348 3786 2409 unde
3811 2350 3983 2423 solvat,

2499 2445 2561 2502 et
2588 2441 2729 2502 ideo
2761 2460 2886 2501 non
2914 2442 3190 2521 oportuit
3228 2442 3315 2502 illi
3343 2442 3494 2502 dare
3526 2461 3762 2502 novum
3794 2446 3988 2520 tempus

2502 2553 2624 2615 quo
2657 2535 2852 2613 possit
2881 2554 3004 2596 non
3036 2535 3278 2596 solvere
3332 2554 3345 2596 :
3393 2534 3677 2596 creditor
3704 2540 3892 2595 autem
3917 2535 3987 2593 cui

2501 2628 2905 2690 denuntiatur
2934 2629 3228 2690 extinctio
3254 2676 3270 2707 ,
3332 2646 3455 2689 non
3508 2633 3605 2689 est
3635 2634 3907 2708 paratus,
3945 2634 3988 2688 et

2500 2720 2642 2781 ideo
2703 2721 3069 2782 conceditur
3122 2722 3179 2781 ei
3242 2727 3492 2799 tempus
3548 2722 3853 2782 bimestris
3899 2739 3989 2799 qno

2501 2813 2696 2891 possit
2741 2831 3098 2892 praeparare
3118 2860 3133 2889 ,
3188 2817 3251 2874 et
3302 2832 3588 2893 quaerere
3641 2832 3716 2873 ac
3764 2815 3989 2891 cogitare

2503 2905 2652 2985 quid
2683 2905 2884 2983 pretio
2915 2906 3018 2966 illo
3049 2906 3245 2985 possit
3273 2925 3684 2986 comparare;
3718 2910 3778 2967 et
3797 2907 3912 2967 haec
3926 2905 3992 2965 vi·

2503 2998 2689 3061 detur
2732 2999 2977 3061 sincera
3005 2999 3334 3079 explicatio
3370 3000 3695 3079 praedictae
3724 2999 3987 3063 clausule.

2931 3438 3355 3524 sncrlo
3426 3440 3601 3527 vul.

2668 3749 3074 3836 Explicantur
3100 3752 3344 3837 reliquoe
3373 3753 3656 3817 clausuloe
3684 3754 3888 3817 Butloe.

4137 3875 4144 3934 t

4059 4005 4145 4462 ἐ

4061 4475 4132 4514 m
4143 4483 4144 4492 ,

2590 4020 2938 4083 Undecima
2993 4020 3273 4081 clausula
3326 4017 3414 4080 sic
3469 4019 3668 4082 habet
3725 4038 3741 4086 :
3807 4041 3834 4077 u
3858 4021 4005 4080 Pacta

2512 4114 2700 4175 etiam
2731 4113 3135 4189 continentia,
3173 4114 3444 4192 pretium
3477 4133 3705 4174 census
3743 4118 3902 4175 extra
3923 4129 4005 4170 ea-

2511 4225 2650 4267 sum
2680 4207 3056 4286 praedictum
3085 4206 3166 4266 ab
3196 4207 3390 4267 invito
3415 4254 3430 4283 ,
3480 4211 3592 4267 aut
3642 4207 3724 4267 ob
3775 4224 4004 4286 poenam,

2513 4303 2622 4361 aut
2651 4301 2731 4361 ob
2780 4299 2967 4359 aliam
2997 4316 3252 4359 causam
3283 4299 3483 4379 repeti
3525 4319 3747 4379 posse,
3800 4300 4008 4362 omnino

2513 4393 2942 4472 prohibemus.
2976 4414 3004 4451 ›>
3042 4392 3221 4454 Circa
3254 4392 3389 4453 haec
3417 4393 3636 4455 verba.

2593 4486 2874 4546 Dubitari
2905 4487 3110 4564 potest
3135 4484 3336 4564 primo
3362 4532 3378 4562 ,
3431 4504 3510 4545 an
3541 4487 3621 4546 de
3643 4488 3788 4566 jure
3817 4491 4011 4547 naturae

2516 4596 2738 4641 census
2764 4578 3131 4639 redimibilis
3161 4579 3498 4658 utrimque,
3522 4579 3644 4640 hoc
3665 4585 3778 4657 est,
3803 4580 3879 4640 ad
3901 4578 4012 4639 libi·

2514 4676 2648 4735 tum
2678 4673 2977 4751 emptoris
3006 4671 3104 4733 vel
3134 4672 3499 4748 venditoris,
3543 4674 3644 4734 vel
3691 4671 4016 4735 redimibilis

2516 4766 2597 4827 ad
2625 4766 2870 4827 libitum
2900 4765 3102 4826 solum
3149 4766 3448 4843 emptoris
3469 4765 3676 4827 licitus
3696 4766 3814 4827 sit?
3835 4769 3913 4827 De
3925 4765 4016 4825 hoe

2518 4864 2728 4921 tamen
2760 4856 2913 4918 nihil
2944 4858 3176 4918 addere
3207 4861 3455 4936 oportet
3481 4859 3556 4919 iis
3586 4877 3727 4939 quoe
3755 4859 3874 4919 late
3899 4856 4018 4917 dixi·

2519 4970 2660 5012 mus
2691 4951 2852 5030 disp.
2885 4969 3076 5031 praec.
3112 4954 3265 5012 sect.
3301 4967 3439 5012 xm.
3476 4959 3738 5030 agentes
3771 4952 3845 5013 de
3874 4953 4018 5030 pacto

2520 5043 3006 5106 reti-evendendl
3054 5044 3134 5104 ad
3177 5044 3424 5104 libitum
3476 5044 3778 5124 emptoris
3805 5093 3821 5121 ‚
3851 5040 4018 5102 velad

2520 5138 2770 5200 libitum
2818 5139 3076 5198 alterius
3123 5157 3197 5198 ex
3228 5138 3750 5198 contrahentibus
3780 5133 4020 5216 apposito

2522 5232 2586 5292 in
2617 5231 2932 5310 emptione
2964 5230 3225 5291 aliarum
3255 5248 3509 5292 rerum:
3546 5234 3606 5292 et
3635 5231 3832 5291 videri
3860 5231 4023 5310 potest

2525 5324 2670 5387 Mol.
2703 5324 2862 5402 disp.
2897 5323 3035 5384 377.
3070 5327 3132 5384 et
3162 5324 3337 5384 Salas
3358 5322 3507 5385 dub.
3541 5340 3682 5386 xxv.
3709 5324 3818 5385 ubi
3846 5323 3915 5383 de
3933 5320 4022 5380 hoc

2523 5419 2656 5479 fuse
2686 5422 2935 5494 tractat,
2969 5422 3208 5478 certum
3241 5422 3451 5478 tamen
3481 5422 3610 5494 est,
3663 5418 3882 5477 merito
3911 5431 4022 5492 pro·

2523 5516 2664 5592 pter
2689 5512 3032 5574 maximum
3053 5528 3260 5572 usurae
3288 5510 3636 5591 periculum
3657 5511 3778 5574 hoc
3808 5511 4020 5590 pactum
