4263 6376
121 725 159 783 ;3

121 850 225 894 min

1261 342 1733 409 msrtrrArlo
1776 342 1993 421 xxw,
2043 342 2319 405 sacrm
2362 342 2438 405 x.

270 520 479 601 probat
505 519 738 583 Melina
767 519 1061 601 disputat.
1113 523 1252 584 380.
1286 523 1341 601 ἓ.
1392 520 1471 582 Si
1508 539 1645 584 vero
1671 538 1787 583 ser-

270 624 644 788 tmgbligatio
677 709 811 770 haec
852 728 975 771 non
1005 708 1207 770 solum
1254 712 1350 770 est
1372 728 1485 789 pro
1515 709 1650 770 foro
1682 727 1787 770 ex-

265 808 463 879 terno,
507 802 619 863 sed
665 803 854 865 etiam
897 804 961 863 in
990 803 1125 865 foro
1156 804 1572 865 conscientiae.
1608 802 1787 865 Unde

122 918 144 947 ο
267 898 311 958 si
339 896 531 957 sciens
556 915 695 957 rem
726 915 859 957 esse
887 897 1160 957 alienam
1183 896 1518 959 vendidisti
1544 942 1560 973 ‚
1613 900 1789 957 tene-

121 958 221 1003 mit.

121 2454 230 2592 {a
121 2311 162 2372 ὅ

266 991 342 1050 ris
363 990 423 1049 in
451 988 836 1051 conscientia
864 989 1053 1052 etiam
1072 995 1216 1053 ante
1248 989 1622 1052 sententiam
1649 991 1788 1051 red·

265 1084 399 1144 dere
424 1083 697 1162 pretium
738 1083 1048 1162 emptori,
1108 1088 1170 1146 et
1213 1085 1456 1146 solvere
1484 1084 1786 1164 interesse

262 1182 318 1239 et
343 1177 595 1253 damna,
649 1179 714 1237 et
738 1194 873 1236 rem
900 1176 1100 1256 ipsam
1127 1177 1377 1239 tradere
1405 1195 1553 1239 vero
1584 1177 1789 1239 domi-

264 1289 354 1332 no.
388 1270 448 1335 Si
477 1287 629 1331 vero
659 1271 958 1350 ignorans
984 1270 1359 1348 vendidisti,
1408 1275 1628 1351 postea
1674 1288 1784 1331 co-

262 1364 421 1442 gnita
446 1364 735 1440 veritate,
758 1364 992 1425 teneris
1013 1364 1201 1427 etiam
1220 1366 1486 1425 reddere
1512 1365 1784 1445 pretium

263 1456 532 1535 emptori,
566 1475 694 1518 non
713 1460 927 1518 tamen
947 1456 1247 1520 interesse
1263 1460 1364 1522 vel
1384 1460 1636 1537 damna,
1672 1458 1788 1520 sal-

263 1554 378 1611 tem
401 1553 745 1630 antequam
791 1569 890 1611 res
922 1551 1265 1615 evincatur.
1338 1554 1405 1615 Si
1448 1556 1655 1617 autem
1683 1570 1785 1613 res

258 1643 378 1723 jam
404 1661 526 1703 non
557 1647 766 1720 extet,
818 1662 934 1705 nec
960 1645 1254 1707 venditor
1295 1665 1410 1707 nec
1459 1651 1706 1725 emptor
1732 1646 1782 1707 si

261 1736 413 1797 bona
438 1736 560 1797 fide
592 1743 1056 1814 processerunt,
1079 1742 1371 1801 tenentur
1391 1740 1643 1801 domino
1667 1740 1787 1802 nisi

265 1832 552 1909 quatenus
602 1830 1047 1909 locupletiores
1091 1831 1238 1893 facti
1288 1837 1433 1895 sunt
1493 1851 1509 1898 τ
1566 1836 1784 1914 Neque

265 1922 490 1989 etiamsi
516 1941 619 1983 res
651 1927 858 2000 extet,
918 1924 1150 1985 teneris
1193 1925 1270 1986 de
1302 1927 1610 1988 evictione
1639 1931 1783 1989 ante

265 2016 364 2078 ult.
392 2017 791 2093 sententiam,
828 2035 953 2097 qua
980 2036 1081 2079 res
1112 2020 1468 2094 evincatur,
1504 2040 1581 2081 ex
1606 2021 1649 2083 1.
1683 2037 1778 2083 111.

265 2109 381 2171 etl.
412 2109 489 2171 Sa·
509 2128 639 2173 eum
669 2111 933 2193 quoestz'o,
966 2113 1032 2174 C.
1065 2110 1135 2173 de
1161 2112 1329 2175 evict.
1363 2114 1404 2175 1.
1430 2113 1509 2175 Si
1524 2114 1682 2197 plus,
1714 2115 1780 2177 ff.

266 2201 376 2265 eod.
409 2203 499 2265 tit.

338 2297 565 2358 Eadem
593 2296 767 2359 bona
796 2297 952 2359 fides
981 2298 1325 2361 venditoris
1353 2299 1535 2377 facit,
1586 2318 1665 2361 ne
1692 2303 1787 2361 te-

267 2393 473 2452 neatur
497 2390 575 2451 de
605 2391 914 2453 evictione
944 2391 1010 2452 in
1040 2391 1350 2471 aliquibus
1381 2394 1647 2454 casibus,

339 2485 536 2546 Primo
567 2485 690 2545 nisi
711 2488 959 2565 emptor
973 2485 1029 2545 ei
1053 2486 1378 2549 denuntiet
1393 2491 1628 2549 motam
1650 2506 1784 2551 esse

265 2579 422 2639 litem
451 2596 644 2656 super
672 2596 739 2638 re
768 2578 905 2654 illa,
940 2583 1011 2640 ut
1037 2579 1280 2655 videat,
1332 2598 1409 2640 an
1441 2581 1590 2643 velit
1615 2582 1784 2642 illam

267 2672 609 2748 defendere,
643 2671 688 2732 l.
722 2671 982 2752 Emptor
1004 2718 1020 2747 ,
1074 2673 1203 2734 etl.
1236 2672 1453 2755 Empti
1476 2674 1660 2752 actiO,
1712 2678 1778 2738 C.

266 2762 327 2824 de
348 2764 506 2825 em'ct.
540 2763 861 2844 quomodo
891 2768 1103 2825 autem
1125 2766 1437 2844 ejusmodi
1460 2765 1785 2829 denuntia-

264 2860 340 2920 tio
367 2858 498 2919 fieri
526 2857 797 2933 debeat,
842 2862 1071 2921 tractat
1108 2859 1231 2919 late
1261 2860 1493 2921 Melina
1522 2861 1583 2923 d.
1619 2861 1778 2941 disp.

264 2953 387 3012 380.
420 2953 554 3011 Non
582 2954 800 3011 tamen
840 2952 1318 3031 praerequiritur
1360 2953 1497 3015 haec
1543 2954 1787 3017 denun-

262 3043 419 3105 tiatio
444 3090 459 3121 ,
492 3044 750 3123 quando
773 3044 1175 3122 perspicuum
1206 3050 1300 3107 est
1325 3064 1461 3106 rem
1490 3064 1614 3107 non
1643 3048 1786 3109 fuis·

265 3155 322 3198 se
347 3136 690 3199 venditoris
715 3183 731 3214 ,
785 3136 896 3197 sed
924 3138 1154 3199 actoris
1183 3138 1285 3219 qui
1319 3157 1459 3200 eam
1487 3142 1661 3221 petit,
1696 3141 1783 3204 ita

263 3234 465 3291 utnon
493 3231 696 3310 possit
724 3230 1238 3309 tergiversatione
1269 3234 1479 3311 celari,
1514 3238 1583 3296 ut
1610 3236 1784 3296 colli-

262 3325 412 3402 gitur
438 3344 512 3384 ex
539 3325 665 3403 leg.
701 3323 1048 3404 Emptorem
1072 3372 1087 3401 ,
1140 3325 1205 3385 in
1233 3327 1433 3405 princ.
1470 3329 1533 3389 ff.
1566 3327 1637 3389 de
1663 3338 1776 3392 act.

263 3427 419 3501 empt.
435 3420 650 3497 Neque
670 3417 859 3478 etiam
883 3418 1133 3497 quando
1165 3424 1411 3497 emptor
1431 3425 1525 3482 est
1551 3423 1776 3502 minor,

262 3511 349 3571 vel
363 3511 618 3572 ecelesia
639 3530 655 3583 ;
686 3528 801 3571 nee
820 3511 1071 3589 quando
1093 3512 1383 3574 venditor
1394 3514 1776 3597 juramentO,

267 3604 353 3664 vel
381 3604 508 3664 sine
537 3604 645 3664 illo
677 3604 963 3682 promisit
985 3650 1000 3681 ,
1054 3623 1118 3664 se
1151 3607 1418 3685 emptori
1445 3607 1781 3669 subventu·

263 3714 389 3756 rum
416 3696 661 3777 quoties
689 3696 798 3758 lite
843 3695 1285 3758 molestaretur
1329 3686 1358 3761 ἐ
1416 3699 1527 3760 sed
1573 3701 1635 3761 in
1683 3700 1780 3763 his

264 3788 487 3850 duobus
517 3789 771 3850 casibus
798 3789 1028 3850 sufficit
1046 3835 1061 3866 ,
1096 3791 1490 3853 venditorem
1518 3793 1676 3855 seire
1704 3795 1779 3854 li-

261 3884 372 3942 tem
398 3887 634 3944 motam
665 3900 799 3942 esse
827 3928 843 3959 ,
888 3881 1033 3943 licet
1079 3881 1234 3943 nihil
1284 3885 1342 3945 ei
1388 3885 1468 3945 ab
1499 3890 1779 3966 emptore

262 3974 679 4037 denuntiatum
709 3975 808 4037 sit.
844 3975 1018 4036 Idem
1036 3974 1374 4037 dicendum
1392 3982 1506 4057 est,
1526 3982 1777 4062 quando

259 4067 315 4126 in
342 4073 656 4131 contractu
687 4073 1012 4147 exemptus
1047 4069 1165 4131 fuit
1212 4075 1459 4150 emptor
1497 4073 1577 4134 ab
1623 4075 1779 4135 obli-

261 4161 492 4239 gatione
521 4161 932 4223 denuntiandi
962 4162 1135 4224 litem
1164 4168 1402 4227 motam
1455 4185 1469 4227 ε
1524 4184 1777 4228 exeusa-

260 4253 412 4315 bitur
435 4261 647 4317 tamen
674 4254 965 4317 venditor
985 4302 1001 4332 ,
1058 4257 1112 4316 si
1141 4257 1325 4336 culpa
1359 4260 1655 4339 emptoris
1684 4262 1777 4322 fa·-

261 4353 413 4409 ctum
440 4353 565 4427 est,
617 4355 687 4411 ut
713 4365 814 4410 res
845 4348 1256 4428 evinceretur,
1286 4352 1612 4432 ignorante
1643 4354 1776 4435 ipso

259 4440 588 4521 venditore,
624 4442 732 4521 qui
759 4458 894 4502 rem
920 4442 1144 4504 melius
1174 4444 1514 4506 defendere
1543 4449 1776 4525 potuis·

260 4537 360 4609 set,
406 4534 480 4596 de
536 4535 763 4614 quibus
803 4537 1062 4597 Covarr.
1113 4538 1217 4599 III.
1268 4537 1405 4600 Var.
1438 4540 1772 4605 resolution.

259 4628 427 4706 capit.
458 4644 613 4691 xvn.
664 4646 927 4690 numero
959 4632 1057 4692 17.
1116 4633 1179 4693 et
1225 4631 1459 4693 Molina
1506 4632 1568 4696 d.
1605 4634 1767 4714 disp.

332 4813 609 4875 Secundo
652 4831 775 4875 non
822 4817 1072 4879 tenetur
1099 4817 1390 4903 venditor
1416 4818 1597 4880 bonae
1625 4820 1772 4882 fidei

3305 344 3421 404 315

1886 520 2138 580 nebitur
2165 520 2245 579 ad
2278 538 2352 580 ea
2380 519 2622 596 omnia,
2656 539 2779 581 non
2811 521 3099 582 obstante
3124 567 3139 597 ,
3189 540 3314 600 qua
3342 522 3422 581 ab

1887 613 2266 692 obligatione
2313 613 2495 691 pretii
2538 614 2727 675 etiam
2773 614 3079 675 reddendi
3125 613 3425 675 liberare-

1883 709 1986 768 tur
2007 753 2022 783 ,
2082 706 2222 786 lege
2250 705 2316 766 E
2317 715 2600 789 mptorem
2623 754 2639 786 ,
2696 708 2753 788 ἓ.
2803 709 2915 770 ult.
2967 710 3031 769 ff.
3084 706 3155 769 de
3199 706 3424 771 accione

1884 809 2057 883 empt.

1964 894 2173 955 Tertio
2204 913 2330 955 non
2356 898 2608 956 tenetur
2634 893 2925 956 venditor
2949 893 3134 955 bonae
3163 892 3311 954 fidei
3340 893 3418 955 de

1886 986 2214 1064 evictione,
2251 988 2502 1069 quando
2533 987 2667 1066 ipso
2697 987 2986 1063 absente,
3020 991 3267 1067 emptor
3292 1004 3419 1047 non

1886 1080 2225 1160 appellavit
2249 1099 2288 1141 a
2316 1080 2645 1154 sententia,
2678 1081 2722 1142 l.
2755 1080 3083 1141 Herennius
3104 1126 3119 1156 ,
3150 1080 3207 1159 §-
3245 1079 3414 1157 Quia,

1884 1173 1947 1235 ff.
1998 1172 2069 1233 de
2110 1173 2388 1234 evictione
2413 1173 2585 1253 quod
2630 1173 2906 1251 intellige
2931 1219 2947 1250 ,
3000 1172 3117 1233 nisi
3154 1172 3421 1233 manife-

1882 1269 1979 1326 sta
2009 1270 2173 1333 esset
2209 1265 2453 1347 justitia
2489 1267 2814 1330 sententiae
2863 1266 3124 1346 prolatae
3155 1268 3219 1328 et
3247 1267 3420 1328 aeto-

1880 1378 1987 1424 rls.

1964 1454 2197 1528 Quarto
2221 1500 2237 1531 ,
2285 1455 2620 1515 excusatur
2661 1453 2914 1534 quando
2963 1452 3277 1515 sententia
3302 1453 3421 1517 fuit

1883 1550 2096 1626 aperte
2124 1546 2356 1627 injusta
2375 1538 2418 1625 ,⁰
2444 1548 2485 1610 l.
2520 1546 2727 1629 siper
2752 1544 3223 1628 imprudmtiam,
3256 1548 3323 1612 ff.
3351 1545 3421 1607 de

1880 1641 2046 1702 evice.
2082 1659 2138 1702 c.
2171 1641 2282 1702 ult.
2317 1640 2387 1702 de
2413 1649 2588 1723 empt.
2633 1649 2690 1701 et
2713 1640 2880 1701 vend.
2941 1639 3207 1701 Perinde
3250 1640 3418 1700 enim

1883 1737 1977 1797 est
2002 1753 2076 1795 ac
2121 1734 2171 1795 si
2219 1736 2382 1798 furto
2412 1735 2511 1796 vel
2559 1734 2682 1795 alio
2712 1750 2860 1795 casu
2889 1733 3145 1795 fortuito
3174 1736 3420 1811 emptor

1880 1846 2015 1888 rem
2047 1828 2384 1906 amisisset3
2412 1827 2515 1909 qui
2538 1831 2750 1889 tamen
2776 1826 3007 1911 poterit
3030 1829 3179 1889 tunc
3199 1825 3419 1888 adver·

1882 1940 1987 1982 sus
2010 1921 2294 2001 judicem
2323 1940 2533 2001 agere.

1963 2015 2190 2090 Quinto
2233 2019 2604 2093 excusatur,
2651 2014 2904 2095 quando
2951 2016 3199 2093 emptor
3238 2013 3417 2077 litem

1881 2112 2119 2171 motam
2166 2109 2412 2169 definiri
2459 2108 2743 2189 permisit
2783 2125 2897 2186 per
2943 2107 3224 2187 judicem
3251 2106 3419 2167 arbi-

1881 2205 2049 2263 trum
2076 2248 2092 2279 ,
2147 2202 2228 2262 ad
2259 2220 2445 2282 quem
2471 2219 2676 2264 causae
2727 2200 3000 2281 cognitio
3031 2218 3156 2262 non
3183 2204 3421 2279 specta·

1882 2295 2030 2374 bat,
2078 2296 2120 2358 l.
2152 2295 2230 2357 Si
2260 2294 2512 2372 dzctum,
2558 2297 2615 2377 ἓ.
2650 2294 2728 2357 Si
2766 2294 3231 2377 compromisem,
3264 2295 3326 2357 ff.
3357 2312 3421 2357 -e

1882 2388 2048 2451 evict.

1966 2483 2152 2545 Sexto
2172 2527 2188 2560 ,
2223 2482 2474 2563 quando
2504 2486 2752 2563 emptor
2774 2485 3057 2562 tempore
3086 2480 3419 2561 emptionis

1884 2577 2120 2639 sciebat
2146 2595 2281 2637 rem
2311 2595 2446 2637 esse
2475 2576 2766 2654 alienam,
2791 2577 2909 2637 nisi
2936 2575 3143 2636 adhuc
3171 2594 3418 2654 expres-

1885 2688 1950 2731 se
1980 2672 2361 2731 conventum
2387 2670 2577 2731 fuerit
2599 2715 2615 2747 ,
2665 2669 2834 2749 quod
2863 2669 3153 2731 venditor
3179 2669 3257 2729 de
3287 2669 3420 2731 evi-

1884 2763 2088 2826 ctione
2116 2765 2442 2825 teneatur:
2464 2781 2586 2841 quo
2608 2780 2754 2824 casu
2774 2761 3089 2824 tenebitur
3114 2763 3316 2824 solum
3335 2761 3419 2824 ad

1884 2857 2155 2936 pretium
2180 2856 2612 2934 reddendum,
2659 2874 2783 2918 non
2813 2856 2894 2918 ad
2922 2856 3243 2936 interesse,
3268 2857 3312 2920 l.
3346 2856 3426 2919 Si

1879 2949 2150 3032 fundum,
2184 2952 2250 3013 C.
2284 2949 2354 3011 de
2382 2950 2550 3011 evict.

1957 3043 2258 3122 Septim0,
2294 3043 2544 3123 quando
2577 3046 2823 3123 emptor
2847 3043 3254 3122 praescribere
3286 3063 3420 3106 rem

1881 3137 2104 3217 potuit,
2135 3141 2197 3199 et
2220 3137 2404 3218 culpa
2432 3153 2566 3214 sua,
2593 3137 2693 3198 vel
2713 3137 3095 3218 negligentia
3114 3156 3239 3200 non
3261 3156 3423 3219 prae-

1879 3231 2147 3312 scripsit,
2177 3232 2220 3294 l.
2271 3231 2348 3293 Si
2371 3230 2625 3307 dictum,
2664 3232 2720 3314 5.
2756 3232 2834 3294 Si
2869 3252 2996 3294 cum
3024 3241 3234 3318 posset.
3268 3235 3333 3299 ff.
3353 3232 3423 3296 de

1881 3324 2049 3388 evict.

1962 3420 2217 3484 Octavo.
2268 3419 2518 3499 quando
2563 3422 2809 3499 emptor
2833 3438 2949 3481 sua
2989 3420 3173 3500 culpa
3213 3419 3424 3483 amisit

1879 3512 1971 3573 rei
2021 3511 2502 3590 possessionem,
2554 3512 2722 3573 unde
2770 3530 2846 3573 ex
2879 3530 2988 3575 reo
3019 3514 3220 3574 factus
3249 3516 3424 3574 actor

1882 3604 2108 3667 cecidit
2136 3605 2199 3665 in
2230 3623 2420 3666 causa
2448 3606 2868 3686 proprietatis,
2899 3605 2945 3667 l.
2979 3604 3057 3668 Si
3070 3625 3191 3667 rem
3220 3625 3417 3687 quam,

1881 3699 1944 3760 ff.
2004 3697 2073 3758 de
2126 3697 2292 3760 evict.
2353 3698 2584 3761 Ultimo
2640 3703 2843 3760 cessat
2892 3699 3028 3760 haec
3084 3699 3415 3777 obligatiO,

1882 3790 2134 3873 quando
2217 3791 2472 3853 vendita
2554 3791 2922 3854 haereditate
2944 3839 2960 3871 ,
3034 3811 3133 3853 res
3215 3792 3419 3872 aliqua

1879 3884 2272 3966 particularis
2328 3903 2403 3945 ex
2485 3904 2559 3945 ea
2589 3885 2932 3947 evincatur:
2987 3903 3165 3947 secus
3212 3885 3264 3945 si
3290 3889 3422 3947 tota

1880 3976 2219 4039 haereditas
2275 3978 2688 4055 evinceretur,
2723 3979 3049 4058 probando
3095 3979 3269 4039 illum
3297 3997 3421 4040 non

1877 4070 2067 4132 tuisse
2119 4069 2472 4149 legitimum
2519 4071 2840 4131 haeredem
2896 4072 2939 4134 l.
2973 4088 3018 4134 1.
3050 4074 3116 4135 C.
3151 4071 3221 4133 de
3247 4072 3416 4136 em'ct.

1878 4164 2057 4226 Ratio
2089 4164 2459 4226 differentiae
2490 4168 2603 4242 est,
2638 4165 2806 4244 quod
2836 4164 2900 4225 in
2930 4166 3131 4245 primo
3153 4184 3301 4227 casu
3319 4183 3422 4227 res

1877 4261 1982 4322 illa
2049 4277 2187 4340 quae
2238 4259 2564 4336 evincitur,
2616 4277 2741 4320 non
2781 4259 2900 4321 fuit
2940 4259 3196 4320 vendita
3229 4280 3242 4321 ε
3277 4278 3421 4321 cum

1878 4355 2078 4416 s'olum
2124 4353 2357 4415 fuerint
2383 4353 2638 4415 vendita
2678 4352 2845 4415 bona
2893 4352 3310 4431 haereditaria,
3345 4371 3417 4413 ex

1878 4449 2104 4529 quibus
2133 4466 2233 4508 res
2278 4447 2382 4508 illa
2413 4467 2536 4510 non
2580 4452 2732 4509 erat.
2784 4449 2854 4509 In
2895 4447 3169 4508 secundo
3210 4450 3419 4508 autem

1877 4560 2025 4603 casu
2057 4542 2365 4604 evincitur
2392 4561 2491 4603 res
2519 4542 2797 4618 vendita,
2833 4559 3058 4623 nempe
3086 4539 3418 4603 haereditas

1884 4655 2022 4716 quae
2055 4637 2190 4698 sola
2205 4637 2322 4697 fuit
2348 4640 2420 4697 ut
2445 4635 2837 4716 supponitur.

1955 4730 2282 4807 venditor,
2319 4728 2424 4809 qui
2455 4729 2532 4788 de
2563 4728 2873 4790 evictione
2903 4732 3174 4808 tenetur,
3228 4727 3418 4790 debet

1877 4823 2068 4884 etiam
2107 4823 2375 4901 emptori
2425 4822 2664 4883 solvere
2707 4840 3011 4901 expensas
3037 4823 3178 4896 sslitis
3220 4823 3415 4883 factas

3572 915 3681 975 161

3496 1039 3583 1083 Alii
3601 1053 3735 1093 casus,

3495 1093 3640 1149 quibus
3668 1108 3749 1139 non

3533 1153 3712 1194 tenetur.

3564 4746 3679 4806 162

3491 4873 3555 4914 An
3575 4871 3732 4927 obliget

262 4903 331 4966 de
358 4908 677 4986 evictione,
711 4910 963 4989 quando
995 4915 1364 4989 expressunt
1391 4912 1507 4975 fuit
1535 4914 1597 4976 in
1628 4933 1772 4976 eon·
1873 4921 1941 4979 ut
1961 4916 2328 4977 defenderet
2353 4934 2487 4976 rem
2518 4915 2806 4977 evictam.
2840 4917 2972 4978 Imo
3002 4917 3147 4977 lieet
3167 4917 3416 4993 emptor
3462 4925 3512 4969 ad
3541 4927 3757 4971 solvenda

261 5003 445 5061 tractu
473 5007 540 5063 ut
567 5002 644 5062 de
675 5002 980 5065 evictione
1012 5021 1136 5065 non
1167 5010 1486 5067 teneretur
1518 5028 1531 5069 :
1565 5008 1674 5069 sed
1702 5009 1772 5070 li-
1871 5010 1935 5070 in
1958 5010 2065 5071 lite
2096 5010 2436 5072 obtinuerit
2455 5013 2517 5071 et
2544 5027 2678 5070 rem
2697 5008 3043 5085 retinuerit,
3066 5009 3251 5070 debet
3266 5027 3413 5069 ven·
3463 4980 3758 5042 ⁰⁸P⁰⁰⁸⁸⁸¹³²¹⁸

262 5097 350 5155 cet
374 5095 450 5155 ad
477 5096 773 5158 interesse
803 5102 866 5158 et
895 5097 1124 5158 damna
1153 5117 1277 5159 non
1308 5103 1627 5180 teneatur,
1662 5103 1772 5163 de-

261 5184 355 5247 bet
378 5191 585 5249 tamen
611 5207 680 5250 re
710 5190 950 5267 evicta,
1001 5191 1269 5252 reddere
1319 5194 1583 5273 emptori
1625 5213 1771 5275 pre-

260 5276 436 5356 tium,
492 5282 610 5342 nisi
653 5283 788 5344 haec
836 5284 1024 5344 etiam
1055 5285 1353 5364 obligatio
1386 5306 1674 5367 expresse
1703 5289 1767 5350 in

259 5378 561 5436 contractu
589 5377 801 5437 ablata
828 5376 1066 5440 fuisset.
1118 5379 1183 5440 Si
1225 5384 1435 5441 autem
1476 5383 1768 5443 venditor

258 5464 474 5529 sciebat
518 5488 651 5530 rem
691 5469 958 5531 alienam
988 5489 1158 5549 esse,
1210 5473 1309 5533 vel
1337 5475 1614 5552 periculo
1643 5476 1765 5538 litis

259 5561 600 5642 expositam,
632 5581 836 5647 neque
862 5564 927 5626 id
956 5568 1199 5649 emptor
1226 5565 1620 5648 significavit,
1672 5573 1765 5632 te-

1870 5104 2037 5166 ditor
2063 5105 2304 5165 solvere
2334 5103 2390 5163 ei
2421 5102 2545 5165 litis
2593 5120 2917 5184 expensae,
2952 5101 3070 5161 nisi
3117 5101 3414 5163 adversa-

1866 5197 1995 5258 rius
2026 5216 2131 5259 eas
2160 5198 2402 5259 solvere
2431 5201 2693 5275 cogatur
2724 5215 2738 5258 z
2773 5196 2824 5256 si
2851 5199 3062 5256 tamen
3087 5195 3412 5255 denuntia·
3452 5240 3459 5246 -

1866 5295 2000 5354 tum
2045 5293 2251 5353 fuerat
2285 5289 2592 5351 venditori
2633 5288 2807 5350 litem
2864 5306 2998 5350 esse
3049 5291 3308 5365 motam,
3341 5292 3412 5349 ut

1865 5402 2010 5446 cum
2035 5386 2205 5447 Bart.
2240 5383 2560 5463 Silvestre,
2580 5386 2642 5449 et
2670 5381 2805 5446 aliis
2833 5381 3028 5448 tradit
3044 5382 3280 5446 Melina
3301 5381 3409 5443 ubi

1864 5497 2055 5565 supra
2078 5479 2136 5563 §-
2170 5477 2411 5540 ultime.
