4263 6376
85 3252 129 3312 81

78 3377 217 3425 tini·

88 3443 215 3487 capsan-

78 3496 213 3586 mi

1180 293 1652 356 DISPUTATIO
1693 293 1967 369 XXVIII,
2016 292 2292 354 SECTIO
2333 293 2465 355 Vll.

3265 297 3382 356 419

265 493 358 535 non
402 472 699 551 potuisset
744 470 1184 550 campsarius,
1244 471 1488 532 etiamsi
1538 469 1746 544 v,ellet
1849 468 1962 528 sed
2006 467 2195 530 etiam
2248 468 2414 548 apud
2463 468 2755 528 eumdem
2783 468 3015 530 Titium
3057 487 3170 548 pro
3198 472 3382 532 Petro
3482 488 3661 542 numa

263 567 493 644 obligare
523 584 589 625 se
619 566 700 624 ad
730 565 972 625 dandas
999 564 1298 644 pecunias
1336 564 1401 623 in
1428 563 1565 623 loco
1593 560 1752 620 desi-

263 659 444 738 gnato,
498 658 563 717 in
612 675 737 736 quo
789 658 957 717 nullo
1004 656 1194 717 modo
1239 675 1345 717 eas
1373 658 1617 734 poterat
1646 653 1754 712 ba-

261 753 416 813 bere:
456 750 777 811 debuisset
815 755 1025 811 tamen
1055 768 1120 809 se
1149 749 1427 827 obligare
1473 746 1548 806 ad
1600 746 1757 805 dan-

264 844 379 904 dum
403 843 783 922 aequivalens
812 841 1157 920 campsori,
1209 859 1333 900 non
1382 839 1636 918 quidem
1676 837 1755 899 ob

262 941 505 995 mutuum
529 980 546 1008 ,
599 935 709 995 sed
740 935 820 994 ob
849 939 1240 995 contractum
1288 931 1503 992 dolose
1551 934 1758 991 extor-

263 1033 391 1102 tum,
431 1030 622 1106 atque
670 1027 809 1087 ideo
839 1030 1041 1088 totum
1088 1026 1151 1086 id
1199 1029 1493 1104 praestare
1540 1026 1759 1102 postea

265 1123 489 1182 tenetur.

325 1212 592 1274 Secundo
622 1210 908 1273 similiter
935 1213 1178 1272 certum
1204 1209 1475 1286 videtur,
1518 1208 1580 1268 in
1610 1225 1760 1268 casu

267 1311 456 1381 nostre,
518 1303 573 1364 si
628 1306 851 1364 Petrus
902 1309 1121 1382 petens
1175 1305 1390 1364 Romae
1442 1300 1760 1362 cambium

266 1399 326 1458 ad
349 1396 714 1457 Placentiam
736 1440 753 1471 ,
805 1413 930 1456 non
959 1395 1191 1456 habeat
1215 1395 1548 1455 Placentiae
1577 1410 1761 1472 pecu-

269 1490 371 1550 nias
391 1508 527 1549 suas
553 1509 568 1561 ;
603 1488 835 1549 habeat
863 1492 1072 1549 tamen
1095 1488 1327 1548 Titium
1355 1486 1626 1547 amicum
1655 1484 1763 1564 qui

266 1583 330 1642 ibi
368 1600 467 1661 pro
515 1582 655 1660 ipso
685 1581 924 1642 litteras
951 1583 1237 1658 acceptet
1266 1584 1328 1639 et
1353 1579 1592 1653 solvat,
1642 1576 1762 1636 hoc

267 1674 510 1734 sufficere
542 1674 623 1733 ad
645 1672 956 1752 justitiam
985 1670 1213 1732 cambii
1256 1691 1269 1731 :
1321 1671 1426 1751 qui
1456 1669 1622 1730 enim
1650 1686 1765 1747 per

265 1767 420 1827 alium
444 1766 689 1826 solvere
719 1768 959 1843 potest,
1012 1764 1147 1843 jam
1194 1767 1484 1824 censetur
1529 1761 1762 1821 habere

265 1859 609 1919 sufficienter
634 1858 698 1917 in
729 1857 865 1918 loco
896 1856 1193 1935 pecunias
1223 1873 1378 1936 quas
1407 1858 1764 1933 permutan-

264 1952 353 2011 das
411 1952 632 2011 aflerat
686 1968 798 2028 pro
858 1949 977 2009 illis
1033 1966 1189 2027 quas
1243 1950 1457 2008 Romae
1514 1945 1758 2024 accipit.

264 2044 520 2122 Idemque
552 2042 893 2103 dicendum
921 2045 1035 2118 est,
1053 2042 1105 2101 si
1136 2040 1374 2100 amicus
1402 2039 1502 2099 ille
1533 2038 1622 2099 ita
1647 2037 1765 2097 sol-

259 2141 346 2196 vat
368 2154 468 2214 pro
495 2138 684 2196 Petro
718 2134 1045 2194 Placentiae
1070 2182 1084 2208 ‚
1117 2137 1188 2193 ut
1214 2132 1545 2212 pecuniam
1575 2147 1764 2209 quam

262 2228 414 2288 solvit
437 2228 544 2289 det
571 2227 907 2288 Placentia}
938 2228 1120 2286 Petro
1163 2225 1243 2285 ad
1275 2224 1590 2285 cambium
1621 2240 1763 2282 cum

260 2321 402 2381 lucro
429 2319 802 2382 solvendum
830 2319 910 2380 ab
939 2318 1165 2379 eodem
1195 2321 1375 2379 Petro
1409 2318 1621 2389 Romoe
1650 2314 1759 2390 illi,

261 2413 341 2474 cui
364 2413 595 2473 amicus
624 2410 1048 2490 designaverit
1082 2430 1093 2471 :
1142 2428 1289 2470 nam
1317 2409 1404 2469 ibi
1433 2406 1769 2469 intervenit

259 2507 455 2585 duplex
490 2506 811 2567 cambium
857 2503 1259 2580 distinctum,
1311 2502 1575 2562 alterum
1621 2518 1765 2561 cum

259 2601 467 2660 Joanne
514 2615 846 2677 campsore
888 2598 1169 2656 Romano
1194 2641 1210 2672 ,
1272 2594 1440 2673 quod
1470 2592 1763 2654 Placntiae

259 2691 615 2769 extinguitur
658 2690 939 2749 solvente
975 2688 1135 2749 Titio
1183 2705 1297 2766 pro
1336 2688 1554 2758 Petro;
1614 2685 1767 2745 alte-

259 2803 376 2844 rum
400 2784 624 2844 initum
660 2780 992 2843 Placentiae
1032 2781 1112 2841 ab
1159 2779 1383 2839 eodem
1415 2781 1595 2838 Petro
1622 2794 1764 2836 cum

255 2877 392 2938 Titio
413 2923 429 2953 ,
478 2876 589 2955 qui
618 2876 732 2936 dat
756 2873 844 2933 illi
872 2872 957 2932 ibi
985 2872 1318 2952 pecuniam
1342 2917 1357 2946 ,
1414 2889 1539 2949 qua
1567 2869 1769 2929 solvat

255 2969 476 3044 Joanni,
523 2971 589 3028 et
616 2985 758 3047 quae
788 2965 1049 3026 cambiri
1074 2963 1303 3025 debeat
1329 2981 1472 3024 cum
1500 2960 1768 3041 pecunia

256 3063 442 3123 Romae
472 3058 780 3121 solvenda
804 3077 840 3117 a
871 3060 1050 3118 Petro
1107 3076 1121 3117 ε
1182 3062 1245 3118 et
1284 3056 1348 3116 in
1396 3055 1515 3116 hoc
1549 3071 1766 3115 omnes

255 3154 632 3217 conveniunt.
666 3150 845 3214 Unde

317 3249 515 3310 Tertio
545 3249 789 3307 certum
818 3243 1007 3304 etiam
1034 3242 1324 3319 videtur,
1363 3240 1532 3301 idem
1563 3240 1768 3301 dicen·

253 3342 382 3401 dum
410 3359 567 3416 esse,
600 3339 748 3398 licet
778 3340 993 3398 Petrus
1022 3354 1147 3397 non
1177 3335 1406 3395 habeat
1437 3334 1764 3395 Placentiae

251 3432 617 3512 amicumqui
644 3449 756 3509 pro
787 3429 920 3508 ipso
951 3428 1187 3505 solvat,
1220 3428 1329 3488 sed
1359 3432 1568 3489 tamen
1599 3426 1766 3506 ejus-

250 3526 378 3587 dem
402 3524 570 3587 Petri
599 3526 822 3601 rogatu
839 3523 872 3582 J
878 3540 1112 3581 oannes
1139 3539 1428 3599 campsor
1449 3523 1763 3580 Romanus

248 3622 403 3698 petat
430 3616 656 3679 aTitio
704 3614 906 3674 amico
944 3613 1203 3674 Joannis
1254 3613 1587 3673 Placentiae
1636 3611 1764 3672 exi-

248 3715 428 3773 stente
452 3757 469 3786 ,
527 3707 698 3788 quod
727 3709 1013 3784 acceptet
1060 3705 1180 3766 hoc
1224 3723 1451 3765 munus
1481 3704 1760 3765 solvendi

244 3822 344 3883 pro
399 3806 584 3864 Petro
640 3801 913 3879 primum
968 3798 1306 3875 cambium,
1367 3802 1430 3859 et
1473 3797 1761 3877 precibus

243 3896 486 3958 loannis
514 3894 715 3955 Titius
743 3892 863 3953 hoc
882 3910 1108 3951 munus
1135 3891 1422 3970 accipiat,
1457 3895 1521 3951 et
1549 3908 1764 3969 accep·

244 3992 320 4049 tet
343 3989 581 4050 litteras
609 3984 779 4045 Petri
834 3983 914 4043 ad
961 3983 1166 4061 ipsum
1193 3983 1425 4044 Titium
1466 3982 1757 4058 directaS,

241 4087 296 4143 et
319 4099 426 4161 pro
460 4081 599 4159 ipso
629 4078 832 4138 solvat
858 4078 891 4137 J
899 4075 1085 4136 oanni
1104 4121 1119 4151 ,
1171 4074 1379 4136 dando
1415 4078 1598 4163 lffetro
1628 4075 1762 4134 Pla-

241 4174 445 4235 centiae
474 4170 810 4251 pecuniam
839 4168 1010 4228 illam
1053 4167 1134 4227 ad
1177 4167 1490 4227 cambium
1519 4168 1764 4227 solven-

241 4268 377 4326 dum
402 4266 602 4340 Titio,
662 4262 762 4322 vel
809 4259 908 4321 cui
955 4260 1087 4338 ipse
1131 4259 1513 4320 commiserit
1546 4262 1760 4321 Romae

241 4376 369 4419 cum
392 4359 597 4418 lucr0.
657 4354 836 4428 Quod
866 4354 1034 4413 enim
1060 4351 1256 4414 Titius
1283 4351 1346 4411 id
1397 4352 1585 4413 faciat
1621 4371 1761 4431 pre-

240 4453 399 4513 cibus
426 4453 460 4514 J
469 4448 693 4512 oannis
712 4494 727 4524 ,
787 4465 910 4507 non
940 4445 1140 4506 variat
1167 4444 1577 4505 substantiam
1618 4464 1760 4505 con-

238 4548 486 4619 tractus,
551 4542 660 4603 sed
716 4544 812 4601 est
856 4537 1323 4599 circumstantia
1376 4538 1756 4611 extrinseca,
1741 4557 1755 4570 ·

239 4636 351 4699 imo
379 4638 591 4716 potest
615 4635 648 4696 J
657 4650 890 4694 oannes
928 4629 1196 4709 pretium
1226 4629 1479 4708 aliquod
1509 4648 1548 4689 a
1579 4633 1758 4690 Petro

237 4730 477 4808 exigere
508 4730 766 4806 propter
782 4723 1169 4802 diligentiam
1196 4721 1544 4782 faciendam
1576 4721 1637 4780 in
1667 4722 1762 4781 in-

234 4821 541 4883 veniendo
568 4816 901 4880 Placentiae
932 4815 1163 4895 aliquo,
1221 4814 1326 4893 qui
1353 4814 1504 4875 velit
1531 4814 1618 4875 ibi
1646 4833 1758 4894 pro

236 4914 360 4994 ipso
407 4913 693 4983 solvere,
748 4928 893 4969 cum
923 4908 1100 4969 haec
1083 4926 1219 4986 ipsa
1247 4906 1570 4985 diligentia
1598 4907 1635 4967 f·
1641 4912 1762 4969 icta

232 5009 290 5068 in
332 5005 711 5085 obsequium
750 5000 915 5064 Petri
969 5000 1049 5060 sit
1100 4999 1299 5078 pretio
1355 5000 1758 5078 aestimabiliS,

232 5120 340 5161 nec
387 5102 685 5161 teneatur
733 5097 766 5156 J
774 5111 1006 5155 oannes
1058 5091 1253 5171 gratis
1309 5109 1449 5152 eam
1503 5111 1757 5170 ponere.

234 5195 381 5255 Hinc
411 5191 699 5266 ulterius,

305 5288 550 5358 Quarto
577 5283 745 5342 idem
774 5277 1109 5338 dicendum
1125 5277 1392 5353 videtur,
1411 5277 1559 5339 licet
1574 5280 1607 5341 J
1614 5298 1765 5340 oan-

232 5398 334 5439 nes
362 5396 495 5438 non
529 5376 730 5435 solum
757 5369 1177 5451 petata'ritio,
1212 5369 1378 5449 quod
1408 5370 1609 5432 solvat
1630 5371 1764 5431 Pla-

230 5471 448 5532 centiae
477 5485 594 5548 pro
623 5469 809 5528 Petro
834 5508 851 5541 ,
901 5466 965 5524 et
1006 5465 1293 5542 acceptet
1338 5461 1473 5542 ejus
1500 5463 1759 5542 litteras,

1852 560 2232 640 fidejubeat,
2279 566 2351 622 ιιι
2391 562 2629 641 absque
2674 562 2898 623 timore
2927 564 3099 623 Titus
3147 563 3386 624 homini

1855 655 1969 714 sihi
2001 655 2213 733 ignoto
2254 655 2586 733 pecuniam
2635 655 2742 717 det
2784 655 2863 714 ad
2912 656 3267 732 cambium,
3326 661 3389 717 et

1856 748 1990 826 ejus
2017 748 2255 808 litteras
2286 752 2567 826 acceptet
2597 766 2669 806 ac
2699 748 2919 810 solvat.
2972 748 3148 820 Quod
3180 753 3389 810 tamen

1856 839 2133 917 intelligo
2160 886 2175 916 ,
2228 839 2568 899 dummodo
2600 839 2796 900 Titius
2844 858 2965 900 non
3008 859 3082 899 ex
3113 841 3393 918 pecuniis

1855 933 1888 993 J
1897 932 2138 1007 oannis,
2171 931 2282 991 sed
2312 951 2386 991 ex
2417 931 2542 991 suis
2570 933 2603 992 J
2611 931 2796 991 oanni
2826 950 2937 1010 pro
2962 935 3143 993 Petro
3166 933 3388 993 solvat.

1858 1024 2038 1085 Ratio
2086 1029 2297 1084 autem
2346 1027 2472 1101 est,
2532 1023 2682 1102 quia
2734 1024 3050 1104 fidejussio
3095 1025 3199 1084 illa
3232 1024 3394 1086 Petri

1859 1136 1983 1176 non
2012 1116 2162 1177 facit
2191 1116 2358 1194 quod
2390 1116 2706 1176 cambium
2735 1117 3005 1195 primum
3036 1136 3160 1178 non
3189 1118 3269 1179 sit
3295 1136 3398 1177 ve-

1857 1229 1999 1270 rum
2029 1213 2092 1270 et
2118 1208 2318 1282 reale;
2363 1226 2506 1269 cum
2539 1208 2744 1268 adhuc
2774 1211 2993 1270 Petrus
3012 1255 3027 1285 ,
3062 1229 3172 1270 seu
3200 1209 3398 1271 Titius

1861 1302 1997 1382 ejus
2035 1302 2287 1362 nomine
2336 1298 2538 1362 solvat
2564 1302 2793 1362 Joanni
2819 1295 3154 1363 Placentiae
3185 1322 3258 1363 ex
3286 1321 3395 1380 pe-

1861 1395 2042 1455 cunia
2073 1395 2262 1471 Petri,
2298 1413 2487 1474 quam
2518 1394 2603 1454 ibi
2626 1394 2837 1455 aTitio
2864 1395 2942 1454 ad
2974 1413 3206 1454 novum
3234 1412 3399 1454 cam-

1859 1486 2034 1547 bium
2061 1487 2342 1566 accepit:
2373 1492 2561 1566 atque
2594 1486 2734 1546 ideo
2766 1486 3082 1548 cambium
3108 1505 3251 1546 cum
3281 1486 3400 1546 hac

1863 1580 2053 1641 etiam
2098 1579 2569 1641 circumstantia
2610 1578 2850 1639 licitum
2898 1598 3071 1655 esse,
3124 1578 3404 1640 decrevit

1863 1673 2263 1753 congregatio
2322 1676 2534 1733 Roma}
2590 1671 2757 1732 facta
2817 1671 2999 1752 jussu
3054 1671 3397 1748 Pontificis,

1863 1765 2041 1845 cujus
2070 1764 2350 1845 responsi
2380 1764 2575 1825 verba
2603 1768 2821 1843 postea
2848 1764 3211 1825 referemus.
3246 1765 3402 1843 Sup-

1862 1858 2154 1936 ponimus
2211 1861 2419 1918 autem
2449 1903 2464 1933 ,
2526 1857 2589 1915 in
2644 1856 2742 1916 his
2799 1855 3088 1917 omnibus
3144 1858 3401 1916 Petrum

1864 1950 2032 2010 nullo
2063 1950 2251 2010 modo
2282 1948 2418 2027 cogi
2451 1967 2487 2008 a
2515 1949 2758 2009 Joanne
2802 1954 2871 2010 ιιι
2899 1949 3229 2027 pecuniam
3260 1949 3403 2009 Pla-

1863 2041 2084 2102 centiae
2131 2041 2358 2102 iterum
2401 2041 2483 2102 ad
2512 2041 2825 2101 cambium
2859 2041 3124 2120 accipiat
3152 2060 3189 2100 a
3214 2041 3397 2114 Titio,

1862 2132 1961 2195 vel
1992 2134 2072 2194 ab
2103 2133 2223 2194 alio
2244 2181 2259 2210 ,
2295 2138 2362 2195 ut
2390 2133 2662 2213 primum
2689 2134 3003 2194 cambium
3035 2135 3256 2208 solvat,
3290 2134 3402 2193 sed

1862 2227 2128 2287 liberum
2155 2226 2444 2305 relinqui,
2478 2230 2547 2286 ut
2575 2226 2628 2285 si
2656 2226 2824 2302 velit,
2846 2226 3040 2304 possit
3059 2225 3175 2286 sibi
3208 2225 3402 2286 aliun-

1866 2319 1943 2379 de
1987 2318 2319 2398 pecuniam
2367 2317 2697 2379 Placentiae
2746 2337 3028 2397 quaerere
3086 2337 3276 2398 quam
3328 2337 3404 2378 ex

1867 2412 2143 2488 cambio,
2198 2415 2268 2472 ut
2312 2410 2512 2472 solvat
2561 2411 2833 2488 primum
2881 2411 3242 2472 cambium:
3278 2430 3403 2472 non

1865 2504 2031 2565 enim
2060 2507 2267 2582 potest
2312 2521 2602 2582 campsor
2650 2502 2929 2580 obligare
2978 2504 3403 2582 campsarium

1866 2595 2149 2657 absolute
2179 2595 2259 2654 ad
2298 2595 2642 2655 secundum
2689 2595 3004 2655 cambium
3033 2595 3397 2672 ineundum,

1866 2694 1929 2751 et
1957 2688 2075 2748 hoc
2103 2687 2293 2749 etiam
2324 2704 2540 2746 omnes
2569 2686 2943 2748 concedunt.
2978 2690 3076 2748 An
3089 2705 3238 2747 vero
3259 2705 3403 2765 pos-

1866 2782 1945 2843 sit
1971 2783 2004 2842 J
2011 2798 2243 2842 oannes
2273 2783 2483 2857 petere
2514 2797 2550 2838 a
2579 2781 2786 2856 Petr0,
2819 2783 2889 2840 ut
2913 2778 3152 2840 litteras
3173 2779 3402 2840 cambii

1867 2874 2097 2952 dirigat
2124 2872 2331 2952 potius
2377 2872 2458 2932 ad
2485 2872 2756 2949 Titium,
2808 2889 3000 2952 quam
3051 2872 3133 2933 ad
3178 2871 3394 2948 alium,

1866 2970 2084 3045 postea
2111 2966 2413 3026 dicemus.

1945 3057 2290 3119 Difficultas
2312 3057 2446 3137 jam
2474 3056 2676 3135 primo
2724 3076 2858 3118 esse
2902 3060 3136 3135 potest,
3190 3076 3269 3118 an
3299 3057 3395 3118 di-

1866 3156 2033 3214 ctum
2055 3150 2371 3212 cambium
2392 3149 2709 3225 subsistat,
2732 3155 2794 3212 et
2811 3149 2978 3212 licite
2994 3151 3123 3227 fiat,
3151 3148 3394 3212 etiamsi

1864 3249 2083 3307 Petrus
2114 3245 2193 3305 ad
2222 3244 2526 3322 majorem
2572 3242 2970 3304 securitatem
2997 3245 3031 3306 J
3038 3245 3224 3304 oanni
3254 3263 3395 3323 pro-

1862 3338 2088 3414 mittat,
2142 3336 2308 3416 quod
2340 3336 2390 3394 si
2419 3335 2615 3396 Titius
2647 3334 2850 3395 eidem
2878 3337 3101 3397 Joanni
3132 3338 3212 3397 ad
3242 3357 3396 3397 nun-

1863 3431 2043 3491 dinas
2088 3432 2418 3508 sequentes
2463 3427 2701 3488 litteras
2747 3448 2871 3489 non
2917 3430 3217 3507 remittat,
3277 3450 3391 3511 pro

1861 3521 2290 3602 recuperando
2321 3538 2430 3580 suo
2480 3519 2712 3597 debito,
2760 3521 2893 3600 ipse
2922 3524 3140 3584 Petrus
3163 3524 3197 3585 J
3205 3542 3393 3584 oanni

1861 3616 2173 3694 obligatus
2202 3612 2523 3674 manebit?
2554 3616 2738 3692 Resp.
2773 3614 2958 3675 eiiam
2980 3616 3386 3690 affirmative;

1860 3708 2008 3788 quia
2037 3707 2156 3767 hoc
2184 3705 2358 3766 addit
2378 3704 2493 3764 nisi
2514 3704 2816 3783 majorem
2839 3708 3385 3784 assecurationem,

1861 3806 1923 3863 et
1951 3799 2126 3879 quasi
2156 3796 2623 3876 fidejussionem
2669 3815 2781 3876 pro
2812 3798 2971 3859 Titio
3019 3799 3295 3860 soluturo
3325 3800 3390 3861 id

1861 3892 2027 3972 quod
2076 3910 2111 3950 a
2158 3892 2191 3951 J
2199 3907 2399 3950 oanne
2456 3893 2825 3967 accepturus
2885 3899 2980 3951 est
3028 3909 3144 3970 pro
3192 3891 3391 3953 extin-

1859 3984 2108 4063 guendo
2166 3980 2377 4043 debito
2434 3980 2619 4059 primi
2676 3983 2927 4047 cambii.
2986 3985 3133 4044 Haec
3179 3989 3389 4046 autem

1861 4076 2092 4151 omnia,
2125 4092 2266 4154 quae
2296 4074 2618 4152 hucusque
2649 4073 2816 4134 dicta
2844 4079 3009 4153 sunt,
3045 4078 3391 4155 approbata

1858 4168 2152 4229 videntur
2194 4167 2259 4226 in
2305 4165 2605 4244 praedicta
2651 4169 3134 4246 congregatione
3175 4172 3389 4232 Romae

1860 4262 2095 4335 habita,
2155 4259 2332 4338 cujus
2374 4259 2661 4320 ultimum
2698 4278 3066 4337 responsum
3108 4263 3189 4323 ad
3230 4264 3389 4326 litte-

1857 4374 1996 4415 ram
2028 4354 2125 4413 hic
2147 4353 2414 4413 referam
2435 4352 2655 4412 iisdem
2673 4352 2901 4430 verbiS,
2936 4355 3160 4432 quibus
3177 4357 3386 4418 Italico

1859 4465 2145 4509 sermone
2176 4445 2436 4506 dubium
2479 4445 2866 4524 propositum
2896 4447 3033 4525 fuit,
3080 4453 3142 4510 et
3168 4450 3386 4511 Latino

1857 4557 2251 4618 responsum,
2285 4542 2471 4617 prout
2496 4539 2797 4617 sequitur.

1949 4630 2337 4693 «Giovanni'
2324 4650 2385 4689 1n
2404 4632 2553 4691 tiera
2584 4630 2664 4690 da
2693 4631 2870 4691 scud1
2887 4632 3055 4692 mille
3084 4633 3384 4697 acambio

1856 4726 1896 4786 a
1923 4725 2124 4786 Pietro
2157 4743 2269 4802 per
2295 4723 2547 4800 Milauo,
2599 4742 2632 4782 0
2664 4742 2819 4783 conv
2827 4743 3068 4801 engono
3101 4726 3381 4806 insieme,

1859 4819 1973 4880 che
1991 4817 2197 4880 Pietro
2230 4835 2305 4876 ne
2334 4816 2537 4877 faccia
2563 4816 2626 4876 la
2647 4820 2835 4877 tratta
2863 4816 2943 4877 acl
2961 4820 3229 4880 Antonio
3251 4840 3386 4899 per-

1859 4929 2014 4972 sona
2041 4909 2317 4985 distinta,
2378 4928 2410 4968 e
2442 4909 2505 4968 di
2535 4910 2808 4987 negotio,
2860 4913 2931 4970 et
2960 4911 3024 4969 di
3054 4913 3337 4974 credito
3324 4933 3386 4973 in

1862 5004 2031 5065 detta
2061 5002 2212 5063 citta
2241 5002 2301 5061 di
2331 5002 2559 5062 Milano
2609 5018 2624 5065 ε
2672 5002 2732 5063 al
2763 5003 2945 5082 quale
2978 5004 3280 5065 Giovanni
3310 5025 3388 5068 ne

1861 5096 1924 5156 fa
1952 5113 2108 5155 anco
2138 5094 2199 5154 la
2229 5093 2508 5154 rimessa.
2551 5095 2820 5155 Antonio
2859 5095 2921 5154 in
2951 5097 3177 5158 Milano
3208 5117 3392 5176 passa

1857 5188 1922 5247 la
1966 5186 2255 5247 scrittura
2302 5186 2363 5245 di
2421 5185 2626 5264 quella
2668 5187 2899 5263 ‘partita
2960 5188 3019 5247 in
3061 5190 3271 5252 debito
3326 5192 3389 5252 di

1861 5280 2090 5355 PietrO,
2151 5290 2213 5340 et
2264 5278 2329 5338 in
2371 5278 2608 5340 credito
2665 5278 2728 5338 di
2772 5278 3095 5359 Giovanni,
3149 5288 3210 5344 et
3266 5303 3391 5346 non

1863 5370 2275 5450 estinguendo
2312 5370 2517 5431 Pietro
2561 5371 2647 5432 tal
2692 5370 2902 5433 debito
2946 5391 3063 5434 con
3105 5376 3263 5437 altra
3311 5377 3392 5437 ri·

1862 5482 2090 5543 messa,
2149 5467 2186 5528 ὸ
2215 5466 2614 5544 pagamentO,
2673 5482 2852 5525 come
2904 5466 3206 5544 potrebbe
3235 5469 3387 5548 fare,

3433 501 3703 605 “tapsus-:pu
3677 541 3733 584 ud

3470 607 3714 702 cuxupatem

3470 703 3523 745 fid
3525 701 3714 757 oiubeat.

3446 608 3511 637 am

3497 3201 3617 3256 Quid,
3651 3203 3688 3248 si

3461 3257 3718 3310 caniparius

3470 3310 3563 3419 ἐι
3561 3309 3718 3427 m,

3526 3417 3660 3460 amico

3469 3481 3713 3525 mmmm.

3532 4649 3612 4710 84

3438 4775 3541 4871 cRes
3521 4787 3715 4839 sponsum

3461 4830 3701 4924 ‘’izssfflvlffi
3675 4843 3733 4871 0·

3586 4894 3715 4926 mana

3484 4895 3683 4979 ¹refertur.
