4263 6376
1143 371 1615 435 DISPUTA'PIO
1659 369 1902 447 xxvn,
1953 368 2228 431 SEC'rlo
2271 369 2374 431 vl.
3216 368 3329 427 357

143 581 152 611 ›
193 548 588 627 conscientiae,
637 548 700 609 in
743 567 867 629 quo
916 549 1196 611 defectus
1250 550 1350 610 vel
1405 566 1695 610 excessus

192 642 355 724 pretii
392 642 544 720 justi
592 642 1018 705 restituendus
1066 646 1180 719 est,
1226 642 1356 703 sive
1386 643 1468 704 sit
1512 643 1689 718 citra,

192 738 308 796 sive
352 735 510 796 ultra
555 735 882 796 dimidium
909 736 1091 814 pretii
1104 736 1256 816 justi
1291 755 1304 797 ε
1338 737 1401 796 ἰιι
1431 737 1564 797 foro
1586 754 1694 796 au-

194 836 306 889 tem
334 832 610 905 externo,
645 829 896 909 quando
927 829 1097 889 laesio
1137 833 1300 891 esset
1326 828 1489 891 intra
1519 828 1696 888 dimi-

196 921 349 981 dium
387 920 534 1001 justi
573 921 775 1000 pretii,
808 921 1123 983 servanda
1152 925 1316 984 esset
1342 921 1561 1001 regula
1588 939 1689 999 ge⁹

195 1013 402 1074 neralis
442 1014 703 1074 aliarum
746 1015 1203 1092 venditionum,
1253 1021 1316 1076 et
1362 1021 1698 1095 negaretur

193 1106 338 1168 actio
364 1107 683 1168 laesionem
704 1125 913 1187 passu,
954 1127 1030 1169 ex
1062 1109 1103 1170 l.
1140 1126 1209 1173 11.
1244 1112 1310 1171 C.
1346 1108 1415 1169 de
1440 1106 1688 1169 rese-ind.

197 1198 512 1275 venditione,
564 1201 684 1261 nisi
733 1206 900 1263 esset
944 1202 1080 1281 lege
1123 1202 1393 1283 positiva
1420 1202 1698 1262 humana

196 1292 487 1372 prohibita
534 1295 766 1374 emptio
813 1312 1061 1371 censuS,
1114 1314 1253 1375 quae
1298 1294 1498 1375 pretio
1523 1293 1695 1371 justo

197 1404 305 1445 non
349 1386 474 1462 fiat,
527 1386 604 1447 de
650 1406 773 1467 quo
811 1392 1051 1467 postea.
1094 1389 1252 1461 Quia
1287 1393 1499 1451 tamen
1528 1388 1698 1466 leges

198 1478 301 1538 illae
326 1483 463 1539 sunt
488 1480 692 1541 solum
720 1480 784 1540 in
813 1481 1081 1559 gratiam
1099 1481 1520 1556 venditorum,
1554 1480 1697 1541 hinc

196 1572 272 1643 iit,
316 1572 476 1649 quod
520 1572 571 1632 si
616 1577 861 1653 emptor
905 1575 1091 1635 laesus
1136 1575 1355 1635 fuisset
1400 1574 1696 1634 solvendo

196 1663 339 1741 pluS,
384 1664 491 1724 sed
533 1664 698 1726 intra
741 1665 1072 1728 dimidium
1121 1668 1274 1747 justi
1320 1666 1524 1746 pretii,
1572 1685 1698 1727 non

196 1761 557 1833 competeret
609 1758 697 1818 illi
754 1759 915 1820 actio
959 1760 1261 1821 adversus
1304 1759 1697 1821 venditorem

196 1848 250 1907 in
284 1847 410 1909 soro
456 1856 736 1927 externo,
785 1852 1006 1913 saltem
1058 1871 1171 1931 pro
1218 1852 1427 1932 prima
1474 1871 1698 1913 census

197 1942 635 2019 constitutione,
670 1944 780 2004 sed
810 1945 1016 2005 solum
1043 1946 1107 2005 in
1136 1946 1271 2006 foro
1303 1946 1698 2007 conscientiae

197 2033 429 2094 deberet
456 2036 516 2094 ei
543 2036 787 2097 restitui
815 2056 1109 2099 excessus
1136 2039 1325 2116 pretii
1351 2058 1542 2118 supra
1563 2039 1702 2120 jus-

197 2131 331 2187 tum.
370 2130 545 2188 Nunc
586 2129 722 2207 ,iam
755 2130 1083 2191 videamus
1112 2132 1192 2191 de
1234 2131 1699 2193 conditionibus

196 2219 265 2278 ad
316 2239 567 2281 censum
622 2222 940 2302 requisitis
995 2223 1072 2283 de
1105 2224 1248 2306 jure
1289 2225 1587 2302 humano,
1635 2225 1698 2285 in

198 2330 437 2391 quorum
459 2314 877 2392 explicatione
922 2315 1126 2378 obiter
1150 2318 1525 2396 videbimus,
1560 2337 1700 2398 quae

198 2421 289 2558 εἴη
304 2404 442 2481 illis,
476 2410 544 2467 et
583 2408 900 2487 quomodo
931 2408 1215 2488 obligent
1238 2411 1427 2472 etiam
1457 2410 1534 2471 de
1558 2410 1700 2490 jure

197 2515 229 2556 n
292 2514 430 2559 urae.

649 2985 1064 3074 sEcho
1145 2990 1259 3079 IV.

198 3307 695 3373 Deconditionibus
721 3312 803 3373 ad
824 3331 1051 3374 censum
1062 3314 1210 3394 jure
1226 3315 1481 3396 positivo
1510 3317 1705 3398 requi-

265 3414 400 3493 sitis,
441 3427 499 3478 et
529 3418 860 3499 specialiter
889 3418 959 3480 de
989 3419 1187 3501 prima
1213 3422 1496 3502 requisita
1523 3443 1559 3483 α
1593 3423 1707 3483 Pio

269 3520 488 3596 Quirite.

269 3794 531 3874 Legibus
572 3795 1060 3875 municipalibus
1095 3796 1454 3875 aliquorum
1485 3815 1708 3875 regno·

202 3904 325 3947 rum
352 3892 412 3949 et
436 3888 928 3967 provinciarum,
962 3889 1354 3950 conditiones
1382 3889 1607 3969 aliquae
1630 3891 1710 3952 ad

131 3954 141 3983 ⁸
203 3997 409 4042 census
437 3983 798 4061 exiguntur,
834 4000 972 4061 quae
1006 4001 1224 4044 omnes
1252 3982 1339 4042 ibi
1369 3983 1712 4044 observan-

130 4063 162 4092 ⁸‘
203 4073 287 4133 daz
315 4079 479 4152 sunt,
512 4075 734 4135 saltem
766 4080 1079 4153 quatenus
1100 4076 1411 4136 contrario
1441 4095 1559 4136 usu
1587 4095 1711 4138 non

204 4166 414 4229 fuerint
452 4167 732 4246 legitime
777 4168 1117 4245 abrogatae.
1163 4167 1329 4229 Talis
1357 4172 1455 4228 est
1480 4170 1710 4230 taxatio

202 4261 389 4337 pretii,
421 4278 562 4340 quae
593 4261 656 4320 in
688 4259 898 4321 multis
918 4261 1074 4321 locis
1102 4260 1242 4339 lege
1270 4260 1522 4338 publica
1548 4261 1715 4323 facta

204 4356 286 4412 est
328 4352 388 4413 in
429 4354 701 4432 gratiam
746 4353 1113 4430 venditoriS,
1146 4355 1217 4412 ut
1251 4353 1481 4413 minori
1513 4357 1712 4431 pretio

203 4462 411 4507 census
439 4447 565 4506 emi
592 4463 723 4506 non
751 4445 949 4523 possit
967 4464 981 4517 ;
1000 4463 1195 4524 quare
1217 4463 1507 4506 excessus
1530 4447 1714 4525 pretii

206 4554 317 4597 non
346 4539 464 4601 erit
490 4543 711 4599 contra
736 4538 911 4617 leges
941 4538 1102 4615 illas,
1134 4537 1281 4599 licet
1308 4537 1372 4597 in
1401 4537 1539 4598 foro
1568 4556 1718 4599 con-

206 4631 463 4694 scientiae
519 4633 755 4710 obliget
806 4630 1199 4692 venditorem
1256 4630 1336 4690 ad
1377 4630 1717 4692 restitutio-

206 4741 335 4784 nem
363 4744 675 4803 excessua,
722 4725 775 4785 si
821 4724 901 4786 sit
947 4741 1140 4803 supra
1177 4723 1453 4801 pretium
1473 4723 1718 4803 justum

207 4818 497 4894 naturale,
573 4816 651 4877 de
710 4834 834 4896 quo
893 4815 1166 4877 vidimus
1227 4819 1381 4877 sect.
1441 4818 1712 4894 praeced.

207 4909 455 4988 Propter
496 4927 799 4989 magnum
841 4912 1056 4970 tamen
1098 4907 1448 4987 periculum
1485 4928 1712 4986 usurae,

208 5005 267 5061 et
304 5001 617 5082 injustitiae
665 5001 898 5062 summi
933 5001 1126 5061 etiam
1160 5000 1494 5062 Pontifices
1522 5002 1603 5061 ad
1631 5002 1720 5062 vi—

208 5093 387 5155 tanda
425 5094 816 5157 subditorum
857 5096 1119 5171 peccata
1155 5092 1385 5154 multas
1413 5092 1721 5155 conditio-

211 5203 311 5245 nes
353 5186 763 5265 explicarunt,
815 5202 955 5266 quae
997 5185 1061 5245 in
1108 5202 1299 5246 censu
1341 5185 1719 5248 intervenire

210 5275 449 5355 debent,
482 5277 829 5357 praesertim
874 5278 1181 5339 Martinus
1215 5278 1289 5338 V.
1326 5295 1489 5338 anno
1540 5281 1714 5341 1423.

210 5368 464 5430 Calistus
511 5372 613 5432 111.
660 5388 827 5431 anno
859 5372 1037 5431 1455.
1073 5374 1135 5431 et
1164 5369 1436 5449 denique
1467 5370 1611 5432 Pius
1638 5375 1714 5435 V.

210 5458 269 5519 in
285 5478 397 5521 sua
420 5462 589 5522 bulla
607 5461 781 5524 adita
806 5480 972 5525 anno
989 5464 1167 5526 1569.
1190 5461 1268 5524 de
1298 5463 1525 5542 quibus
1554 5483 1721 5527 nunc

211 5553 512 5630 agendum
540 5558 653 5617 est.

1878 547 2001 607 Sed
2058 551 2399 627 antequam
2464 548 2543 609 ad
2600 548 2877 627 singulas
2936 544 3329 609 conditiones
3475 547 3543 606 61

1793 640 2140 717 veniamuS,
2193 640 2422 721 duplex
2477 643 2751 703 occurrit
2790 642 3050 722 quaestio
3090 640 3169 701 de
3210 638 3328 699 illis
3430 672 3496 713 A„
3515 670 3629 714 bun,

1795 734 2084 794 omnibus
2114 734 2447 812 generalis.
3377 725 3674 833 Ρὶἰᾰίιζιέῗω

1879 826 2083 887 Prima
2113 831 2227 903 est,
2262 846 2340 887 an
2372 827 2763 889 conditiones
2793 827 2913 887 illae
2945 826 3177 905 ubique
3207 829 3330 887 ter·
3555 846 3562 853 “

1794 937 2008 980 rarum
2054 920 2333 999 obligent
2365 941 2378 982 ε
2415 939 2554 1000 quae
2597 920 2935 999 disputatio
2984 938 3108 979 non
3137 919 3327 999 perti-

1796 1016 1903 1074 net
1929 1013 2011 1072 ad
2053 1013 2222 1073 hunc
2249 1014 2483 1091 locum,
2515 1013 2628 1074 sed
2656 1013 2736 1074 ad
2765 1012 3097 1074 materiam
3127 1013 3206 1071 de
3235 1012 3322 1072 le-

1794 1105 1999 1183 gibuS,
2025 1106 2129 1165 ubi
2161 1106 2416 1167 tractari
2447 1106 2626 1183 solet,
2669 1125 2753 1167 an
2782 1107 2955 1185 leges
2987 1105 3327 1167 Pontificiae

1796 1197 2074 1276 obligent
2124 1198 2381 1279 ubique,
2418 1200 2666 1261 etiamsi
2696 1201 2758 1259 in
2788 1199 3049 1277 singulis
3076 1197 3327 1277 provin·

1796 1290 1927 1367 ciis,
1947 1292 2043 1351 vel
2060 1291 2437 1353 dioecesibus
2459 1311 2583 1354 non
2598 1292 2723 1352 sint
2750 1292 3183 1370 promulgatae,
3218 1290 3327 1371 sed

1796 1383 1997 1443 solum
2027 1383 2090 1442 in
2113 1386 2397 1445 Romana
2427 1385 2622 1460 curia,
2658 1388 2720 1444 et
2746 1383 2947 1443 videri
2974 1386 3179 1461 potest
3205 1384 3328 1443 late

1797 1476 1941 1538 Mol.
1977 1477 2138 1556 disp.
2172 1480 2312 1540 395.
2344 1478 2590 1538 Lessius
2620 1477 2786 1538 dicto
2817 1495 2954 1556 cap.
2988 1493 3140 1538 xxn.
3175 1477 3326 1537 dub.

1795 1585 1933 1630 xm.
1969 1573 2032 1631 et
2060 1571 2239 1631 Salas
2270 1571 2418 1632 dict.
2454 1574 2634 1632 tract.
2669 1569 2738 1631 de
2761 1569 3016 1629 censibus
3038 1570 3165 1631 dub
3189 1586 3324 1631 xm.

1799 1662 1902 1741 qui
1953 1663 2107 1723 alios
2156 1664 2455 1724 referunt.
2493 1664 2667 1725 Multi
2716 1663 2884 1722 enim
2914 1664 3333 1725 communiter

1798 1754 2115 1816 affirmant
2151 1756 2517 1834 praedictam
2562 1756 3035 1834 obligationem,
3073 1775 3187 1817 nec
3218 1757 3331 1817 ob-

1797 1852 1961 1908 stare
2008 1849 2323 1910 defectum
2379 1849 2900 1928 promulgationis
2957 1850 3022 1909 in
3077 1850 3332 1929 propria

1796 1941 2143 2018 provincia,
2197 1942 2297 2001 vel
2350 1942 2607 2005 dioecesi
2663 1942 3197 2020 contrahentium,
3244 1942 3330 2003 ita

1798 2034 1988 2111 Vasq.
2024 2033 2087 2093 in
2119 2036 2176 2095 1.
2202 2038 2259 2094 2.
2288 2034 2444 2114 disp.
2482 2051 2639 2095 CLVI.
2668 2053 2721 2096 c.
2759 2052 2827 2095 11.
2848 2037 3153 2113 Layman,
3185 2038 3329 2097 Jan-

1799 2144 2008 2203 nerus,
2035 2127 2375 2204 FilliuciuS,
2399 2129 2711 2204 Granado,
2738 2129 2993 2205 Suarez,
3018 2129 3327 2205 Valentia,

1798 2221 1981 2297 Azor,
2035 2225 2097 2281 et
2143 2221 2248 2280 alii
2294 2221 2568 2299 plurimi,
2615 2239 2773 2300 quos
2815 2222 3099 2299 congerit
3134 2222 3335 2282 Diana

1799 2316 1884 2373 to.
1936 2314 1982 2374 1.
2018 2317 2199 2374 tract.
2248 2313 2318 2374 de
2360 2313 2598 2393 leqibus,
2633 2332 2757 2374 reS.
2790 2317 2849 2376 8.
2884 2315 3008 2375 Alii
3035 2319 3246 2376 tamen
3268 2315 3331 2374 id

1801 2410 2054 2484 negant,
2093 2407 2401 2482 SerariuS,
2439 2408 2542 2482 Sa,
2586 2406 2894 2484 Miranda,
2931 2409 3138 2484 Sotus‚
3171 2410 3335 2469 Con-

1798 2498 2012 2575 raduS‚
2060 2503 2122 2560 et
2169 2499 2296 2575 alii,
2349 2517 2506 2579 quos
2548 2499 2831 2577 congerit
2859 2500 3077 2576 Diana,
3125 2500 3212 2560 ibi
3240 2500 3335 2560 di-

1802 2609 1948 2651 cens
1973 2590 2365 2670 probabilem
2415 2609 2549 2651 csse
2581 2609 2722 2651 eam
2750 2593 3147 2669 sententiam,
3181 2593 3328 2654 Mol.

1801 2702 1950 2744 vero
1982 2683 2043 2744 d.
2081 2684 2242 2764 disp.
2275 2687 2412 2745 395.
2453 2703 2514 2745 n.
2546 2688 2606 2744 4.
2641 2684 2793 2745 dicit
2819 2684 3328 2763 probabiliorem.
3397 2728 3405 2735 -

1883 2776 2223 2855 Loquendo
2267 2795 2416 2837 vero
2456 2776 2536 2836 de
2567 2776 2685 2836 hac
2736 2775 2908 2837 bulla
2936 2777 3027 2837 Pii
3058 2778 3133 2840 V.
3169 2779 3335 2838 circa

1804 2888 2098 2930 sensuum
2169 2869 2448 2929 valorem
2517 2869 2952 2930 deficientibus
3021 2870 3332 2951 ejusmodi

1803 2961 2286 3038 conditionibuS,
2320 2962 2500 3023 multi
2529 2960 2748 3023 dicunt
2767 2962 2997 3041 ubique
3028 2963 3330 3042 obligare,

1804 3072 1962 3134 quos
2016 3053 2294 3115 referunt
2348 3055 2494 3117 Mol.
2546 3054 2608 3116 d.
2668 3054 2827 3133 disp.
2860 3058 3000 3117 395.
3052 3061 3114 3117 et
3159 3056 3338 3119 Salas

1805 3149 1867 3211 d.
1902 3148 2052 3210 dub.
2099 3164 2238 3209 xm.
2288 3152 2351 3209 et
2395 3147 2545 3210 dub.
2583 3164 2694 3210 vn.
2726 3166 2886 3229 quos
2915 3151 3199 3230 sequitur
3226 3153 3339 3213 Co-

1803 3242 2056 3303 mitolus
2101 3242 2210 3302 lib.
2268 3243 2370 3304 111.
2424 3261 2487 3320 q.
2519 3258 2716 3303 xxvn.
2763 3247 2824 3303 et
2852 3243 2940 3303 ita
2969 3243 3339 3304 observatur

1803 3335 1867 3395 in
1898 3353 2076 3394 sacra
2119 3339 2258 3396 rota
2289 3336 2590 3410 Romana,
2635 3334 2741 3394 ubi
2774 3334 3023 3414 judices
3060 3354 3185 3396 non
3231 3336 3338 3395 ad-

1804 3427 2060 3488 mittunt
2111 3427 2542 3505 exceptionem
2600 3427 2676 3487 de
2732 3445 2859 3488 non
2912 3431 3187 3508 recepta,
3238 3429 3336 3489 vel

1805 3520 2110 3598 abrogata
2139 3520 2308 3581 dicta
2337 3519 2530 3582 bulla.
2567 3520 2685 3581 Alii
2716 3525 2928 3581 tamen
2968 3522 3187 3582 dicunt
3213 3540 3336 3581 non

1807 3631 1942 3673 esse
1964 3613 2196 3690 ubique
2227 3614 2617 3691 acceptatam
2633 3612 2854 3673 saltem
2883 3613 3093 3693 quoad
3124 3631 3340 3673 omnes

1809 3705 2220 3781 conditiones,
2274 3709 2460 3783 atque
2508 3705 2650 3765 ideo
2693 3723 2819 3766 non
2868 3706 3170 3784 obligare,
3223 3705 3341 3765 nisi

1807 3799 1916 3859 ubi
1951 3802 2013 3858 et
2054 3802 2363 3876 quatenus
2411 3802 2666 3877 recepta
2696 3801 2810 3874 est,
2863 3798 2951 3858 ita
2979 3800 3152 3862 Less,
3186 3798 3335 3858 dub.

1807 3907 1945 3952 xm.
2006 3890 2240 3952 Molina
2286 3889 2424 3950 loco
2474 3890 2687 3965 citat0,
2743 3892 2950 3966 SotuS‚
3001 3892 3230 3950 Navar.
3281 3894 3345 3951 et

1810 3984 1936 4059 alii,
1969 4000 2127 4061 quos
2157 3982 2340 4042 affert
2368 3986 2430 4042 et
2457 3982 2742 4061 sequitur
2759 3983 2936 4044 Salas
2957 3983 3020 4042 d.
3046 3983 3198 4043 dub.
3226 3998 3337 4043 v11.

1811 4081 1874 4138 et
1898 4093 2035 4137 xm.
2071 4075 2300 4154 quibus
2329 4075 2577 4136 accedit
2598 4075 2919 4135 Bonacina
2949 4076 3109 4153 disp.
3137 4077 3242 4136 III.
3277 4074 3346 4134 de

1812 4167 2220 4244 contractibus,
2255 4186 2316 4247 q.
2352 4185 2438 4228 lv.
2468 4187 2531 4229 n.
2557 4172 2656 4229 43.
2688 4168 3004 4246 Quidquid
3025 4171 3235 4229 autem
3267 4169 3344 4227 de

1812 4263 1932 4324 hoc
1982 4261 2083 4337 sit,
2131 4279 2350 4321 omnes
2400 4261 2739 4322 convenire
2788 4260 3023 4322 debent
3076 4262 3137 4321 in
3196 4261 3340 4337 hoc,

1813 4355 1983 4436 quod
2030 4354 2135 4414 ubi
2185 4353 2489 4433 praedicta
2535 4353 2708 4415 bulla
2756 4371 2831 4412 ex
2875 4371 3186 4414 consensu
3236 4371 3347 4412 ex-

1811 4465 2049 4528 preSSO,
2100 4447 2202 4507 vel
2248 4445 2725 4525 interpretativo
2772 4447 3003 4506 summi
3030 4445 3348 4507 Pontificis

1813 4559 1938 4601 non
1985 4543 2080 4601 est
2121 4544 2397 4618 recepta,
2450 4540 2549 4600 vel
2593 4539 2801 4618 quoad
2847 4539 3058 4618 aliqua
3105 4543 3200 4599 est
3236 4557 3351 4617 per

1812 4649 1995 4694 usum
2052 4633 2436 4693 contrarium
2489 4632 2769 4711 legitime
2826 4631 3162 4710 abrogata,
3223 4648 3350 4691 non

1816 4726 2071 4804 obligat,
2110 4725 2231 4785 nisi
2262 4724 2471 4805 quoad
2516 4725 2913 4787 conditiones
2935 4725 3077 4805 jure
3107 4728 3349 4784 naturae

1813 4817 2168 4898 requisitas,
2200 4818 2300 4878 vel
2331 4817 2539 4898 quoad
2583 4836 2693 4878 eas
2721 4837 2861 4897 quae
2882 4821 3149 4898 receptae
3178 4820 3346 4878 sunt.

1897 4909 2188 4972 Secunda
2213 4910 2550 4972 difficultas
2602 4929 2736 4971 esse
2765 4915 2989 4990 potest,
3023 4928 3104 4969 an
3134 4926 3351 4969 omnes
3497 4928 3574 4988 52

1815 5002 2205 5065 conditiones
2234 5002 2332 5063 11ae
2362 5003 2642 5081 obligent
2669 5003 2733 5062 in
2761 5003 2896 5063 foro
2928 5001 3346 5077 conscientias,
3428 5053 3494 5096 An
3515 5053 3557 5095 m
3575 5052 3666 5095 toro

1816 5097 1903 5158 ita
1932 5099 2001 5156 ut
2045 5095 2120 5156 iis
2165 5094 2633 5172 deficientibus,
2692 5096 2793 5156 vel
2846 5095 3054 5174 aliqua
3108 5112 3347 5171 earum,
3418 5106 3698 5158 munientia.

1818 5190 2175 5250 contractus
2203 5187 2286 5248 sit
2313 5187 2544 5263 irrituS,
2579 5187 2823 5248 etiamsi
2839 5205 2984 5246 vere
3015 5205 3139 5247 non
3168 5186 3354 5247 inter·
3404 5165 3698 5268 ηῇἶῖῗῦξοη

1819 5279 2003 5340 cedat
2027 5278 2223 5354 frauS,
2255 5279 2355 5339 vel
2382 5297 2604 5354 usura,
2639 5282 2748 5339 aut
2775 5277 3079 5358 injustitia
3107 5283 3356 5340 contra·
3472 5267 3629 5310 m·

1819 5371 2141 5433 hentium?
2197 5373 2344 5442 Quae
2397 5371 2656 5450 quaestio
2690 5371 2923 5450 pendet
2971 5390 3046 5431 ex
3074 5371 3179 5431 illa
3208 5372 3352 5449 alia,

1819 5484 1901 5527 an
1945 5465 2047 5525 lex
2092 5463 2354 5525 fundata
2407 5463 2470 5523 in
2512 5463 3265 5543 praesumptione-obliget
3294 5464 3355 5524 in

1821 5557 1957 5620 foro
1987 5555 2410 5634 conscientiae,
2442 5556 2694 5636 quando
2723 5555 2788 5618 in
2817 5556 3041 5621 eodem
3069 5556 3204 5619 foro
3233 5575 3363 5618 ces-
