<?xml version="1.0" encoding="UTF-8"?>
<!DOCTYPE html PUBLIC "-//W3C//DTD XHTML 1.0 Transitional//EN"
    "http://www.w3.org/TR/xhtml1/DTD/xhtml1-transitional.dtd">
<html xmlns="http://www.w3.org/1999/xhtml" xml:lang="en" lang="en">
 <head>
  <title>
</title>
<meta http-equiv="Content-Type" content="text/html;charset=utf-8" />
  <meta name='ocr-system' content='tesseract 3.04.00' />
  <meta name='ocr-capabilities' content='ocr_page ocr_carea ocr_par ocr_line ocrx_word'/>
</head>
<body>
  <div class='ocr_page' id='page_1' title='image "./joannisdelugodi00lugogoog_0360.png"; bbox 0 0 4263 6376; ppageno 0'>
   <div class='ocr_carea' id='block_1_1' title="bbox 615 1635 690 1692">
    <p class='ocr_par' dir='ltr' id='par_1_1' title="bbox 615 1635 690 1692">
     <span class='ocr_line' id='line_1_1' title="bbox 615 1635 690 1692; baseline 0 0"><span class='ocrx_word' id='word_1_1' title='bbox 615 1635 690 1692; x_wconf 76' lang='lat'>24</span> 
     </span>
    </p>
   </div>
   <div class='ocr_carea' id='block_1_2' title="bbox 515 1756 814 1961">
    <p class='ocr_par' dir='ltr' id='par_1_2' title="bbox 515 1756 814 1917">
     <span class='ocr_line' id='line_1_2' title="bbox 515 1756 814 1800; baseline 0.003 -1"><span class='ocrx_word' id='word_1_2' title='bbox 515 1756 574 1800; x_wconf 79' lang='lat' dir='ltr'>Do</span> <span class='ocrx_word' id='word_1_3' title='bbox 592 1757 687 1800; x_wconf 70' lang='lat' dir='ltr'>aliis</span> <span class='ocrx_word' id='word_1_4' title='bbox 705 1758 814 1800; x_wconf 75' lang='lat' dir='ltr'>titu-</span> 
     </span>
     <span class='ocr_line' id='line_1_3' title="bbox 541 1811 784 1862; baseline 0.008 -10"><span class='ocrx_word' id='word_1_5' title='bbox 541 1811 611 1860; x_wconf 73' lang='lat' dir='ltr'>lis.</span> <span class='ocrx_word' id='word_1_6' title='bbox 640 1824 707 1862; x_wconf 83' lang='lat' dir='ltr'>an,</span> <span class='ocrx_word' id='word_1_7' title='bbox 741 1816 784 1854; x_wconf 75' lang='lat' dir='ltr'>et</span> 
     </span>
     <span class='ocr_line' id='line_1_4' title="bbox 568 1864 769 1917; baseline 0 -11"><span class='ocrx_word' id='word_1_8' title='bbox 568 1864 769 1917; x_wconf 85' lang='lat' dir='ltr'>quomodo</span> 
     </span>
    </p>

    <p class='ocr_par' dir='ltr' id='par_1_3' title="bbox 518 1917 811 1961">
     <span class='ocr_line' id='line_1_5' title="bbox 518 1917 811 1961; baseline 0 -1"><span class='ocrx_word' id='word_1_9' title='bbox 518 1917 620 1961; x_wconf 72' lang='lat' dir='ltr'>liciti</span> <span class='ocrx_word' id='word_1_10' title='bbox 654 1923 811 1960; x_wconf 69' lang='lat' dir='ltr'>essent.</span> 
     </span>
    </p>
   </div>
   <div class='ocr_carea' id='block_1_3' title="bbox 866 347 2951 412">
    <p class='ocr_par' dir='ltr' id='par_1_4' title="bbox 866 347 2951 412">
     <span class='ocr_line' id='line_1_6' title="bbox 866 347 2951 412; baseline 0 -4"><span class='ocrx_word' id='word_1_11' title='bbox 866 347 985 408; x_wconf 76' lang='lat'>342</span> <span class='ocrx_word' id='word_1_12' title='bbox 2067 350 2170 410; x_wconf 76' lang='lat' dir='ltr'>DE</span> <span class='ocrx_word' id='word_1_13' title='bbox 2211 350 2565 412; x_wconf 85' lang='lat' dir='ltr'>JUSTITIA</span> <span class='ocrx_word' id='word_1_14' title='bbox 2610 350 2710 410; x_wconf 83' lang='grc' dir='ltr'>ΕΤ</span> <span class='ocrx_word' id='word_1_15' title='bbox 2751 349 2951 410; x_wconf 75' lang='lat' dir='ltr'>JURE</span> 
     </span>
    </p>
   </div>
   <div class='ocr_carea' id='block_1_4' title="bbox 816 520 2403 5599">
    <p class='ocr_par' dir='ltr' id='par_1_5' title="bbox 862 520 2403 1619">
     <span class='ocr_line' id='line_1_7' title="bbox 868 520 2403 602; baseline 0.001 -20"><span class='ocrx_word' id='word_1_16' title='bbox 868 526 1141 595; x_wconf 91' lang='lat' dir='ltr'>centum,</span> <span class='ocrx_word' id='word_1_17' title='bbox 1173 525 1241 582; x_wconf 91' lang='lat' dir='ltr'>ut</span> <span class='ocrx_word' id='word_1_18' title='bbox 1258 541 1370 600; x_wconf 89' lang='lat' dir='ltr'>per</span> <span class='ocrx_word' id='word_1_19' title='bbox 1397 520 1769 581; x_wconf 89' lang='lat' dir='ltr'>decennium</span> <span class='ocrx_word' id='word_1_20' title='bbox 1797 523 2057 602; x_wconf 86' lang='lat' dir='ltr'>singulis</span> <span class='ocrx_word' id='word_1_21' title='bbox 2086 524 2264 584; x_wconf 87' lang='lat' dir='ltr'>annis</span> <span class='ocrx_word' id='word_1_22' title='bbox 2294 524 2403 584; x_wconf 86' lang='lat' dir='ltr'>de-</span> 
     </span>
     <span class='ocr_line' id='line_1_8' title="bbox 868 614 2403 695; baseline 0.001 -22"><span class='ocrx_word' id='word_1_23' title='bbox 868 631 1004 673; x_wconf 90' lang='lat' dir='ltr'>cem</span> <span class='ocrx_word' id='word_1_24' title='bbox 1031 614 1318 692; x_wconf 75' lang='lat' dir='ltr'>recipiaS,</span> <span class='ocrx_word' id='word_1_25' title='bbox 1350 614 1417 672; x_wconf 89' lang='lat' dir='ltr'>in</span> <span class='ocrx_word' id='word_1_26' title='bbox 1447 632 1570 692; x_wconf 91' lang='lat' dir='ltr'>quo</span> <span class='ocrx_word' id='word_1_27' title='bbox 1601 615 1771 674; x_wconf 90' lang='lat' dir='ltr'>nulla</span> <span class='ocrx_word' id='word_1_28' title='bbox 1799 634 2006 675; x_wconf 78' lang='lat' dir='ltr'>usurae</span> <span class='ocrx_word' id='word_1_29' title='bbox 2034 617 2135 676; x_wconf 84' lang='lat' dir='ltr'>vel</span> <span class='ocrx_word' id='word_1_30' title='bbox 2163 615 2403 695; x_wconf 87' lang='lat' dir='ltr'>injusti-</span> 
     </span>
     <span class='ocr_line' id='line_1_9' title="bbox 867 706 2402 785; baseline 0.003 -20"><span class='ocrx_word' id='word_1_31' title='bbox 867 706 969 766; x_wconf 84' lang='lat' dir='ltr'>tiae</span> <span class='ocrx_word' id='word_1_32' title='bbox 999 706 1235 784; x_wconf 91' lang='lat' dir='ltr'>species</span> <span class='ocrx_word' id='word_1_33' title='bbox 1265 724 1567 784; x_wconf 88' lang='lat' dir='ltr'>apparere</span> <span class='ocrx_word' id='word_1_34' title='bbox 1596 711 1840 785; x_wconf 90' lang='lat' dir='ltr'>potest,</span> <span class='ocrx_word' id='word_1_35' title='bbox 1886 708 1995 767; x_wconf 88' lang='lat' dir='ltr'>sed</span> <span class='ocrx_word' id='word_1_36' title='bbox 2026 708 2402 769; x_wconf 80' lang='lat' dir='ltr'>beneficium</span> 
     </span>
     <span class='ocr_line' id='line_1_10' title="bbox 866 797 2399 876; baseline 0.003 -18"><span class='ocrx_word' id='word_1_37' title='bbox 866 797 1071 876; x_wconf 88' lang='lat' dir='ltr'>potius</span> <span class='ocrx_word' id='word_1_38' title='bbox 1100 798 1165 856; x_wconf 90' lang='lat' dir='ltr'>in</span> <span class='ocrx_word' id='word_1_39' title='bbox 1192 798 1660 874; x_wconf 86' lang='lat' dir='ltr'>mutuatarium‚</span> <span class='ocrx_word' id='word_1_40' title='bbox 1679 800 1777 859; x_wconf 89' lang='lat' dir='ltr'>cui</span> <span class='ocrx_word' id='word_1_41' title='bbox 1807 798 2000 860; x_wconf 90' lang='lat' dir='ltr'>debiti</span> <span class='ocrx_word' id='word_1_42' title='bbox 2029 800 2253 861; x_wconf 85' lang='lat' dir='ltr'>solutio</span> <span class='ocrx_word' id='word_1_43' title='bbox 2269 806 2399 863; x_wconf 88' lang='lat' dir='ltr'>toto</span> 
     </span>
     <span class='ocr_line' id='line_1_11' title="bbox 865 890 2400 971; baseline 0.001 -21"><span class='ocrx_word' id='word_1_44' title='bbox 865 890 971 950; x_wconf 93' lang='lat' dir='ltr'>illo</span> <span class='ocrx_word' id='word_1_45' title='bbox 1015 895 1296 969; x_wconf 87' lang='lat' dir='ltr'>tempore</span> <span class='ocrx_word' id='word_1_46' title='bbox 1353 891 1656 953; x_wconf 82' lang='lat' dir='ltr'>differtur.</span> <span class='ocrx_word' id='word_1_47' title='bbox 1717 891 1895 953; x_wconf 83' lang='lat' dir='ltr'>Unde</span> <span class='ocrx_word' id='word_1_48' title='bbox 1949 899 2161 971; x_wconf 88' lang='lat' dir='ltr'>posset</span> <span class='ocrx_word' id='word_1_49' title='bbox 2213 894 2400 955; x_wconf 87' lang='lat' dir='ltr'>etiam</span> 
     </span>
     <span class='ocr_line' id='line_1_12' title="bbox 865 983 2403 1063; baseline 0.003 -20"><span class='ocrx_word' id='word_1_50' title='bbox 865 1001 1087 1043; x_wconf 86' lang='lat' dir='ltr'>census</span> <span class='ocrx_word' id='word_1_51' title='bbox 1118 983 1357 1062; x_wconf 90' lang='lat' dir='ltr'>imponi</span> <span class='ocrx_word' id='word_1_52' title='bbox 1402 1002 1513 1063; x_wconf 92' lang='lat' dir='ltr'>pro</span> <span class='ocrx_word' id='word_1_53' title='bbox 1563 989 1843 1063; x_wconf 85' lang='lat' dir='ltr'>tempore</span> <span class='ocrx_word' id='word_1_54' title='bbox 1869 985 2106 1047; x_wconf 87' lang='lat' dir='ltr'>incerto</span> <span class='ocrx_word' id='word_1_55' title='bbox 2137 991 2200 1048; x_wconf 90' lang='lat' dir='ltr'>et</span> <span class='ocrx_word' id='word_1_56' title='bbox 2227 986 2403 1047; x_wconf 90' lang='lat' dir='ltr'>inde-</span> 
     </span>
     <span class='ocr_line' id='line_1_13' title="bbox 863 1075 2398 1156; baseline 0.003 -21"><span class='ocrx_word' id='word_1_57' title='bbox 863 1075 1217 1151; x_wconf 84' lang='lat' dir='ltr'>terminate,</span> <span class='ocrx_word' id='word_1_58' title='bbox 1253 1076 1504 1154; x_wconf 88' lang='lat' dir='ltr'>quando</span> <span class='ocrx_word' id='word_1_59' title='bbox 1537 1077 1777 1156; x_wconf 83' lang='lat' dir='ltr'>aequale</span> <span class='ocrx_word' id='word_1_60' title='bbox 1807 1083 1971 1138; x_wconf 89' lang='lat' dir='ltr'>esset</span> <span class='ocrx_word' id='word_1_61' title='bbox 1999 1078 2283 1156; x_wconf 88' lang='lat' dir='ltr'>dubium,</span> <span class='ocrx_word' id='word_1_62' title='bbox 2318 1099 2398 1141; x_wconf 95' lang='lat' dir='ltr'>an</span> 
     </span>
     <span class='ocr_line' id='line_1_14' title="bbox 862 1167 2399 1248; baseline 0.003 -21"><span class='ocrx_word' id='word_1_63' title='bbox 862 1167 1147 1227; x_wconf 90' lang='lat' dir='ltr'>cumulus</span> <span class='ocrx_word' id='word_1_64' title='bbox 1177 1168 1547 1246; x_wconf 85' lang='lat' dir='ltr'>pensionum</span> <span class='ocrx_word' id='word_1_65' title='bbox 1576 1169 1781 1248; x_wconf 91' lang='lat' dir='ltr'>major</span> <span class='ocrx_word' id='word_1_66' title='bbox 1795 1171 1894 1231; x_wconf 85' lang='lat' dir='ltr'>vel</span> <span class='ocrx_word' id='word_1_67' title='bbox 1922 1170 2130 1232; x_wconf 90' lang='lat' dir='ltr'>minor</span> <span class='ocrx_word' id='word_1_68' title='bbox 2156 1172 2399 1233; x_wconf 91' lang='lat' dir='ltr'>futurus</span> 
     </span>
     <span class='ocr_line' id='line_1_15' title="bbox 864 1261 2393 1340; baseline 0.003 -21"><span class='ocrx_word' id='word_1_69' title='bbox 864 1263 1027 1319; x_wconf 90' lang='lat' dir='ltr'>esset</span> <span class='ocrx_word' id='word_1_70' title='bbox 1072 1278 1263 1337; x_wconf 87' lang='lat' dir='ltr'>quam</span> <span class='ocrx_word' id='word_1_71' title='bbox 1301 1261 1570 1339; x_wconf 89' lang='lat' dir='ltr'>pretium</span> <span class='ocrx_word' id='word_1_72' title='bbox 1617 1261 1784 1340; x_wconf 89' lang='lat' dir='ltr'>quod</span> <span class='ocrx_word' id='word_1_73' title='bbox 1815 1280 1925 1340; x_wconf 81' lang='lat' dir='ltr'>pro</span> <span class='ocrx_word' id='word_1_74' title='bbox 1956 1280 2147 1324; x_wconf 84' lang='lat' dir='ltr'>censu</span> <span class='ocrx_word' id='word_1_75' title='bbox 2180 1264 2393 1337; x_wconf 87' lang='lat' dir='ltr'>datur;</span> 
     </span>
     <span class='ocr_line' id='line_1_16' title="bbox 863 1351 2400 1434; baseline 0.003 -23"><span class='ocrx_word' id='word_1_76' title='bbox 863 1351 1010 1430; x_wconf 89' lang='lat' dir='ltr'>quia</span> <span class='ocrx_word' id='word_1_77' title='bbox 1036 1355 1185 1411; x_wconf 91' lang='lat' dir='ltr'>tunc</span> <span class='ocrx_word' id='word_1_78' title='bbox 1216 1352 1404 1412; x_wconf 88' lang='lat' dir='ltr'>etiam</span> <span class='ocrx_word' id='word_1_79' title='bbox 1435 1358 1598 1414; x_wconf 89' lang='lat' dir='ltr'>esset</span> <span class='ocrx_word' id='word_1_80' title='bbox 1642 1357 1998 1415; x_wconf 89' lang='lat' dir='ltr'>contractus</span> <span class='ocrx_word' id='word_1_81' title='bbox 2046 1357 2226 1434; x_wconf 87' lang='lat' dir='ltr'>quasi</span> <span class='ocrx_word' id='word_1_82' title='bbox 2274 1357 2400 1416; x_wconf 85' lang='lat' dir='ltr'>for-</span> 
     </span>
     <span class='ocr_line' id='line_1_17' title="bbox 863 1444 2397 1527; baseline 0.002 -22"><span class='ocrx_word' id='word_1_83' title='bbox 863 1448 1030 1505; x_wconf 82' lang='lat' dir='ltr'>tunae</span> <span class='ocrx_word' id='word_1_84' title='bbox 1063 1491 1078 1521; x_wconf 93' lang='lat'>,</span> <span class='ocrx_word' id='word_1_85' title='bbox 1136 1444 1199 1503; x_wconf 91' lang='lat' dir='ltr'>in</span> <span class='ocrx_word' id='word_1_86' title='bbox 1255 1463 1378 1523; x_wconf 87' lang='lat' dir='ltr'>quo</span> <span class='ocrx_word' id='word_1_87' title='bbox 1435 1446 1666 1525; x_wconf 83' lang='lat' dir='ltr'>singuli</span> <span class='ocrx_word' id='word_1_88' title='bbox 1722 1446 2164 1508; x_wconf 81' lang='lat' dir='ltr'>contrahentes</span> <span class='ocrx_word' id='word_1_89' title='bbox 2220 1466 2397 1527; x_wconf 82' lang='lat' dir='ltr'>aeque</span> 
     </span>
     <span class='ocr_line' id='line_1_18' title="bbox 863 1537 2393 1619; baseline 0.004 -24"><span class='ocrx_word' id='word_1_90' title='bbox 863 1555 1040 1615; x_wconf 89' lang='lat' dir='ltr'>spem</span> <span class='ocrx_word' id='word_1_91' title='bbox 1067 1537 1221 1596; x_wconf 86' lang='lat' dir='ltr'>lucri</span> <span class='ocrx_word' id='word_1_92' title='bbox 1270 1543 1332 1598; x_wconf 91' lang='lat' dir='ltr'>et</span> <span class='ocrx_word' id='word_1_93' title='bbox 1367 1539 1713 1616; x_wconf 89' lang='lat' dir='ltr'>periculum</span> <span class='ocrx_word' id='word_1_94' title='bbox 1742 1539 1956 1599; x_wconf 88' lang='lat' dir='ltr'>damni</span> <span class='ocrx_word' id='word_1_95' title='bbox 1984 1541 2393 1619; x_wconf 77' lang='lat' dir='ltr'>susciperent.</span> 
     </span>
    </p>

    <p class='ocr_par' dir='ltr' id='par_1_6' title="bbox 816 1630 2403 5599">
     <span class='ocr_line' id='line_1_19' title="bbox 943 1630 2399 1711; baseline 0.001 -20"><span class='ocrx_word' id='word_1_96' title='bbox 943 1630 1150 1692; x_wconf 83' lang='lat' dir='ltr'>Tertio</span> <span class='ocrx_word' id='word_1_97' title='bbox 1181 1635 1420 1690; x_wconf 90' lang='lat' dir='ltr'>certum</span> <span class='ocrx_word' id='word_1_98' title='bbox 1451 1649 1585 1691; x_wconf 88' lang='lat' dir='ltr'>esse</span> <span class='ocrx_word' id='word_1_99' title='bbox 1616 1631 1823 1706; x_wconf 86' lang='lat' dir='ltr'>debet,</span> <span class='ocrx_word' id='word_1_100' title='bbox 1857 1651 2039 1711; x_wconf 91' lang='lat' dir='ltr'>posse</span> <span class='ocrx_word' id='word_1_101' title='bbox 2070 1652 2146 1693; x_wconf 88' lang='lat' dir='ltr'>ex</span> <span class='ocrx_word' id='word_1_102' title='bbox 2175 1638 2399 1695; x_wconf 83' lang='lat' dir='ltr'>natura</span> 
     </span>
     <span class='ocr_line' id='line_1_20' title="bbox 861 1721 2390 1803; baseline 0.004 -22"><span class='ocrx_word' id='word_1_103' title='bbox 861 1721 975 1798; x_wconf 90' lang='lat' dir='ltr'>rei,</span> <span class='ocrx_word' id='word_1_104' title='bbox 1009 1726 1072 1783; x_wconf 91' lang='lat' dir='ltr'>et</span> <span class='ocrx_word' id='word_1_105' title='bbox 1110 1723 1350 1783; x_wconf 84' lang='lat' dir='ltr'>seclusa</span> <span class='ocrx_word' id='word_1_106' title='bbox 1401 1722 1820 1802; x_wconf 90' lang='lat' dir='ltr'>prohibitione</span> <span class='ocrx_word' id='word_1_107' title='bbox 1866 1725 2021 1803; x_wconf 85' lang='lat' dir='ltr'>legis</span> <span class='ocrx_word' id='word_1_108' title='bbox 2070 1726 2390 1803; x_wconf 76' lang='lat' dir='ltr'>humanae,</span> 
     </span>
     <span class='ocr_line' id='line_1_21' title="bbox 863 1815 2394 1898; baseline 0.004 -24"><span class='ocrx_word' id='word_1_109' title='bbox 863 1815 986 1874; x_wconf 88' lang='lat' dir='ltr'>emi</span> <span class='ocrx_word' id='word_1_110' title='bbox 1015 1832 1270 1874; x_wconf 91' lang='lat' dir='ltr'>censum</span> <span class='ocrx_word' id='word_1_111' title='bbox 1299 1816 1689 1893; x_wconf 86' lang='lat' dir='ltr'>personalem</span> <span class='ocrx_word' id='word_1_112' title='bbox 1722 1817 1949 1877; x_wconf 89' lang='lat' dir='ltr'>minori</span> <span class='ocrx_word' id='word_1_113' title='bbox 1978 1818 2175 1896; x_wconf 88' lang='lat' dir='ltr'>pretio</span> <span class='ocrx_word' id='word_1_114' title='bbox 2208 1838 2394 1898; x_wconf 87' lang='lat' dir='ltr'>quam</span> 
     </span>
     <span class='ocr_line' id='line_1_22' title="bbox 862 1906 2397 1990; baseline 0.003 -23"><span class='ocrx_word' id='word_1_115' title='bbox 862 1906 944 1967; x_wconf 86' lang='lat' dir='ltr'>sit</span> <span class='ocrx_word' id='word_1_116' title='bbox 970 1907 1255 1967; x_wconf 88' lang='lat' dir='ltr'>cumulus</span> <span class='ocrx_word' id='word_1_117' title='bbox 1282 1908 1657 1986; x_wconf 86' lang='lat' dir='ltr'>pensionum</span> <span class='ocrx_word' id='word_1_118' title='bbox 1686 1909 2162 1987; x_wconf 89' lang='lat' dir='ltr'>solvendarum,</span> <span class='ocrx_word' id='word_1_119' title='bbox 2199 1930 2397 1990; x_wconf 87' lang='lat' dir='ltr'>quan-</span> 
     </span>
     <span class='ocr_line' id='line_1_23' title="bbox 864 1998 2398 2077; baseline 0.005 -19"><span class='ocrx_word' id='word_1_120' title='bbox 864 1998 943 2059; x_wconf 93' lang='lat' dir='ltr'>do</span> <span class='ocrx_word' id='word_1_121' title='bbox 979 1999 1219 2059; x_wconf 89' lang='lat' dir='ltr'>ratione</span> <span class='ocrx_word' id='word_1_122' title='bbox 1248 2001 1409 2060; x_wconf 88' lang='lat' dir='ltr'>lucri</span> <span class='ocrx_word' id='word_1_123' title='bbox 1438 2002 1738 2062; x_wconf 89' lang='lat' dir='ltr'>cessantis</span> <span class='ocrx_word' id='word_1_124' title='bbox 1763 2048 1779 2077; x_wconf 90' lang='lat'>‚</span> <span class='ocrx_word' id='word_1_125' title='bbox 1812 2003 1911 2062; x_wconf 87' lang='lat' dir='ltr'>vel</span> <span class='ocrx_word' id='word_1_126' title='bbox 1958 2002 2170 2064; x_wconf 90' lang='lat' dir='ltr'>damni</span> <span class='ocrx_word' id='word_1_127' title='bbox 2203 2023 2398 2065; x_wconf 89' lang='lat' dir='ltr'>emer-</span> 
     </span>
     <span class='ocr_line' id='line_1_24' title="bbox 861 2091 2397 2171; baseline 0.005 -22"><span class='ocrx_word' id='word_1_128' title='bbox 861 2091 1065 2169; x_wconf 86' lang='lat' dir='ltr'>gentis</span> <span class='ocrx_word' id='word_1_129' title='bbox 1091 2138 1106 2168; x_wconf 93' lang='lat'>,</span> <span class='ocrx_word' id='word_1_130' title='bbox 1166 2092 1266 2150; x_wconf 79' lang='lat' dir='ltr'>vel</span> <span class='ocrx_word' id='word_1_131' title='bbox 1316 2093 1505 2152; x_wconf 88' lang='lat' dir='ltr'>etiam</span> <span class='ocrx_word' id='word_1_132' title='bbox 1561 2093 1821 2171; x_wconf 91' lang='lat' dir='ltr'>periculi</span> <span class='ocrx_word' id='word_1_133' title='bbox 1868 2095 2174 2155; x_wconf 91' lang='lat' dir='ltr'>subeundi</span> <span class='ocrx_word' id='word_1_134' title='bbox 2232 2097 2397 2157; x_wconf 90' lang='lat' dir='ltr'>circa</span> 
     </span>
     <span class='ocr_line' id='line_1_25' title="bbox 862 2184 2395 2265; baseline 0.006 -24"><span class='ocrx_word' id='word_1_135' title='bbox 862 2184 1218 2260; x_wconf 82' lang='lat' dir='ltr'>pensioneS,</span> <span class='ocrx_word' id='word_1_136' title='bbox 1251 2185 1523 2263; x_wconf 86' lang='lat' dir='ltr'>pretium</span> <span class='ocrx_word' id='word_1_137' title='bbox 1552 2190 1758 2265; x_wconf 90' lang='lat' dir='ltr'>potest</span> <span class='ocrx_word' id='word_1_138' title='bbox 1786 2186 2047 2247; x_wconf 89' lang='lat' dir='ltr'>diminui</span> <span class='ocrx_word' id='word_1_139' title='bbox 2074 2208 2089 2261; x_wconf 80' lang='lat'>3</span> <span class='ocrx_word' id='word_1_140' title='bbox 2123 2189 2286 2250; x_wconf 89' lang='lat' dir='ltr'>sicut</span> <span class='ocrx_word' id='word_1_141' title='bbox 2322 2208 2395 2250; x_wconf 82' lang='lat' dir='ltr'>ex</span> 
     </span>
     <span class='ocr_line' id='line_1_26' title="bbox 864 2274 2397 2360; baseline 0.005 -26"><span class='ocrx_word' id='word_1_142' title='bbox 864 2274 962 2334; x_wconf 85' lang='lat' dir='ltr'>his</span> <span class='ocrx_word' id='word_1_143' title='bbox 991 2276 1179 2336; x_wconf 90' lang='lat' dir='ltr'>etiam</span> <span class='ocrx_word' id='word_1_144' title='bbox 1208 2277 1515 2355; x_wconf 76' lang='lat' dir='ltr'>capitibus</span> <span class='ocrx_word' id='word_1_145' title='bbox 1544 2282 1749 2357; x_wconf 88' lang='lat' dir='ltr'>potest</span> <span class='ocrx_word' id='word_1_146' title='bbox 1772 2279 1934 2357; x_wconf 84' lang='lat' dir='ltr'>exigi</span> <span class='ocrx_word' id='word_1_147' title='bbox 1952 2280 2185 2359; x_wconf 89' lang='lat' dir='ltr'>aliquid</span> <span class='ocrx_word' id='word_1_148' title='bbox 2209 2300 2397 2360; x_wconf 89' lang='lat' dir='ltr'>supra</span> 
     </span>
     <span class='ocr_line' id='line_1_27' title="bbox 865 2368 2396 2452; baseline 0.005 -26"><span class='ocrx_word' id='word_1_149' title='bbox 865 2371 1097 2427; x_wconf 81' lang='lat' dir='ltr'>sortem</span> <span class='ocrx_word' id='word_1_150' title='bbox 1124 2368 1187 2427; x_wconf 91' lang='lat' dir='ltr'>in</span> <span class='ocrx_word' id='word_1_151' title='bbox 1217 2374 1459 2445; x_wconf 87' lang='lat' dir='ltr'>mutue,</span> <span class='ocrx_word' id='word_1_152' title='bbox 1480 2370 1579 2429; x_wconf 85' lang='lat' dir='ltr'>vel</span> <span class='ocrx_word' id='word_1_153' title='bbox 1599 2371 1818 2447; x_wconf 83' lang='lat' dir='ltr'>augeri</span> <span class='ocrx_word' id='word_1_154' title='bbox 1846 2374 1953 2431; x_wconf 88' lang='lat' dir='ltr'>aut</span> <span class='ocrx_word' id='word_1_155' title='bbox 1982 2371 2242 2433; x_wconf 87' lang='lat' dir='ltr'>diminui</span> <span class='ocrx_word' id='word_1_156' title='bbox 2261 2392 2396 2452; x_wconf 91' lang='lat' dir='ltr'>pre-</span> 
     </span>
     <span class='ocr_line' id='line_1_28' title="bbox 864 2459 2391 2540; baseline 0.004 -19"><span class='ocrx_word' id='word_1_157' title='bbox 864 2459 1021 2521; x_wconf 87' lang='lat' dir='ltr'>tium</span> <span class='ocrx_word' id='word_1_158' title='bbox 1069 2459 1310 2538; x_wconf 84' lang='lat' dir='ltr'>justum</span> <span class='ocrx_word' id='word_1_159' title='bbox 1375 2462 1439 2519; x_wconf 92' lang='lat' dir='ltr'>in</span> <span class='ocrx_word' id='word_1_160' title='bbox 1502 2462 1819 2540; x_wconf 81' lang='lat' dir='ltr'>emptione</span> <span class='ocrx_word' id='word_1_161' title='bbox 1887 2468 1949 2524; x_wconf 93' lang='lat' dir='ltr'>et</span> <span class='ocrx_word' id='word_1_162' title='bbox 2011 2465 2391 2527; x_wconf 85' lang='lat' dir='ltr'>venditione.</span> 
     </span>
     <span class='ocr_line' id='line_1_29' title="bbox 867 2551 2392 2635; baseline 0.005 -25"><span class='ocrx_word' id='word_1_163' title='bbox 867 2551 1071 2623; x_wconf 84' lang='lat' dir='ltr'>Quare</span> <span class='ocrx_word' id='word_1_164' title='bbox 1101 2552 1152 2612; x_wconf 90' lang='lat' dir='ltr'>si</span> <span class='ocrx_word' id='word_1_165' title='bbox 1182 2552 1302 2613; x_wconf 90' lang='lat' dir='ltr'>hoc</span> <span class='ocrx_word' id='word_1_166' title='bbox 1331 2553 1527 2630; x_wconf 84' lang='lat' dir='ltr'>pretio</span> <span class='ocrx_word' id='word_1_167' title='bbox 1563 2553 1838 2614; x_wconf 82' lang='lat' dir='ltr'>debebas</span> <span class='ocrx_word' id='word_1_168' title='bbox 1867 2573 2076 2616; x_wconf 90' lang='lat' dir='ltr'>emere</span> <span class='ocrx_word' id='word_1_169' title='bbox 2106 2556 2392 2635; x_wconf 86' lang='lat' dir='ltr'>fundum,</span> 
     </span>
     <span class='ocr_line' id='line_1_30' title="bbox 865 2644 2400 2727; baseline 0.005 -24"><span class='ocrx_word' id='word_1_170' title='bbox 865 2645 1042 2722; x_wconf 88' lang='lat' dir='ltr'>cujus</span> <span class='ocrx_word' id='word_1_171' title='bbox 1071 2644 1308 2706; x_wconf 88' lang='lat' dir='ltr'>fructus</span> <span class='ocrx_word' id='word_1_172' title='bbox 1354 2646 1636 2707; x_wconf 90' lang='lat' dir='ltr'>deductis</span> <span class='ocrx_word' id='word_1_173' title='bbox 1685 2649 1970 2727; x_wconf 83' lang='lat' dir='ltr'>expensis</span> <span class='ocrx_word' id='word_1_174' title='bbox 2010 2654 2218 2711; x_wconf 89' lang='lat' dir='ltr'>essent</span> <span class='ocrx_word' id='word_1_175' title='bbox 2252 2669 2400 2711; x_wconf 90' lang='lat' dir='ltr'>cen-</span> 
     </span>
     <span class='ocr_line' id='line_1_31' title="bbox 864 2737 2397 2819; baseline 0.004 -22"><span class='ocrx_word' id='word_1_176' title='bbox 864 2739 997 2797; x_wconf 84' lang='lat' dir='ltr'>tum</span> <span class='ocrx_word' id='word_1_177' title='bbox 1028 2737 1201 2796; x_wconf 91' lang='lat' dir='ltr'>aurei</span> <span class='ocrx_word' id='word_1_178' title='bbox 1231 2738 1446 2813; x_wconf 90' lang='lat' dir='ltr'>annui,</span> <span class='ocrx_word' id='word_1_179' title='bbox 1481 2739 1714 2817; x_wconf 90' lang='lat' dir='ltr'>poteris</span> <span class='ocrx_word' id='word_1_180' title='bbox 1735 2740 1956 2800; x_wconf 89' lang='lat' dir='ltr'>eodem</span> <span class='ocrx_word' id='word_1_181' title='bbox 1971 2742 2172 2819; x_wconf 86' lang='lat' dir='ltr'>pretio</span> <span class='ocrx_word' id='word_1_182' title='bbox 2191 2762 2397 2804; x_wconf 89' lang='lat' dir='ltr'>emere</span> 
     </span>
     <span class='ocr_line' id='line_1_32' title="bbox 866 2831 2400 2910; baseline 0.005 -22"><span class='ocrx_word' id='word_1_183' title='bbox 866 2846 1122 2889; x_wconf 89' lang='lat' dir='ltr'>censum</span> <span class='ocrx_word' id='word_1_184' title='bbox 1152 2831 1547 2908; x_wconf 84' lang='lat' dir='ltr'>personalem</span> <span class='ocrx_word' id='word_1_185' title='bbox 1570 2877 1585 2907; x_wconf 93' lang='lat'>,</span> <span class='ocrx_word' id='word_1_186' title='bbox 1633 2831 1812 2910; x_wconf 88' lang='lat' dir='ltr'>cujus</span> <span class='ocrx_word' id='word_1_187' title='bbox 1840 2833 2054 2909; x_wconf 90' lang='lat' dir='ltr'>pensio</span> <span class='ocrx_word' id='word_1_188' title='bbox 2085 2852 2292 2895; x_wconf 90' lang='lat' dir='ltr'>annua</span> <span class='ocrx_word' id='word_1_189' title='bbox 2323 2837 2400 2898; x_wconf 86' lang='lat' dir='ltr'>sit</span> 
     </span>
     <span class='ocr_line' id='line_1_33' title="bbox 866 2924 2398 3006; baseline 0.006 -26"><span class='ocrx_word' id='word_1_190' title='bbox 866 2925 1117 2981; x_wconf 89' lang='lat' dir='ltr'>centum</span> <span class='ocrx_word' id='word_1_191' title='bbox 1145 2941 1483 2983; x_wconf 87' lang='lat' dir='ltr'>aureorum</span> <span class='ocrx_word' id='word_1_192' title='bbox 1517 2943 1529 2984; x_wconf 75' lang='grc' dir='ltr'>ε</span> <span class='ocrx_word' id='word_1_193' title='bbox 1566 2924 1712 3003; x_wconf 89' lang='lat' dir='ltr'>quia</span> <span class='ocrx_word' id='word_1_194' title='bbox 1739 2928 1940 2985; x_wconf 83' lang='lat' dir='ltr'>totum</span> <span class='ocrx_word' id='word_1_195' title='bbox 1970 2925 2031 2984; x_wconf 93' lang='lat' dir='ltr'>id</span> <span class='ocrx_word' id='word_1_196' title='bbox 2054 2928 2283 3006; x_wconf 81' lang='lat' dir='ltr'>accipis</span> <span class='ocrx_word' id='word_1_197' title='bbox 2303 2948 2398 2989; x_wconf 89' lang='lat' dir='ltr'>ra-</span> 
     </span>
     <span class='ocr_line' id='line_1_34' title="bbox 865 3012 2399 3095; baseline 0.006 -22"><span class='ocrx_word' id='word_1_198' title='bbox 865 3012 1035 3073; x_wconf 79' lang='lat' dir='ltr'>tione</span> <span class='ocrx_word' id='word_1_199' title='bbox 1065 3014 1219 3074; x_wconf 89' lang='lat' dir='ltr'>lucri</span> <span class='ocrx_word' id='word_1_200' title='bbox 1249 3015 1549 3075; x_wconf 82' lang='lat' dir='ltr'>cessantis</span> <span class='ocrx_word' id='word_1_201' title='bbox 1580 3016 1693 3077; x_wconf 90' lang='lat' dir='ltr'>tibi</span> <span class='ocrx_word' id='word_1_202' title='bbox 1720 3015 1783 3075; x_wconf 92' lang='lat' dir='ltr'>in</span> <span class='ocrx_word' id='word_1_203' title='bbox 1814 3017 2081 3095; x_wconf 82' lang='lat' dir='ltr'>gratiam</span> <span class='ocrx_word' id='word_1_204' title='bbox 2119 3021 2399 3082; x_wconf 78' lang='lat' dir='ltr'>vendito-</span> 
     </span>
     <span class='ocr_line' id='line_1_35' title="bbox 816 3105 2397 3192; baseline 0.006 -28"><span class='ocrx_word' id='word_1_205' title='bbox 816 3182 825 3192; x_wconf 69' lang='lat'>.</span> <span class='ocrx_word' id='word_1_206' title='bbox 865 3105 951 3165; x_wconf 75' lang='lat' dir='ltr'>ris</span> <span class='ocrx_word' id='word_1_207' title='bbox 985 3124 997 3166; x_wconf 91' lang='lat'>:</span> <span class='ocrx_word' id='word_1_208' title='bbox 1035 3124 1237 3185; x_wconf 87' lang='lat' dir='ltr'>neque</span> <span class='ocrx_word' id='word_1_209' title='bbox 1285 3107 1474 3167; x_wconf 87' lang='lat' dir='ltr'>etiam</span> <span class='ocrx_word' id='word_1_210' title='bbox 1502 3107 1581 3167; x_wconf 92' lang='lat' dir='ltr'>de</span> <span class='ocrx_word' id='word_1_211' title='bbox 1627 3107 1747 3169; x_wconf 90' lang='lat' dir='ltr'>hoc</span> <span class='ocrx_word' id='word_1_212' title='bbox 1797 3110 2054 3187; x_wconf 85' lang='lat' dir='ltr'>quaestio</span> <span class='ocrx_word' id='word_1_213' title='bbox 2081 3157 2096 3187; x_wconf 94' lang='lat'>,</span> <span class='ocrx_word' id='word_1_214' title='bbox 2142 3112 2241 3172; x_wconf 87' lang='lat' dir='ltr'>vel</span> <span class='ocrx_word' id='word_1_215' title='bbox 2288 3114 2397 3174; x_wconf 91' lang='lat' dir='ltr'>du·</span> 
     </span>
     <span class='ocr_line' id='line_1_36' title="bbox 866 3198 2393 3284; baseline 0.007 -27"><span class='ocrx_word' id='word_1_216' title='bbox 866 3198 1041 3258; x_wconf 88' lang='lat' dir='ltr'>bium</span> <span class='ocrx_word' id='word_1_217' title='bbox 1071 3205 1183 3260; x_wconf 86' lang='lat' dir='ltr'>est.</span> <span class='ocrx_word' id='word_1_218' title='bbox 1220 3201 1433 3262; x_wconf 89' lang='lat' dir='ltr'>Solum</span> <span class='ocrx_word' id='word_1_219' title='bbox 1482 3200 1753 3262; x_wconf 88' lang='lat' dir='ltr'>dubitari</span> <span class='ocrx_word' id='word_1_220' title='bbox 1797 3202 1965 3263; x_wconf 87' lang='lat' dir='ltr'>circa</span> <span class='ocrx_word' id='word_1_221' title='bbox 2002 3204 2120 3266; x_wconf 92' lang='lat' dir='ltr'>hoc</span> <span class='ocrx_word' id='word_1_222' title='bbox 2164 3212 2393 3284; x_wconf 87' lang='lat' dir='ltr'>posset,</span> 
     </span>
     <span class='ocr_line' id='line_1_37' title="bbox 869 3291 2403 3378; baseline 0.007 -29"><span class='ocrx_word' id='word_1_223' title='bbox 869 3309 949 3350; x_wconf 91' lang='lat' dir='ltr'>an</span> <span class='ocrx_word' id='word_1_224' title='bbox 978 3291 1141 3351; x_wconf 92' lang='lat' dir='ltr'>inter</span> <span class='ocrx_word' id='word_1_225' title='bbox 1177 3292 1314 3352; x_wconf 83' lang='lat' dir='ltr'>haec</span> <span class='ocrx_word' id='word_1_226' title='bbox 1344 3293 1549 3371; x_wconf 89' lang='lat' dir='ltr'>capita</span> <span class='ocrx_word' id='word_1_227' title='bbox 1593 3296 1908 3355; x_wconf 88' lang='lat' dir='ltr'>numerari</span> <span class='ocrx_word' id='word_1_228' title='bbox 1956 3297 2145 3357; x_wconf 86' lang='lat' dir='ltr'>etiam</span> <span class='ocrx_word' id='word_1_229' title='bbox 2193 3304 2403 3378; x_wconf 87' lang='lat' dir='ltr'>posset</span> 
     </span>
     <span class='ocr_line' id='line_1_38' title="bbox 866 3383 2399 3467; baseline 0.006 -25"><span class='ocrx_word' id='word_1_230' title='bbox 866 3383 1041 3460; x_wconf 90' lang='lat' dir='ltr'>illud,</span> <span class='ocrx_word' id='word_1_231' title='bbox 1076 3385 1243 3463; x_wconf 89' lang='lat' dir='ltr'>quod</span> <span class='ocrx_word' id='word_1_232' title='bbox 1276 3386 1512 3447; x_wconf 90' lang='lat' dir='ltr'>scilicet</span> <span class='ocrx_word' id='word_1_233' title='bbox 1540 3392 1786 3466; x_wconf 88' lang='lat' dir='ltr'>emptor</span> <span class='ocrx_word' id='word_1_234' title='bbox 1829 3407 1954 3448; x_wconf 93' lang='lat' dir='ltr'>non</span> <span class='ocrx_word' id='word_1_235' title='bbox 2002 3389 2131 3467; x_wconf 92' lang='lat' dir='ltr'>ipse</span> <span class='ocrx_word' id='word_1_236' title='bbox 2179 3391 2241 3450; x_wconf 90' lang='lat' dir='ltr'>in</span> <span class='ocrx_word' id='word_1_237' title='bbox 2274 3392 2399 3453; x_wconf 85' lang='lat' dir='ltr'>vita</span> 
     </span>
     <span class='ocr_line' id='line_1_39' title="bbox 868 3479 2399 3562; baseline 0.006 -27"><span class='ocrx_word' id='word_1_238' title='bbox 868 3494 982 3535; x_wconf 90' lang='lat' dir='ltr'>sua</span> <span class='ocrx_word' id='word_1_239' title='bbox 1012 3479 1343 3554; x_wconf 86' lang='lat' dir='ltr'>pensiones</span> <span class='ocrx_word' id='word_1_240' title='bbox 1369 3483 1735 3558; x_wconf 87' lang='lat' dir='ltr'>recepturus</span> <span class='ocrx_word' id='word_1_241' title='bbox 1764 3481 1845 3540; x_wconf 92' lang='lat' dir='ltr'>sit</span> <span class='ocrx_word' id='word_1_242' title='bbox 1861 3499 2098 3558; x_wconf 81' lang='lat' dir='ltr'>omneS,</span> <span class='ocrx_word' id='word_1_243' title='bbox 2134 3484 2243 3542; x_wconf 88' lang='lat' dir='ltr'>sed</span> <span class='ocrx_word' id='word_1_244' title='bbox 2266 3484 2399 3562; x_wconf 85' lang='lat' dir='ltr'>ejus</span> 
     </span>
     <span class='ocr_line' id='line_1_40' title="bbox 868 3572 2400 3654; baseline 0.005 -26"><span class='ocrx_word' id='word_1_245' title='bbox 868 3587 1282 3646; x_wconf 90' lang='lat' dir='ltr'>successores,</span> <span class='ocrx_word' id='word_1_246' title='bbox 1320 3589 1393 3630; x_wconf 83' lang='lat' dir='ltr'>ex</span> <span class='ocrx_word' id='word_1_247' title='bbox 1424 3590 1546 3651; x_wconf 88' lang='lat' dir='ltr'>quo</span> <span class='ocrx_word' id='word_1_248' title='bbox 1577 3572 1781 3651; x_wconf 85' lang='lat' dir='ltr'>capite</span> <span class='ocrx_word' id='word_1_249' title='bbox 1822 3573 2040 3635; x_wconf 89' lang='lat' dir='ltr'>dicunt</span> <span class='ocrx_word' id='word_1_250' title='bbox 2069 3575 2259 3654; x_wconf 84' lang='lat' dir='ltr'>aliqui</span> <span class='ocrx_word' id='word_1_251' title='bbox 2292 3576 2400 3636; x_wconf 89' lang='lat' dir='ltr'>de-</span> 
     </span>
     <span class='ocr_line' id='line_1_41' title="bbox 866 3663 2399 3744; baseline 0.004 -22"><span class='ocrx_word' id='word_1_252' title='bbox 866 3679 1152 3722; x_wconf 87' lang='lat' dir='ltr'>crescere</span> <span class='ocrx_word' id='word_1_253' title='bbox 1194 3663 1381 3722; x_wconf 85' lang='lat' dir='ltr'>etiam</span> <span class='ocrx_word' id='word_1_254' title='bbox 1410 3665 1691 3726; x_wconf 87' lang='lat' dir='ltr'>valorem</span> <span class='ocrx_word' id='word_1_255' title='bbox 1734 3665 2144 3744; x_wconf 86' lang='lat' dir='ltr'>pensionum;</span> <span class='ocrx_word' id='word_1_256' title='bbox 2193 3668 2399 3729; x_wconf 90' lang='lat' dir='ltr'>minus</span> 
     </span>
     <span class='ocr_line' id='line_1_42' title="bbox 865 3755 2394 3839; baseline 0.005 -24"><span class='ocrx_word' id='word_1_257' title='bbox 865 3755 1033 3815; x_wconf 91' lang='lat' dir='ltr'>enim</span> <span class='ocrx_word' id='word_1_258' title='bbox 1062 3757 1248 3833; x_wconf 85' lang='lat' dir='ltr'>valet,</span> <span class='ocrx_word' id='word_1_259' title='bbox 1284 3758 1449 3835; x_wconf 89' lang='lat' dir='ltr'>quod</span> <span class='ocrx_word' id='word_1_260' title='bbox 1483 3757 1593 3817; x_wconf 89' lang='lat' dir='ltr'>tibi</span> <span class='ocrx_word' id='word_1_261' title='bbox 1621 3757 1770 3818; x_wconf 90' lang='lat' dir='ltr'>utile</span> <span class='ocrx_word' id='word_1_262' title='bbox 1818 3759 2097 3819; x_wconf 90' lang='lat' dir='ltr'>futurum</span> <span class='ocrx_word' id='word_1_263' title='bbox 2125 3779 2251 3820; x_wconf 90' lang='lat' dir='ltr'>non</span> <span class='ocrx_word' id='word_1_264' title='bbox 2282 3766 2394 3839; x_wconf 90' lang='lat' dir='ltr'>est,</span> 
     </span>
     <span class='ocr_line' id='line_1_43' title="bbox 864 3848 2402 3926; baseline 0.004 -18"><span class='ocrx_word' id='word_1_265' title='bbox 864 3848 974 3908; x_wconf 87' lang='lat' dir='ltr'>sed</span> <span class='ocrx_word' id='word_1_266' title='bbox 999 3850 1121 3909; x_wconf 87' lang='lat' dir='ltr'>tuis</span> <span class='ocrx_word' id='word_1_267' title='bbox 1149 3850 1613 3911; x_wconf 88' lang='lat' dir='ltr'>successoribus</span> <span class='ocrx_word' id='word_1_268' title='bbox 1637 3897 1651 3926; x_wconf 93' lang='lat'>,</span> <span class='ocrx_word' id='word_1_269' title='bbox 1705 3868 1846 3910; x_wconf 91' lang='lat' dir='ltr'>cum</span> <span class='ocrx_word' id='word_1_270' title='bbox 1886 3851 1974 3910; x_wconf 89' lang='lat' dir='ltr'>rei</span> <span class='ocrx_word' id='word_1_271' title='bbox 2017 3852 2195 3912; x_wconf 88' lang='lat' dir='ltr'>valor</span> <span class='ocrx_word' id='word_1_272' title='bbox 2223 3852 2402 3914; x_wconf 88' lang='lat' dir='ltr'>desu-</span> 
     </span>
     <span class='ocr_line' id='line_1_44' title="bbox 864 3941 2398 4021; baseline 0.004 -22"><span class='ocrx_word' id='word_1_273' title='bbox 864 3944 1071 4003; x_wconf 87' lang='lat' dir='ltr'>matnr</span> <span class='ocrx_word' id='word_1_274' title='bbox 1099 3960 1174 4001; x_wconf 88' lang='lat' dir='ltr'>ex</span> <span class='ocrx_word' id='word_1_275' title='bbox 1203 3941 1418 4002; x_wconf 91' lang='lat' dir='ltr'>ordine</span> <span class='ocrx_word' id='word_1_276' title='bbox 1448 3941 1528 4002; x_wconf 92' lang='lat' dir='ltr'>ad</span> <span class='ocrx_word' id='word_1_277' title='bbox 1558 3941 1862 4021; x_wconf 88' lang='lat' dir='ltr'>majorem</span> <span class='ocrx_word' id='word_1_278' title='bbox 1893 3943 2260 4005; x_wconf 88' lang='lat' dir='ltr'>utilitatem:</span> <span class='ocrx_word' id='word_1_279' title='bbox 2286 3946 2398 4005; x_wconf 90' lang='lat' dir='ltr'>mi-</span> 
     </span>
     <span class='ocr_line' id='line_1_45' title="bbox 859 4034 2400 4115; baseline 0.005 -23"><span class='ocrx_word' id='word_1_280' title='bbox 859 4052 976 4093; x_wconf 88' lang='lat' dir='ltr'>nus</span> <span class='ocrx_word' id='word_1_281' title='bbox 1004 4037 1213 4093; x_wconf 86' lang='lat' dir='ltr'>autem</span> <span class='ocrx_word' id='word_1_282' title='bbox 1242 4034 1390 4094; x_wconf 88' lang='lat' dir='ltr'>utile</span> <span class='ocrx_word' id='word_1_283' title='bbox 1421 4039 1711 4095; x_wconf 83' lang='lat' dir='ltr'>censetur</span> <span class='ocrx_word' id='word_1_284' title='bbox 1740 4034 1906 4113; x_wconf 88' lang='lat' dir='ltr'>quod</span> <span class='ocrx_word' id='word_1_285' title='bbox 1938 4053 2062 4095; x_wconf 92' lang='lat' dir='ltr'>non</span> <span class='ocrx_word' id='word_1_286' title='bbox 2115 4039 2400 4115; x_wconf 88' lang='lat' dir='ltr'>procedit</span> 
     </span>
     <span class='ocr_line' id='line_1_46' title="bbox 866 4127 2397 4209; baseline 0.003 -23"><span class='ocrx_word' id='word_1_287' title='bbox 866 4127 1153 4205; x_wconf 88' lang='lat' dir='ltr'>emptori,</span> <span class='ocrx_word' id='word_1_288' title='bbox 1186 4128 1297 4186; x_wconf 91' lang='lat' dir='ltr'>sed</span> <span class='ocrx_word' id='word_1_289' title='bbox 1326 4127 1474 4187; x_wconf 82' lang='lat' dir='ltr'>solis</span> <span class='ocrx_word' id='word_1_290' title='bbox 1499 4127 1633 4206; x_wconf 85' lang='lat' dir='ltr'>ejus</span> <span class='ocrx_word' id='word_1_291' title='bbox 1672 4128 2136 4189; x_wconf 88' lang='lat' dir='ltr'>successoribus</span> <span class='ocrx_word' id='word_1_292' title='bbox 2163 4150 2175 4190; x_wconf 76' lang='grc' dir='ltr'>ε</span> <span class='ocrx_word' id='word_1_293' title='bbox 2205 4149 2397 4209; x_wconf 84' lang='lat' dir='ltr'>quare</span> 
     </span>
     <span class='ocr_line' id='line_1_47' title="bbox 865 4218 2395 4299; baseline 0.002 -20"><span class='ocrx_word' id='word_1_294' title='bbox 865 4237 939 4279; x_wconf 86' lang='lat' dir='ltr'>ex</span> <span class='ocrx_word' id='word_1_295' title='bbox 971 4218 1090 4278; x_wconf 86' lang='lat' dir='ltr'>hoc</span> <span class='ocrx_word' id='word_1_296' title='bbox 1127 4219 1316 4278; x_wconf 89' lang='lat' dir='ltr'>etiam</span> <span class='ocrx_word' id='word_1_297' title='bbox 1364 4220 1569 4297; x_wconf 88' lang='lat' dir='ltr'>capite</span> <span class='ocrx_word' id='word_1_298' title='bbox 1613 4218 1977 4279; x_wconf 89' lang='lat' dir='ltr'>decrescere</span> <span class='ocrx_word' id='word_1_299' title='bbox 2024 4238 2206 4298; x_wconf 88' lang='lat' dir='ltr'>posse</span> <span class='ocrx_word' id='word_1_300' title='bbox 2253 4240 2395 4299; x_wconf 86' lang='lat' dir='ltr'>pre-</span> 
     </span>
     <span class='ocr_line' id='line_1_48' title="bbox 864 4311 2390 4394; baseline 0.002 -21"><span class='ocrx_word' id='word_1_301' title='bbox 864 4311 1019 4373; x_wconf 88' lang='lat' dir='ltr'>tium</span> <span class='ocrx_word' id='word_1_302' title='bbox 1049 4311 1111 4370; x_wconf 92' lang='lat' dir='ltr'>in</span> <span class='ocrx_word' id='word_1_303' title='bbox 1145 4329 1336 4371; x_wconf 91' lang='lat' dir='ltr'>censu</span> <span class='ocrx_word' id='word_1_304' title='bbox 1363 4312 1714 4390; x_wconf 89' lang='lat' dir='ltr'>personali,</span> <span class='ocrx_word' id='word_1_305' title='bbox 1748 4312 2025 4373; x_wconf 86' lang='lat' dir='ltr'>admittit</span> <span class='ocrx_word' id='word_1_306' title='bbox 2049 4314 2195 4374; x_wconf 89' lang='lat' dir='ltr'>Mol.</span> <span class='ocrx_word' id='word_1_307' title='bbox 2231 4314 2390 4394; x_wconf 89' lang='lat' dir='ltr'>disp.</span> 
     </span>
     <span class='ocr_line' id='line_1_49' title="bbox 862 4403 2399 4485; baseline 0.002 -20"><span class='ocrx_word' id='word_1_308' title='bbox 862 4406 998 4465; x_wconf 84' lang='lat'>387.</span> <span class='ocrx_word' id='word_1_309' title='bbox 1035 4422 1140 4463; x_wconf 91' lang='lat' dir='ltr'>nu.</span> <span class='ocrx_word' id='word_1_310' title='bbox 1173 4409 1232 4465; x_wconf 86' lang='lat'>7.</span> <span class='ocrx_word' id='word_1_311' title='bbox 1265 4403 1326 4463; x_wconf 93' lang='lat' dir='ltr'>in</span> <span class='ocrx_word' id='word_1_312' title='bbox 1359 4405 1689 4483; x_wconf 89' lang='lat' dir='ltr'>principio,</span> <span class='ocrx_word' id='word_1_313' title='bbox 1725 4404 1874 4465; x_wconf 89' lang='lat' dir='ltr'>licet</span> <span class='ocrx_word' id='word_1_314' title='bbox 1900 4405 2182 4485; x_wconf 87' lang='lat' dir='ltr'>alioquin</span> <span class='ocrx_word' id='word_1_315' title='bbox 2212 4412 2399 4485; x_wconf 86' lang='lat' dir='ltr'>neget</span> 
     </span>
     <span class='ocr_line' id='line_1_50' title="bbox 859 4496 2395 4577; baseline 0.002 -20"><span class='ocrx_word' id='word_1_316' title='bbox 859 4496 1091 4577; x_wconf 85' lang='lat' dir='ltr'>justam</span> <span class='ocrx_word' id='word_1_317' title='bbox 1145 4515 1280 4557; x_wconf 89' lang='lat' dir='ltr'>esse</span> <span class='ocrx_word' id='word_1_318' title='bbox 1336 4497 1717 4575; x_wconf 88' lang='lat' dir='ltr'>emptionem</span> <span class='ocrx_word' id='word_1_319' title='bbox 1764 4516 1991 4558; x_wconf 90' lang='lat' dir='ltr'>census</span> <span class='ocrx_word' id='word_1_320' title='bbox 2044 4500 2395 4577; x_wconf 87' lang='lat' dir='ltr'>personalis</span> 
     </span>
     <span class='ocr_line' id='line_1_51' title="bbox 860 4589 2391 4669; baseline 0.002 -20"><span class='ocrx_word' id='word_1_321' title='bbox 860 4590 1089 4650; x_wconf 88' lang='lat' dir='ltr'>minori</span> <span class='ocrx_word' id='word_1_322' title='bbox 1122 4589 1343 4668; x_wconf 88' lang='lat' dir='ltr'>pretio,</span> <span class='ocrx_word' id='word_1_323' title='bbox 1371 4608 1560 4668; x_wconf 90' lang='lat' dir='ltr'>quam</span> <span class='ocrx_word' id='word_1_324' title='bbox 1589 4590 1669 4651; x_wconf 89' lang='lat' dir='ltr'>sit</span> <span class='ocrx_word' id='word_1_325' title='bbox 1693 4590 1978 4650; x_wconf 89' lang='lat' dir='ltr'>cumulus</span> <span class='ocrx_word' id='word_1_326' title='bbox 1998 4592 2391 4669; x_wconf 87' lang='lat' dir='ltr'>pensionum,</span> 
     </span>
     <span class='ocr_line' id='line_1_52' title="bbox 861 4682 2396 4762; baseline 0.002 -20"><span class='ocrx_word' id='word_1_327' title='bbox 861 4702 974 4761; x_wconf 90' lang='lat' dir='ltr'>per</span> <span class='ocrx_word' id='word_1_328' title='bbox 1000 4701 1066 4743; x_wconf 92' lang='lat' dir='ltr'>se</span> <span class='ocrx_word' id='word_1_329' title='bbox 1094 4682 1431 4762; x_wconf 81' lang='lat' dir='ltr'>loquendO.</span> <span class='ocrx_word' id='word_1_330' title='bbox 1465 4684 1596 4760; x_wconf 86' lang='lat' dir='ltr'>Ego</span> <span class='ocrx_word' id='word_1_331' title='bbox 1639 4686 1850 4743; x_wconf 88' lang='lat' dir='ltr'>tamen</span> <span class='ocrx_word' id='word_1_332' title='bbox 1874 4729 1890 4759; x_wconf 91' lang='lat'>‚</span> <span class='ocrx_word' id='word_1_333' title='bbox 1941 4688 2009 4745; x_wconf 88' lang='lat' dir='ltr'>ut</span> <span class='ocrx_word' id='word_1_334' title='bbox 2035 4702 2254 4744; x_wconf 84' lang='lat' dir='ltr'>verum</span> <span class='ocrx_word' id='word_1_335' title='bbox 2305 4685 2396 4745; x_wconf 87' lang='lat' dir='ltr'>fa-</span> 
     </span>
     <span class='ocr_line' id='line_1_53' title="bbox 858 4775 2395 4854; baseline 0 -16"><span class='ocrx_word' id='word_1_336' title='bbox 858 4781 1015 4853; x_wconf 89' lang='lat' dir='ltr'>tear,</span> <span class='ocrx_word' id='word_1_337' title='bbox 1052 4776 1267 4837; x_wconf 90' lang='lat' dir='ltr'>dubito</span> <span class='ocrx_word' id='word_1_338' title='bbox 1297 4776 1374 4834; x_wconf 90' lang='lat' dir='ltr'>de</span> <span class='ocrx_word' id='word_1_339' title='bbox 1404 4775 1778 4835; x_wconf 80' lang='lat' dir='ltr'>sufficientia</span> <span class='ocrx_word' id='word_1_340' title='bbox 1804 4775 1991 4854; x_wconf 90' lang='lat' dir='ltr'>hujus</span> <span class='ocrx_word' id='word_1_341' title='bbox 2020 4777 2395 4838; x_wconf 88' lang='lat' dir='ltr'>conditionis</span> 
     </span>
     <span class='ocr_line' id='line_1_54' title="bbox 858 4868 2392 4950; baseline 0 -20"><span class='ocrx_word' id='word_1_342' title='bbox 858 4870 937 4930; x_wconf 88' lang='lat' dir='ltr'>ad</span> <span class='ocrx_word' id='word_1_343' title='bbox 978 4869 1287 4950; x_wconf 88' lang='lat' dir='ltr'>justitiam</span> <span class='ocrx_word' id='word_1_344' title='bbox 1333 4868 1520 4947; x_wconf 90' lang='lat' dir='ltr'>hujus</span> <span class='ocrx_word' id='word_1_345' title='bbox 1569 4872 1973 4928; x_wconf 87' lang='lat' dir='ltr'>contractus:</span> <span class='ocrx_word' id='word_1_346' title='bbox 2009 4870 2178 4948; x_wconf 88' lang='lat' dir='ltr'>quod</span> <span class='ocrx_word' id='word_1_347' title='bbox 2226 4871 2392 4930; x_wconf 89' lang='lat' dir='ltr'>enim</span> 
     </span>
     <span class='ocr_line' id='line_1_55' title="bbox 855 4961 2387 5040; baseline 0.001 -17"><span class='ocrx_word' id='word_1_348' title='bbox 855 4964 1101 5023; x_wconf 88' lang='lat' dir='ltr'>lucrum</span> <span class='ocrx_word' id='word_1_349' title='bbox 1131 4962 1410 5022; x_wconf 87' lang='lat' dir='ltr'>dandum</span> <span class='ocrx_word' id='word_1_350' title='bbox 1438 4961 1549 5022; x_wconf 87' lang='lat' dir='ltr'>tibi</span> <span class='ocrx_word' id='word_1_351' title='bbox 1582 4961 1698 5036; x_wconf 91' lang='lat' dir='ltr'>sit,</span> <span class='ocrx_word' id='word_1_352' title='bbox 1732 4962 1832 5021; x_wconf 85' lang='lat' dir='ltr'>vel</span> <span class='ocrx_word' id='word_1_353' title='bbox 1880 4967 1985 5022; x_wconf 90' lang='lat' dir='ltr'>tuo</span> <span class='ocrx_word' id='word_1_354' title='bbox 2018 4964 2387 5040; x_wconf 88' lang='lat' dir='ltr'>successori,</span> 
     </span>
     <span class='ocr_line' id='line_1_56' title="bbox 857 5053 2393 5134; baseline 0.001 -19"><span class='ocrx_word' id='word_1_355' title='bbox 857 5073 981 5115; x_wconf 93' lang='lat' dir='ltr'>non</span> <span class='ocrx_word' id='word_1_356' title='bbox 1010 5056 1158 5115; x_wconf 88' lang='lat' dir='ltr'>facit</span> <span class='ocrx_word' id='word_1_357' title='bbox 1186 5055 1354 5134; x_wconf 88' lang='lat' dir='ltr'>quod</span> <span class='ocrx_word' id='word_1_358' title='bbox 1383 5072 1508 5113; x_wconf 92' lang='lat' dir='ltr'>non</span> <span class='ocrx_word' id='word_1_359' title='bbox 1526 5053 1606 5114; x_wconf 88' lang='lat' dir='ltr'>sit</span> <span class='ocrx_word' id='word_1_360' title='bbox 1624 5053 1902 5126; x_wconf 89' lang='lat' dir='ltr'>lucrum;</span> <span class='ocrx_word' id='word_1_361' title='bbox 1941 5053 2218 5133; x_wconf 88' lang='lat' dir='ltr'>alioquin</span> <span class='ocrx_word' id='word_1_362' title='bbox 2249 5073 2393 5133; x_wconf 90' lang='lat' dir='ltr'>pos-</span> 
     </span>
     <span class='ocr_line' id='line_1_57' title="bbox 856 5146 2393 5224; baseline 0.001 -16"><span class='ocrx_word' id='word_1_363' title='bbox 856 5152 950 5209; x_wconf 91' lang='lat' dir='ltr'>set</span> <span class='ocrx_word' id='word_1_364' title='bbox 977 5149 1108 5208; x_wconf 87' lang='lat' dir='ltr'>sine</span> <span class='ocrx_word' id='word_1_365' title='bbox 1136 5149 1277 5207; x_wconf 90' lang='lat' dir='ltr'>labe</span> <span class='ocrx_word' id='word_1_366' title='bbox 1309 5164 1514 5207; x_wconf 82' lang='lat' dir='ltr'>usurae</span> <span class='ocrx_word' id='word_1_367' title='bbox 1563 5146 1789 5224; x_wconf 87' lang='lat' dir='ltr'>aliquis</span> <span class='ocrx_word' id='word_1_368' title='bbox 1835 5151 2125 5207; x_wconf 88' lang='lat' dir='ltr'>mutuare</span> <span class='ocrx_word' id='word_1_369' title='bbox 2157 5150 2290 5209; x_wconf 83' lang='lat'>100.</span> <span class='ocrx_word' id='word_1_370' title='bbox 2328 5152 2393 5209; x_wconf 90' lang='lat' dir='ltr'>ut</span> 
     </span>
     <span class='ocr_line' id='line_1_58' title="bbox 856 5239 2391 5316; baseline -0.001 -15"><span class='ocrx_word' id='word_1_371' title='bbox 856 5242 982 5301; x_wconf 85' lang='lat' dir='ltr'>suis</span> <span class='ocrx_word' id='word_1_372' title='bbox 1024 5242 1166 5301; x_wconf 86' lang='lat' dir='ltr'>filiis</span> <span class='ocrx_word' id='word_1_373' title='bbox 1213 5240 1560 5301; x_wconf 89' lang='lat' dir='ltr'>reddantur</span> <span class='ocrx_word' id='word_1_374' title='bbox 1589 5242 1724 5300; x_wconf 82' lang='lat'>150.</span> <span class='ocrx_word' id='word_1_375' title='bbox 1760 5256 1974 5316; x_wconf 89' lang='lat' dir='ltr'>posses</span> <span class='ocrx_word' id='word_1_376' title='bbox 2021 5239 2210 5300; x_wconf 88' lang='lat' dir='ltr'>etiam</span> <span class='ocrx_word' id='word_1_377' title='bbox 2238 5258 2391 5300; x_wconf 86' lang='lat' dir='ltr'>ven-</span> 
     </span>
     <span class='ocr_line' id='line_1_59' title="bbox 855 5330 2387 5413; baseline -0.001 -19"><span class='ocrx_word' id='word_1_378' title='bbox 855 5335 1002 5395; x_wconf 88' lang='lat' dir='ltr'>dere</span> <span class='ocrx_word' id='word_1_379' title='bbox 1031 5353 1166 5394; x_wconf 89' lang='lat' dir='ltr'>rem</span> <span class='ocrx_word' id='word_1_380' title='bbox 1195 5333 1394 5413; x_wconf 90' lang='lat' dir='ltr'>pretio</span> <span class='ocrx_word' id='word_1_381' title='bbox 1426 5331 1740 5391; x_wconf 81' lang='lat' dir='ltr'>excessivo</span> <span class='ocrx_word' id='word_1_382' title='bbox 1774 5349 1963 5409; x_wconf 90' lang='lat' dir='ltr'>supra</span> <span class='ocrx_word' id='word_1_383' title='bbox 1998 5330 2241 5410; x_wconf 90' lang='lat' dir='ltr'>justum</span> <span class='ocrx_word' id='word_1_384' title='bbox 2271 5332 2387 5392; x_wconf 89' lang='lat' dir='ltr'>sol—</span> 
     </span>
     <span class='ocr_line' id='line_1_60' title="bbox 853 5424 2382 5504; baseline -0.001 -17"><span class='ocrx_word' id='word_1_385' title='bbox 853 5427 1057 5488; x_wconf 86' lang='lat' dir='ltr'>vendo</span> <span class='ocrx_word' id='word_1_386' title='bbox 1089 5446 1210 5487; x_wconf 94' lang='lat' dir='ltr'>non</span> <span class='ocrx_word' id='word_1_387' title='bbox 1239 5426 1373 5502; x_wconf 91' lang='lat' dir='ltr'>tibi,</span> <span class='ocrx_word' id='word_1_388' title='bbox 1409 5425 1518 5485; x_wconf 90' lang='lat' dir='ltr'>sed</span> <span class='ocrx_word' id='word_1_389' title='bbox 1548 5424 1669 5485; x_wconf 88' lang='lat' dir='ltr'>tuis</span> <span class='ocrx_word' id='word_1_390' title='bbox 1705 5425 1848 5484; x_wconf 80' lang='lat' dir='ltr'>filiis</span> <span class='ocrx_word' id='word_1_391' title='bbox 1871 5471 1886 5501; x_wconf 93' lang='lat'>,</span> <span class='ocrx_word' id='word_1_392' title='bbox 1922 5429 1985 5486; x_wconf 88' lang='lat' dir='ltr'>et</span> <span class='ocrx_word' id='word_1_393' title='bbox 2012 5425 2135 5485; x_wconf 89' lang='lat' dir='ltr'>alia</span> <span class='ocrx_word' id='word_1_394' title='bbox 2162 5426 2382 5504; x_wconf 88' lang='lat' dir='ltr'>hujus-</span> 
     </span>
     <span class='ocr_line' id='line_1_61' title="bbox 849 5517 2384 5599; baseline -0.002 -20"><span class='ocrx_word' id='word_1_395' title='bbox 849 5520 1043 5597; x_wconf 89' lang='lat' dir='ltr'>modi,</span> <span class='ocrx_word' id='word_1_396' title='bbox 1076 5537 1215 5599; x_wconf 86' lang='lat' dir='ltr'>quae</span> <span class='ocrx_word' id='word_1_397' title='bbox 1246 5522 1453 5580; x_wconf 90' lang='lat' dir='ltr'>tamen</span> <span class='ocrx_word' id='word_1_398' title='bbox 1485 5537 1560 5578; x_wconf 88' lang='lat' dir='ltr'>ex</span> <span class='ocrx_word' id='word_1_399' title='bbox 1590 5518 1693 5578; x_wconf 89' lang='lat' dir='ltr'>illo</span> <span class='ocrx_word' id='word_1_400' title='bbox 1721 5518 1922 5578; x_wconf 89' lang='lat' dir='ltr'>solum</span> <span class='ocrx_word' id='word_1_401' title='bbox 1952 5518 2156 5596; x_wconf 86' lang='lat' dir='ltr'>capite</span> <span class='ocrx_word' id='word_1_402' title='bbox 2186 5518 2265 5578; x_wconf 91' lang='lat' dir='ltr'>ab</span> <span class='ocrx_word' id='word_1_403' title='bbox 2295 5517 2384 5577; x_wconf 91' lang='lat' dir='ltr'>in-</span> 
     </span>
    </p>
   </div>
   <div class='ocr_carea' id='block_1_5' title="bbox 2485 524 4119 5598">
    <p class='ocr_par' dir='ltr' id='par_1_7' title="bbox 2493 524 3989 2360">
     <span class='ocr_line' id='line_1_62' title="bbox 2493 524 3982 605; baseline 0.002 -20"><span class='ocrx_word' id='word_1_404' title='bbox 2493 524 2736 604; x_wconf 86' lang='lat' dir='ltr'>justitia</span> <span class='ocrx_word' id='word_1_405' title='bbox 2763 543 2886 585; x_wconf 91' lang='lat' dir='ltr'>non</span> <span class='ocrx_word' id='word_1_406' title='bbox 2917 525 3210 586; x_wconf 80' lang='lat' dir='ltr'>videntur</span> <span class='ocrx_word' id='word_1_407' title='bbox 3238 543 3418 605; x_wconf 88' lang='lat' dir='ltr'>posse</span> <span class='ocrx_word' id='word_1_408' title='bbox 3448 525 3751 586; x_wconf 81' lang='lat' dir='ltr'>excusari.</span> <span class='ocrx_word' id='word_1_409' title='bbox 3783 526 3982 588; x_wconf 78' lang='lat' dir='ltr'>Etlicet</span> 
     </span>
     <span class='ocr_line' id='line_1_63' title="bbox 2501 617 3980 697; baseline 0.002 -21"><span class='ocrx_word' id='word_1_410' title='bbox 2501 617 2728 697; x_wconf 68' lang='lat' dir='ltr'>arbor,</span> <span class='ocrx_word' id='word_1_411' title='bbox 2780 618 2878 677; x_wconf 80' lang='lat' dir='ltr'>vel</span> <span class='ocrx_word' id='word_1_412' title='bbox 2906 618 3135 678; x_wconf 89' lang='lat' dir='ltr'>fundus</span> <span class='ocrx_word' id='word_1_413' title='bbox 3184 637 3308 678; x_wconf 92' lang='lat' dir='ltr'>non</span> <span class='ocrx_word' id='word_1_414' title='bbox 3352 617 3859 692; x_wconf 76' lang='lat' dir='ltr'>fructificaturuS,</span> <span class='ocrx_word' id='word_1_415' title='bbox 3893 619 3980 679; x_wconf 86' lang='lat' dir='ltr'>nisi</span> 
     </span>
     <span class='ocr_line' id='line_1_64' title="bbox 2501 709 3983 788; baseline 0.001 -19"><span class='ocrx_word' id='word_1_416' title='bbox 2501 714 2641 788; x_wconf 90' lang='lat' dir='ltr'>post</span> <span class='ocrx_word' id='word_1_417' title='bbox 2661 711 2870 788; x_wconf 88' lang='lat' dir='ltr'>plures</span> <span class='ocrx_word' id='word_1_418' title='bbox 2900 728 3097 771; x_wconf 88' lang='lat' dir='ltr'>annos</span> <span class='ocrx_word' id='word_1_419' title='bbox 3120 757 3135 785; x_wconf 92' lang='lat'>,</span> <span class='ocrx_word' id='word_1_420' title='bbox 3185 711 3392 770; x_wconf 89' lang='lat' dir='ltr'>minus</span> <span class='ocrx_word' id='word_1_421' title='bbox 3420 710 3663 781; x_wconf 86' lang='lat' dir='ltr'>valeat;</span> <span class='ocrx_word' id='word_1_422' title='bbox 3698 709 3893 788; x_wconf 88' lang='lat' dir='ltr'>pensio</span> <span class='ocrx_word' id='word_1_423' title='bbox 3912 716 3983 771; x_wconf 78' lang='lat' dir='ltr'>ta·</span> 
     </span>
     <span class='ocr_line' id='line_1_65' title="bbox 2499 802 3982 881; baseline 0.002 -20"><span class='ocrx_word' id='word_1_424' title='bbox 2499 821 2645 861; x_wconf 90' lang='lat' dir='ltr'>men</span> <span class='ocrx_word' id='word_1_425' title='bbox 2675 802 2977 863; x_wconf 78' lang='lat' dir='ltr'>solvenda</span> <span class='ocrx_word' id='word_1_426' title='bbox 3027 807 3170 881; x_wconf 90' lang='lat' dir='ltr'>post</span> <span class='ocrx_word' id='word_1_427' title='bbox 3200 804 3409 881; x_wconf 89' lang='lat' dir='ltr'>plures</span> <span class='ocrx_word' id='word_1_428' title='bbox 3455 821 3688 878; x_wconf 80' lang='lat' dir='ltr'>anu08‚</span> <span class='ocrx_word' id='word_1_429' title='bbox 3721 820 3839 862; x_wconf 91' lang='lat' dir='ltr'>non</span> <span class='ocrx_word' id='word_1_430' title='bbox 3876 803 3982 864; x_wconf 85' lang='lat' dir='ltr'>ideo</span> 
     </span>
     <span class='ocr_line' id='line_1_66' title="bbox 2498 895 3985 975; baseline 0.001 -20"><span class='ocrx_word' id='word_1_431' title='bbox 2498 895 2705 955; x_wconf 90' lang='lat' dir='ltr'>minus</span> <span class='ocrx_word' id='word_1_432' title='bbox 2725 896 2909 969; x_wconf 80' lang='lat' dir='ltr'>valet,</span> <span class='ocrx_word' id='word_1_433' title='bbox 2931 897 3078 975; x_wconf 87' lang='lat' dir='ltr'>quia</span> <span class='ocrx_word' id='word_1_434' title='bbox 3106 896 3282 956; x_wconf 82' lang='lat' dir='ltr'>valor</span> <span class='ocrx_word' id='word_1_435' title='bbox 3309 896 3397 955; x_wconf 91' lang='lat' dir='ltr'>rei</span> <span class='ocrx_word' id='word_1_436' title='bbox 3429 895 3773 956; x_wconf 89' lang='lat' dir='ltr'>attenditur</span> <span class='ocrx_word' id='word_1_437' title='bbox 3785 914 3851 956; x_wconf 90' lang='lat' dir='ltr'>eo</span> <span class='ocrx_word' id='word_1_438' title='bbox 3865 901 3985 956; x_wconf 84' lang='lat' dir='ltr'>tem-</span> 
     </span>
     <span class='ocr_line' id='line_1_67' title="bbox 2497 987 3984 1067; baseline 0 -19"><span class='ocrx_word' id='word_1_439' title='bbox 2497 1006 2649 1067; x_wconf 90' lang='lat' dir='ltr'>pore</span> <span class='ocrx_word' id='word_1_440' title='bbox 2679 1006 2802 1066; x_wconf 86' lang='lat' dir='ltr'>quo</span> <span class='ocrx_word' id='word_1_441' title='bbox 2834 987 3141 1048; x_wconf 88' lang='lat' dir='ltr'>tradenda</span> <span class='ocrx_word' id='word_1_442' title='bbox 3178 993 3303 1063; x_wconf 89' lang='lat' dir='ltr'>est,</span> <span class='ocrx_word' id='word_1_443' title='bbox 3352 993 3423 1049; x_wconf 89' lang='lat' dir='ltr'>ut</span> <span class='ocrx_word' id='word_1_444' title='bbox 3448 988 3722 1047; x_wconf 84' lang='lat' dir='ltr'>vidimus</span> <span class='ocrx_word' id='word_1_445' title='bbox 3758 987 3984 1048; x_wconf 79' lang='lat' dir='ltr'>sectione</span> 
     </span>
     <span class='ocr_line' id='line_1_68' title="bbox 2500 1079 3983 1159; baseline 0 -20"><span class='ocrx_word' id='word_1_446' title='bbox 2500 1079 2877 1158; x_wconf 68' lang='lat' dir='ltr'>praecedenti</span> <span class='ocrx_word' id='word_1_447' title='bbox 2914 1100 2927 1141; x_wconf 75' lang='grc' dir='ltr'>ε</span> <span class='ocrx_word' id='word_1_448' title='bbox 2962 1081 3070 1159; x_wconf 88' lang='lat' dir='ltr'>qui</span> <span class='ocrx_word' id='word_1_449' title='bbox 3116 1086 3327 1141; x_wconf 89' lang='lat' dir='ltr'>autem</span> <span class='ocrx_word' id='word_1_450' title='bbox 3354 1080 3573 1142; x_wconf 82' lang='lat' dir='ltr'>vendit</span> <span class='ocrx_word' id='word_1_451' title='bbox 3614 1079 3889 1139; x_wconf 89' lang='lat' dir='ltr'>arborem</span> <span class='ocrx_word' id='word_1_452' title='bbox 3911 1081 3983 1140; x_wconf 75' lang='lat' dir='ltr'>vel</span> 
     </span>
     <span class='ocr_line' id='line_1_69' title="bbox 2498 1172 3984 1252; baseline 0.001 -21"><span class='ocrx_word' id='word_1_453' title='bbox 2498 1173 2785 1248; x_wconf 71' lang='lat' dir='ltr'>fundum,</span> <span class='ocrx_word' id='word_1_454' title='bbox 2820 1191 2942 1232; x_wconf 92' lang='lat' dir='ltr'>non</span> <span class='ocrx_word' id='word_1_455' title='bbox 2971 1173 3188 1233; x_wconf 82' lang='lat' dir='ltr'>vendit</span> <span class='ocrx_word' id='word_1_456' title='bbox 3227 1172 3463 1235; x_wconf 84' lang='lat' dir='ltr'>fructus</span> <span class='ocrx_word' id='word_1_457' title='bbox 3506 1176 3730 1252; x_wconf 88' lang='lat' dir='ltr'>postea</span> <span class='ocrx_word' id='word_1_458' title='bbox 3768 1174 3984 1233; x_wconf 74' lang='lat' dir='ltr'>nasc3tu·</span> 
     </span>
     <span class='ocr_line' id='line_1_70' title="bbox 2497 1263 3984 1344; baseline 0 -20"><span class='ocrx_word' id='word_1_459' title='bbox 2497 1282 2620 1340; x_wconf 75' lang='lat' dir='ltr'>roe,</span> <span class='ocrx_word' id='word_1_460' title='bbox 2665 1263 2774 1323; x_wconf 88' lang='lat' dir='ltr'>sed</span> <span class='ocrx_word' id='word_1_461' title='bbox 2804 1263 3067 1324; x_wconf 80' lang='lat' dir='ltr'>fundum</span> <span class='ocrx_word' id='word_1_462' title='bbox 3098 1265 3204 1343; x_wconf 86' lang='lat' dir='ltr'>qui</span> <span class='ocrx_word' id='word_1_463' title='bbox 3247 1282 3409 1324; x_wconf 91' lang='lat' dir='ltr'>nunc</span> <span class='ocrx_word' id='word_1_464' title='bbox 3448 1265 3657 1324; x_wconf 91' lang='lat' dir='ltr'>minus</span> <span class='ocrx_word' id='word_1_465' title='bbox 3684 1264 3876 1336; x_wconf 79' lang='lat' dir='ltr'>valet;</span> <span class='ocrx_word' id='word_1_466' title='bbox 3905 1265 3984 1344; x_wconf 89' lang='lat' dir='ltr'>qui</span> 
     </span>
     <span class='ocr_line' id='line_1_71' title="bbox 2497 1356 3987 1436; baseline 0.001 -20"><span class='ocrx_word' id='word_1_467' title='bbox 2497 1374 2647 1416; x_wconf 81' lang='lat' dir='ltr'>vero</span> <span class='ocrx_word' id='word_1_468' title='bbox 2676 1356 2893 1418; x_wconf 82' lang='lat' dir='ltr'>vendit</span> <span class='ocrx_word' id='word_1_469' title='bbox 2919 1376 3175 1417; x_wconf 90' lang='lat' dir='ltr'>censum</span> <span class='ocrx_word' id='word_1_470' title='bbox 3203 1358 3621 1436; x_wconf 89' lang='lat' dir='ltr'>personalem,</span> <span class='ocrx_word' id='word_1_471' title='bbox 3643 1375 3768 1417; x_wconf 91' lang='lat' dir='ltr'>non</span> <span class='ocrx_word' id='word_1_472' title='bbox 3787 1357 3987 1417; x_wconf 82' lang='lat' dir='ltr'>videtur</span> 
     </span>
     <span class='ocr_line' id='line_1_72' title="bbox 2497 1449 3987 1528; baseline 0.001 -20"><span class='ocrx_word' id='word_1_473' title='bbox 2497 1449 2771 1509; x_wconf 83' lang='lat' dir='ltr'>vendere</span> <span class='ocrx_word' id='word_1_474' title='bbox 2805 1449 2921 1509; x_wconf 84' lang='lat' dir='ltr'>nisi</span> <span class='ocrx_word' id='word_1_475' title='bbox 2950 1450 3281 1528; x_wconf 88' lang='lat' dir='ltr'>pensiones</span> <span class='ocrx_word' id='word_1_476' title='bbox 3312 1450 3647 1510; x_wconf 82' lang='lat' dir='ltr'>solvendas</span> <span class='ocrx_word' id='word_1_477' title='bbox 3671 1496 3686 1526; x_wconf 94' lang='lat'>,</span> <span class='ocrx_word' id='word_1_478' title='bbox 3722 1455 3791 1511; x_wconf 89' lang='lat' dir='ltr'>ut</span> <span class='ocrx_word' id='word_1_479' title='bbox 3815 1456 3987 1528; x_wconf 75' lang='lat' dir='ltr'>postea</span> 
     </span>
     <span class='ocr_line' id='line_1_73' title="bbox 2497 1542 3986 1621; baseline 0.001 -19"><span class='ocrx_word' id='word_1_480' title='bbox 2497 1542 2888 1616; x_wconf 81' lang='lat' dir='ltr'>videbimus;</span> <span class='ocrx_word' id='word_1_481' title='bbox 2924 1560 3118 1621; x_wconf 88' lang='lat' dir='ltr'>quare</span> <span class='ocrx_word' id='word_1_482' title='bbox 3150 1542 3339 1602; x_wconf 85' lang='lat' dir='ltr'>debet</span> <span class='ocrx_word' id='word_1_483' title='bbox 3364 1561 3584 1602; x_wconf 81' lang='lat' dir='ltr'>earum</span> <span class='ocrx_word' id='word_1_484' title='bbox 3599 1542 3779 1602; x_wconf 82' lang='lat' dir='ltr'>valor</span> <span class='ocrx_word' id='word_1_485' title='bbox 3795 1543 3986 1603; x_wconf 80' lang='lat' dir='ltr'>attendi</span> 
     </span>
     <span class='ocr_line' id='line_1_74' title="bbox 2497 1634 3984 1714; baseline 0.001 -21"><span class='ocrx_word' id='word_1_486' title='bbox 2497 1634 2843 1694; x_wconf 90' lang='lat' dir='ltr'>secundum</span> <span class='ocrx_word' id='word_1_487' title='bbox 2870 1639 3120 1713; x_wconf 90' lang='lat' dir='ltr'>tempus</span> <span class='ocrx_word' id='word_1_488' title='bbox 3163 1654 3286 1714; x_wconf 88' lang='lat' dir='ltr'>quo</span> <span class='ocrx_word' id='word_1_489' title='bbox 3333 1635 3653 1695; x_wconf 86' lang='lat' dir='ltr'>solvendae</span> <span class='ocrx_word' id='word_1_490' title='bbox 3692 1639 3863 1709; x_wconf 87' lang='lat' dir='ltr'>sunt,</span> <span class='ocrx_word' id='word_1_491' title='bbox 3905 1635 3984 1714; x_wconf 90' lang='lat' dir='ltr'>qui</span> 
     </span>
     <span class='ocr_line' id='line_1_75' title="bbox 2495 1726 3984 1804; baseline 0.001 -18"><span class='ocrx_word' id='word_1_492' title='bbox 2495 1726 2672 1787; x_wconf 82' lang='lat' dir='ltr'>valor</span> <span class='ocrx_word' id='word_1_493' title='bbox 2724 1727 2894 1787; x_wconf 88' lang='lat' dir='ltr'>idem</span> <span class='ocrx_word' id='word_1_494' title='bbox 2949 1731 3081 1802; x_wconf 89' lang='lat' dir='ltr'>est,</span> <span class='ocrx_word' id='word_1_495' title='bbox 3153 1728 3282 1786; x_wconf 85' lang='lat' dir='ltr'>sive</span> <span class='ocrx_word' id='word_1_496' title='bbox 3352 1727 3624 1804; x_wconf 85' lang='lat' dir='ltr'>emptori</span> <span class='ocrx_word' id='word_1_497' title='bbox 3678 1728 3984 1803; x_wconf 82' lang='lat' dir='ltr'>solvantur,</span> 
     </span>
     <span class='ocr_line' id='line_1_76' title="bbox 2495 1817 3988 1899; baseline 0.002 -21"><span class='ocrx_word' id='word_1_498' title='bbox 2495 1819 2624 1879; x_wconf 80' lang='lat' dir='ltr'>sive</span> <span class='ocrx_word' id='word_1_499' title='bbox 2654 1817 2790 1899; x_wconf 89' lang='lat' dir='ltr'>ejus</span> <span class='ocrx_word' id='word_1_500' title='bbox 2820 1819 3176 1880; x_wconf 74' lang='lat' dir='ltr'>haeredibus</span> <span class='ocrx_word' id='word_1_501' title='bbox 3196 1866 3211 1897; x_wconf 95' lang='lat'>,</span> <span class='ocrx_word' id='word_1_502' title='bbox 3245 1820 3408 1881; x_wconf 88' lang='lat' dir='ltr'>sicut</span> <span class='ocrx_word' id='word_1_503' title='bbox 3433 1820 3483 1879; x_wconf 85' lang='lat' dir='ltr'>si</span> <span class='ocrx_word' id='word_1_504' title='bbox 3515 1819 3882 1881; x_wconf 85' lang='lat' dir='ltr'>venderetur</span> <span class='ocrx_word' id='word_1_505' title='bbox 3903 1821 3988 1881; x_wconf 81' lang='lat' dir='ltr'>tri·</span> 
     </span>
     <span class='ocr_line' id='line_1_77' title="bbox 2493 1910 3988 1990; baseline 0 -18"><span class='ocrx_word' id='word_1_506' title='bbox 2493 1910 2686 1972; x_wconf 85' lang='lat' dir='ltr'>ticum</span> <span class='ocrx_word' id='word_1_507' title='bbox 2716 1911 3093 1972; x_wconf 87' lang='lat' dir='ltr'>tradendum</span> <span class='ocrx_word' id='word_1_508' title='bbox 3123 1917 3265 1990; x_wconf 85' lang='lat' dir='ltr'>post</span> <span class='ocrx_word' id='word_1_509' title='bbox 3291 1931 3529 1973; x_wconf 90' lang='lat' dir='ltr'>annum</span> <span class='ocrx_word' id='word_1_510' title='bbox 3549 1959 3564 1989; x_wconf 93' lang='lat'>,</span> <span class='ocrx_word' id='word_1_511' title='bbox 3601 1931 3725 1972; x_wconf 89' lang='lat' dir='ltr'>non</span> <span class='ocrx_word' id='word_1_512' title='bbox 3754 1913 3862 1990; x_wconf 87' lang='lat' dir='ltr'>ipsi</span> <span class='ocrx_word' id='word_1_513' title='bbox 3886 1932 3988 1972; x_wconf 89' lang='lat' dir='ltr'>em-</span> 
     </span>
     <span class='ocr_line' id='line_1_78' title="bbox 2494 2004 3989 2085; baseline 0.001 -20"><span class='ocrx_word' id='word_1_514' title='bbox 2494 2004 2653 2081; x_wconf 90' lang='lat' dir='ltr'>tori,</span> <span class='ocrx_word' id='word_1_515' title='bbox 2688 2005 2798 2065; x_wconf 90' lang='lat' dir='ltr'>sed</span> <span class='ocrx_word' id='word_1_516' title='bbox 2828 2004 2963 2085; x_wconf 83' lang='lat' dir='ltr'>ejus</span> <span class='ocrx_word' id='word_1_517' title='bbox 3011 2005 3393 2081; x_wconf 86' lang='lat' dir='ltr'>successori,</span> <span class='ocrx_word' id='word_1_518' title='bbox 3442 2005 3653 2066; x_wconf 89' lang='lat' dir='ltr'>adhuc</span> <span class='ocrx_word' id='word_1_519' title='bbox 3683 2005 3814 2084; x_wconf 83' lang='lat' dir='ltr'>ejus</span> <span class='ocrx_word' id='word_1_520' title='bbox 3850 2006 3989 2066; x_wconf 76' lang='lat' dir='ltr'>valor</span> 
     </span>
     <span class='ocr_line' id='line_1_79' title="bbox 2497 2095 3988 2176; baseline 0.001 -20"><span class='ocrx_word' id='word_1_521' title='bbox 2497 2095 2900 2157; x_wconf 82' lang='lat' dir='ltr'>aestimandus</span> <span class='ocrx_word' id='word_1_522' title='bbox 2917 2101 3080 2158; x_wconf 88' lang='lat' dir='ltr'>esset</span> <span class='ocrx_word' id='word_1_523' title='bbox 3100 2097 3447 2158; x_wconf 88' lang='lat' dir='ltr'>secundum</span> <span class='ocrx_word' id='word_1_524' title='bbox 3463 2102 3714 2176; x_wconf 88' lang='lat' dir='ltr'>tempus</span> <span class='ocrx_word' id='word_1_525' title='bbox 3733 2116 3850 2176; x_wconf 89' lang='lat' dir='ltr'>quo</span> <span class='ocrx_word' id='word_1_526' title='bbox 3861 2098 3988 2158; x_wconf 79' lang='lat' dir='ltr'>tradi</span> 
     </span>
     <span class='ocr_line' id='line_1_80' title="bbox 2497 2188 3985 2269; baseline 0.002 -22"><span class='ocrx_word' id='word_1_527' title='bbox 2497 2188 2715 2266; x_wconf 89' lang='lat' dir='ltr'>debet,</span> <span class='ocrx_word' id='word_1_528' title='bbox 2776 2208 2890 2249; x_wconf 91' lang='lat' dir='ltr'>nec</span> <span class='ocrx_word' id='word_1_529' title='bbox 2938 2192 3209 2269; x_wconf 87' lang='lat' dir='ltr'>pretium</span> <span class='ocrx_word' id='word_1_530' title='bbox 3265 2194 3473 2269; x_wconf 85' lang='lat' dir='ltr'>potest</span> <span class='ocrx_word' id='word_1_531' title='bbox 3529 2189 3898 2265; x_wconf 84' lang='lat' dir='ltr'>decrescere,</span> <span class='ocrx_word' id='word_1_532' title='bbox 3931 2208 3985 2250; x_wconf 81' lang='lat' dir='ltr'>eo</span> 
     </span>
     <span class='ocr_line' id='line_1_81' title="bbox 2497 2282 3577 2360; baseline 0.001 -19"><span class='ocrx_word' id='word_1_533' title='bbox 2497 2282 2664 2360; x_wconf 89' lang='lat' dir='ltr'>quod</span> <span class='ocrx_word' id='word_1_534' title='bbox 2695 2283 3037 2342; x_wconf 88' lang='lat' dir='ltr'>successori</span> <span class='ocrx_word' id='word_1_535' title='bbox 3070 2282 3448 2343; x_wconf 89' lang='lat' dir='ltr'>tradendum</span> <span class='ocrx_word' id='word_1_536' title='bbox 3476 2282 3577 2342; x_wconf 90' lang='lat' dir='ltr'>sit.</span> 
     </span>
    </p>

    <p class='ocr_par' dir='ltr' id='par_1_8' title="bbox 2493 2373 4119 3913">
     <span class='ocr_line' id='line_1_82' title="bbox 2576 2373 4117 2453; baseline 0.001 -20"><span class='ocrx_word' id='word_1_537' title='bbox 2576 2373 2685 2433; x_wconf 87' lang='lat' dir='ltr'>His</span> <span class='ocrx_word' id='word_1_538' title='bbox 2723 2392 2871 2452; x_wconf 87' lang='lat' dir='ltr'>ergo</span> <span class='ocrx_word' id='word_1_539' title='bbox 2915 2374 3171 2453; x_wconf 89' lang='lat' dir='ltr'>positis,</span> <span class='ocrx_word' id='word_1_540' title='bbox 3224 2374 3486 2453; x_wconf 83' lang='lat' dir='ltr'>quaestio</span> <span class='ocrx_word' id='word_1_541' title='bbox 3537 2379 3634 2435; x_wconf 86' lang='lat' dir='ltr'>est</span> <span class='ocrx_word' id='word_1_542' title='bbox 3676 2393 3758 2435; x_wconf 89' lang='lat' dir='ltr'>an</span> <span class='ocrx_word' id='word_1_543' title='bbox 3806 2393 3986 2435; x_wconf 83' lang='lat' dir='ltr'>census</span> <span class='ocrx_word' id='word_1_544' title='bbox 4078 2380 4117 2435; x_wconf 70' lang='lat'>35</span> 
     </span>
     <span class='ocr_line' id='line_1_83' title="bbox 2495 2467 4109 2546; baseline 0.002 -22"><span class='ocrx_word' id='word_1_545' title='bbox 2495 2483 2667 2524; x_wconf 90' lang='lat' dir='ltr'>mere</span> <span class='ocrx_word' id='word_1_546' title='bbox 2697 2467 3060 2543; x_wconf 79' lang='lat' dir='ltr'>personaliS,</span> <span class='ocrx_word' id='word_1_547' title='bbox 3096 2469 3273 2546; x_wconf 86' lang='lat' dir='ltr'>cujus</span> <span class='ocrx_word' id='word_1_548' title='bbox 3302 2467 3575 2546; x_wconf 83' lang='lat' dir='ltr'>pretium</span> <span class='ocrx_word' id='word_1_549' title='bbox 3593 2485 3720 2527; x_wconf 90' lang='lat' dir='ltr'>non</span> <span class='ocrx_word' id='word_1_550' title='bbox 3741 2467 3989 2546; x_wconf 72' lang='lat' dir='ltr'>adaequat</span> <span class='ocrx_word' id='word_1_551' title='bbox 4021 2503 4109 2546; x_wconf 54' lang='lat' dir='ltr'>c„</span> 
     </span>
     <span class='ocr_line' id='line_1_84' title="bbox 2496 2557 4119 2651; baseline 0.001 -34"><span class='ocrx_word' id='word_1_552' title='bbox 2496 2557 2817 2618; x_wconf 89' lang='lat' dir='ltr'>cumulum</span> <span class='ocrx_word' id='word_1_553' title='bbox 2858 2558 3231 2637; x_wconf 88' lang='lat' dir='ltr'>pensionum</span> <span class='ocrx_word' id='word_1_554' title='bbox 3257 2606 3272 2636; x_wconf 89' lang='lat'>,</span> <span class='ocrx_word' id='word_1_555' title='bbox 3323 2559 3489 2619; x_wconf 88' lang='lat' dir='ltr'>licite</span> <span class='ocrx_word' id='word_1_556' title='bbox 3538 2564 3786 2620; x_wconf 86' lang='lat' dir='ltr'>ematur</span> <span class='ocrx_word' id='word_1_557' title='bbox 3809 2560 3985 2620; x_wconf 84' lang='lat' dir='ltr'>saltem</span> <span class='ocrx_word' id='word_1_558' title='bbox 4036 2559 4119 2651; x_wconf 54' lang='grc' dir='ltr'>’Ξ</span> 
     </span>
     <span class='ocr_line' id='line_1_85' title="bbox 2498 2647 4118 2730; baseline -0.001 -22"><span class='ocrx_word' id='word_1_559' title='bbox 2498 2647 2575 2709; x_wconf 92' lang='lat' dir='ltr'>de</span> <span class='ocrx_word' id='word_1_560' title='bbox 2598 2648 2741 2728; x_wconf 87' lang='lat' dir='ltr'>jure</span> <span class='ocrx_word' id='word_1_561' title='bbox 2772 2657 3010 2711; x_wconf 85' lang='lat' dir='ltr'>naturae</span> <span class='ocrx_word' id='word_1_562' title='bbox 3036 2697 3051 2727; x_wconf 91' lang='lat'>,</span> <span class='ocrx_word' id='word_1_563' title='bbox 3087 2652 3340 2730; x_wconf 83' lang='lat' dir='ltr'>quando</span> <span class='ocrx_word' id='word_1_564' title='bbox 3368 2652 3615 2711; x_wconf 89' lang='lat' dir='ltr'>lucrum</span> <span class='ocrx_word' id='word_1_565' title='bbox 3652 2670 3892 2712; x_wconf 85' lang='lat' dir='ltr'>cessans</span> <span class='ocrx_word' id='word_1_566' title='bbox 3914 2651 3988 2711; x_wconf 72' lang='lat' dir='ltr'>vel</span> <span class='ocrx_word' id='word_1_567' title='bbox 4020 2663 4118 2706; x_wconf 54' lang='lat' dir='ltr'>aa*</span> 
     </span>
     <span class='ocr_line' id='line_1_86' title="bbox 2497 2740 3988 2822; baseline 0.001 -22"><span class='ocrx_word' id='word_1_568' title='bbox 2497 2740 2798 2802; x_wconf 88' lang='lat' dir='ltr'>damnum</span> <span class='ocrx_word' id='word_1_569' title='bbox 2822 2789 2837 2819; x_wconf 94' lang='lat'>,</span> <span class='ocrx_word' id='word_1_570' title='bbox 2887 2744 3234 2822; x_wconf 89' lang='lat' dir='ltr'>periculum</span> <span class='ocrx_word' id='word_1_571' title='bbox 3258 2790 3274 2819; x_wconf 90' lang='lat'>‚</span> <span class='ocrx_word' id='word_1_572' title='bbox 3320 2748 3430 2804; x_wconf 82' lang='lat' dir='ltr'>aut</span> <span class='ocrx_word' id='word_1_573' title='bbox 3471 2744 3690 2804; x_wconf 85' lang='lat' dir='ltr'>similis</span> <span class='ocrx_word' id='word_1_574' title='bbox 3717 2745 3868 2805; x_wconf 87' lang='lat' dir='ltr'>ratio</span> <span class='ocrx_word' id='word_1_575' title='bbox 3893 2763 3988 2803; x_wconf 88' lang='lat' dir='ltr'>non</span> 
     </span>
     <span class='ocr_line' id='line_1_87' title="bbox 2497 2834 3990 2896; baseline 0.002 -3"><span class='ocrx_word' id='word_1_576' title='bbox 2497 2834 2847 2896; x_wconf 89' lang='lat' dir='ltr'>intercedit.</span> <span class='ocrx_word' id='word_1_577' title='bbox 2904 2835 3239 2896; x_wconf 84' lang='lat' dir='ltr'>Affirmant</span> <span class='ocrx_word' id='word_1_578' title='bbox 3282 2836 3568 2896; x_wconf 86' lang='lat' dir='ltr'>absolute</span> <span class='ocrx_word' id='word_1_579' title='bbox 3612 2835 3849 2896; x_wconf 88' lang='lat' dir='ltr'>licitum</span> <span class='ocrx_word' id='word_1_580' title='bbox 3886 2854 3990 2896; x_wconf 79' lang='lat' dir='ltr'>esse</span> 
     </span>
     <span class='ocr_line' id='line_1_88' title="bbox 2498 2928 3987 3006; baseline 0.001 -21"><span class='ocrx_word' id='word_1_581' title='bbox 2498 2928 2922 3006; x_wconf 87' lang='lat' dir='ltr'>quamplures.</span> <span class='ocrx_word' id='word_1_582' title='bbox 2954 2930 2986 2988; x_wconf 85' lang='lat' dir='ltr'>J</span> <span class='ocrx_word' id='word_1_583' title='bbox 2995 2946 3137 2989; x_wconf 86' lang='lat' dir='ltr'>oan.</span> <span class='ocrx_word' id='word_1_584' title='bbox 3159 2928 3432 3004; x_wconf 87' lang='lat' dir='ltr'>Medina,</span> <span class='ocrx_word' id='word_1_585' title='bbox 3456 2929 3799 3005; x_wconf 84' lang='lat' dir='ltr'>Conradus,</span> <span class='ocrx_word' id='word_1_586' title='bbox 3822 2931 3987 3003; x_wconf 68' lang='lat' dir='ltr'>SotuS,</span> 
     </span>
     <span class='ocr_line' id='line_1_89' title="bbox 2496 3019 3992 3100; baseline 0 -21"><span class='ocrx_word' id='word_1_587' title='bbox 2496 3019 2751 3079; x_wconf 86' lang='lat' dir='ltr'>Covarr.</span> <span class='ocrx_word' id='word_1_588' title='bbox 2782 3021 3001 3098; x_wconf 86' lang='lat' dir='ltr'>Major,</span> <span class='ocrx_word' id='word_1_589' title='bbox 3036 3024 3097 3081; x_wconf 93' lang='lat' dir='ltr'>et</span> <span class='ocrx_word' id='word_1_590' title='bbox 3124 3021 3372 3081; x_wconf 89' lang='lat' dir='ltr'>Gabriel</span> <span class='ocrx_word' id='word_1_591' title='bbox 3402 3039 3560 3100; x_wconf 89' lang='lat' dir='ltr'>quos</span> <span class='ocrx_word' id='word_1_592' title='bbox 3589 3022 3771 3081; x_wconf 77' lang='lat' dir='ltr'>affert</span> <span class='ocrx_word' id='word_1_593' title='bbox 3805 3021 3992 3082; x_wconf 78' lang='lat' dir='ltr'>Molina</span> 
     </span>
     <span class='ocr_line' id='line_1_90' title="bbox 2497 3110 3992 3191; baseline 0.002 -21"><span class='ocrx_word' id='word_1_594' title='bbox 2497 3110 2664 3171; x_wconf 87' lang='lat' dir='ltr'>dicta</span> <span class='ocrx_word' id='word_1_595' title='bbox 2693 3112 2851 3191; x_wconf 88' lang='lat' dir='ltr'>disp.</span> <span class='ocrx_word' id='word_1_596' title='bbox 2885 3116 3021 3174; x_wconf 86' lang='lat'>387.</span> <span class='ocrx_word' id='word_1_597' title='bbox 3057 3116 3192 3174; x_wconf 84' lang='lat' dir='ltr'>n.1.</span> <span class='ocrx_word' id='word_1_598' title='bbox 3231 3113 3542 3190; x_wconf 82' lang='lat' dir='ltr'>SaloniuS,</span> <span class='ocrx_word' id='word_1_599' title='bbox 3576 3115 3843 3190; x_wconf 76' lang='lat' dir='ltr'>Hennes,</span> <span class='ocrx_word' id='word_1_600' title='bbox 3873 3118 3992 3173; x_wconf 79' lang='lat' dir='ltr'>Ara-</span> 
     </span>
     <span class='ocr_line' id='line_1_91' title="bbox 2497 3204 3993 3283; baseline 0.001 -19"><span class='ocrx_word' id='word_1_601' title='bbox 2497 3204 2722 3282; x_wconf 88' lang='lat' dir='ltr'>gonius</span> <span class='ocrx_word' id='word_1_602' title='bbox 2746 3251 2762 3280; x_wconf 90' lang='lat'>‚</span> <span class='ocrx_word' id='word_1_603' title='bbox 2796 3205 3084 3267; x_wconf 84' lang='lat' dir='ltr'>Valentia</span> <span class='ocrx_word' id='word_1_604' title='bbox 3109 3253 3124 3283; x_wconf 91' lang='lat'>,</span> <span class='ocrx_word' id='word_1_605' title='bbox 3158 3206 3411 3267; x_wconf 85' lang='lat' dir='ltr'>Toletus</span> <span class='ocrx_word' id='word_1_606' title='bbox 3431 3253 3446 3282; x_wconf 90' lang='lat'>,</span> <span class='ocrx_word' id='word_1_607' title='bbox 3497 3206 3746 3266; x_wconf 88' lang='lat' dir='ltr'>Lessius</span> <span class='ocrx_word' id='word_1_608' title='bbox 3769 3254 3785 3279; x_wconf 90' lang='lat'><em>‚</em></span> <span class='ocrx_word' id='word_1_609' title='bbox 3836 3213 3891 3268; x_wconf 90' lang='lat' dir='ltr'>et</span> <span class='ocrx_word' id='word_1_610' title='bbox 3913 3206 3993 3265; x_wconf 84' lang='lat' dir='ltr'>alii</span> 
     </span>
     <span class='ocr_line' id='line_1_92' title="bbox 2499 3298 3991 3378; baseline 0.001 -23"><span class='ocrx_word' id='word_1_611' title='bbox 2499 3298 2940 3376; x_wconf 81' lang='lat' dir='ltr'>quamplureS,</span> <span class='ocrx_word' id='word_1_612' title='bbox 2995 3317 3151 3378; x_wconf 89' lang='lat' dir='ltr'>quos</span> <span class='ocrx_word' id='word_1_613' title='bbox 3196 3302 3380 3360; x_wconf 77' lang='lat' dir='ltr'>affert</span> <span class='ocrx_word' id='word_1_614' title='bbox 3422 3303 3485 3359; x_wconf 88' lang='lat' dir='ltr'>et</span> <span class='ocrx_word' id='word_1_615' title='bbox 3527 3300 3807 3378; x_wconf 86' lang='lat' dir='ltr'>sequitur</span> <span class='ocrx_word' id='word_1_616' title='bbox 3852 3299 3991 3361; x_wconf 82' lang='lat' dir='ltr'>Salas</span> 
     </span>
     <span class='ocr_line' id='line_1_93' title="bbox 2500 3389 3992 3470; baseline 0.001 -21"><span class='ocrx_word' id='word_1_617' title='bbox 2500 3389 2650 3451; x_wconf 89' lang='lat' dir='ltr'>dub.</span> <span class='ocrx_word' id='word_1_618' title='bbox 2686 3407 2781 3450; x_wconf 88' lang='lat'>111.</span> <span class='ocrx_word' id='word_1_619' title='bbox 2817 3410 2921 3452; x_wconf 90' lang='lat' dir='ltr'>nu.</span> <span class='ocrx_word' id='word_1_620' title='bbox 2956 3395 3016 3452; x_wconf 80' lang='lat'>2.</span> <span class='ocrx_word' id='word_1_621' title='bbox 3069 3392 3175 3470; x_wconf 89' lang='lat' dir='ltr'>qui</span> <span class='ocrx_word' id='word_1_622' title='bbox 3221 3391 3660 3452; x_wconf 77' lang='lat' dir='ltr'>universaliter</span> <span class='ocrx_word' id='word_1_623' title='bbox 3695 3393 3760 3452; x_wconf 90' lang='lat' dir='ltr'>id</span> <span class='ocrx_word' id='word_1_624' title='bbox 3804 3392 3992 3453; x_wconf 85' lang='lat' dir='ltr'>admit·</span> 
     </span>
     <span class='ocr_line' id='line_1_94' title="bbox 2499 3482 3993 3563; baseline 0.001 -21"><span class='ocrx_word' id='word_1_625' title='bbox 2499 3485 2639 3544; x_wconf 88' lang='lat' dir='ltr'>tunt</span> <span class='ocrx_word' id='word_1_626' title='bbox 2667 3482 2727 3542; x_wconf 89' lang='lat' dir='ltr'>in</span> <span class='ocrx_word' id='word_1_627' title='bbox 2760 3501 2951 3543; x_wconf 89' lang='lat' dir='ltr'>censu</span> <span class='ocrx_word' id='word_1_628' title='bbox 2982 3484 3172 3544; x_wconf 87' lang='lat' dir='ltr'>etiam</span> <span class='ocrx_word' id='word_1_629' title='bbox 3200 3484 3514 3563; x_wconf 87' lang='lat' dir='ltr'>personali</span> <span class='ocrx_word' id='word_1_630' title='bbox 3546 3490 3845 3563; x_wconf 89' lang='lat' dir='ltr'>perpetuo</span> <span class='ocrx_word' id='word_1_631' title='bbox 3867 3532 3881 3560; x_wconf 92' lang='lat'>,</span> <span class='ocrx_word' id='word_1_632' title='bbox 3908 3503 3993 3544; x_wconf 81' lang='lat' dir='ltr'>cu·</span> 
     </span>
     <span class='ocr_line' id='line_1_95' title="bbox 2493 3573 3988 3654; baseline 0.001 -21"><span class='ocrx_word' id='word_1_633' title='bbox 2493 3573 2599 3653; x_wconf 86' lang='lat' dir='ltr'>jus</span> <span class='ocrx_word' id='word_1_634' title='bbox 2630 3575 2927 3654; x_wconf 82' lang='lat' dir='ltr'>obligatio</span> <span class='ocrx_word' id='word_1_635' title='bbox 2974 3577 3200 3637; x_wconf 87' lang='lat' dir='ltr'>transit</span> <span class='ocrx_word' id='word_1_636' title='bbox 3228 3576 3304 3636; x_wconf 81' lang='lat' dir='ltr'>ad</span> <span class='ocrx_word' id='word_1_637' title='bbox 3353 3576 3638 3637; x_wconf 85' lang='lat' dir='ltr'>haeredes</span> <span class='ocrx_word' id='word_1_638' title='bbox 3665 3578 3988 3649; x_wconf 67' lang='lat' dir='ltr'>venditoris,</span> 
     </span>
     <span class='ocr_line' id='line_1_96' title="bbox 2500 3667 3992 3748; baseline 0.001 -21"><span class='ocrx_word' id='word_1_639' title='bbox 2500 3671 2562 3728; x_wconf 93' lang='lat' dir='ltr'>et</span> <span class='ocrx_word' id='word_1_640' title='bbox 2588 3667 2721 3746; x_wconf 78' lang='lat' dir='ltr'>ejus</span> <span class='ocrx_word' id='word_1_641' title='bbox 2751 3669 3096 3729; x_wconf 88' lang='lat' dir='ltr'>dominium</span> <span class='ocrx_word' id='word_1_642' title='bbox 3128 3669 3206 3728; x_wconf 87' lang='lat' dir='ltr'>ad</span> <span class='ocrx_word' id='word_1_643' title='bbox 3224 3669 3508 3729; x_wconf 83' lang='lat' dir='ltr'>haeredes</span> <span class='ocrx_word' id='word_1_644' title='bbox 3530 3671 3842 3748; x_wconf 81' lang='lat' dir='ltr'>emptoris.</span> <span class='ocrx_word' id='word_1_645' title='bbox 3866 3672 3992 3729; x_wconf 74' lang='lat' dir='ltr'>Fun·</span> 
     </span>
     <span class='ocr_line' id='line_1_97' title="bbox 2499 3759 3994 3841; baseline 0.001 -23"><span class='ocrx_word' id='word_1_646' title='bbox 2499 3759 2796 3822; x_wconf 83' lang='lat' dir='ltr'>damenta</span> <span class='ocrx_word' id='word_1_647' title='bbox 2824 3765 3033 3823; x_wconf 89' lang='lat' dir='ltr'>autem</span> <span class='ocrx_word' id='word_1_648' title='bbox 3065 3761 3251 3841; x_wconf 89' lang='lat' dir='ltr'>hujus</span> <span class='ocrx_word' id='word_1_649' title='bbox 3278 3762 3607 3824; x_wconf 84' lang='lat' dir='ltr'>sententiae</span> <span class='ocrx_word' id='word_1_650' title='bbox 3637 3767 3849 3841; x_wconf 85' lang='lat' dir='ltr'>postea</span> <span class='ocrx_word' id='word_1_651' title='bbox 3874 3763 3994 3821; x_wconf 80' lang='lat' dir='ltr'>affe-</span> 
     </span>
     <span class='ocr_line' id='line_1_98' title="bbox 2497 3871 2729 3913; baseline 0.004 -1"><span class='ocrx_word' id='word_1_652' title='bbox 2497 3871 2729 3913; x_wconf 83' lang='lat' dir='ltr'>remus,</span> 
     </span>
    </p>

    <p class='ocr_par' dir='ltr' id='par_1_9' title="bbox 2485 3945 3993 5598">
     <span class='ocr_line' id='line_1_99' title="bbox 2580 3945 3990 4026; baseline 0 -20"><span class='ocrx_word' id='word_1_653' title='bbox 2580 3945 2868 4007; x_wconf 90' lang='lat' dir='ltr'>Secunda</span> <span class='ocrx_word' id='word_1_654' title='bbox 2895 3946 3201 4008; x_wconf 80' lang='lat' dir='ltr'>sententia</span> <span class='ocrx_word' id='word_1_655' title='bbox 3222 3996 3235 4022; x_wconf 90' lang='lat'>,</span> <span class='ocrx_word' id='word_1_656' title='bbox 3270 3965 3460 4026; x_wconf 90' lang='lat' dir='ltr'>quam</span> <span class='ocrx_word' id='word_1_657' title='bbox 3489 3948 3721 4009; x_wconf 87' lang='lat' dir='ltr'>Melina</span> <span class='ocrx_word' id='word_1_658' title='bbox 3752 3967 3990 4010; x_wconf 89' lang='lat' dir='ltr'>commu·</span> 
     </span>
     <span class='ocr_line' id='line_1_100' title="bbox 2498 4039 3993 4121; baseline 0.002 -23"><span class='ocrx_word' id='word_1_659' title='bbox 2498 4039 2739 4100; x_wconf 89' lang='lat' dir='ltr'>niorem</span> <span class='ocrx_word' id='word_1_660' title='bbox 2777 4039 2968 4116; x_wconf 87' lang='lat' dir='ltr'>dicit,</span> <span class='ocrx_word' id='word_1_661' title='bbox 3021 4045 3210 4119; x_wconf 86' lang='lat' dir='ltr'>negat</span> <span class='ocrx_word' id='word_1_662' title='bbox 3255 4041 3495 4102; x_wconf 88' lang='lat' dir='ltr'>licitum</span> <span class='ocrx_word' id='word_1_663' title='bbox 3542 4061 3677 4102; x_wconf 85' lang='lat' dir='ltr'>esse</span> <span class='ocrx_word' id='word_1_664' title='bbox 3724 4040 3993 4121; x_wconf 80' lang='lat' dir='ltr'>ejusmodi</span> 
     </span>
     <span class='ocr_line' id='line_1_101' title="bbox 2496 4133 3992 4215; baseline -0.001 -22"><span class='ocrx_word' id='word_1_665' title='bbox 2496 4150 2776 4194; x_wconf 85' lang='lat' dir='ltr'>censum.</span> <span class='ocrx_word' id='word_1_666' title='bbox 2807 4133 2899 4193; x_wconf 89' lang='lat' dir='ltr'>Ita</span> <span class='ocrx_word' id='word_1_667' title='bbox 2928 4135 3266 4209; x_wconf 83' lang='lat' dir='ltr'>Navarrus,</span> <span class='ocrx_word' id='word_1_668' title='bbox 3304 4135 3641 4212; x_wconf 83' lang='lat' dir='ltr'>Gregorius</span> <span class='ocrx_word' id='word_1_669' title='bbox 3667 4137 3883 4215; x_wconf 88' lang='lat' dir='ltr'>Lopez,</span> <span class='ocrx_word' id='word_1_670' title='bbox 3911 4133 3992 4194; x_wconf 78' lang='lat' dir='ltr'>Al·</span> 
     </span>
     <span class='ocr_line' id='line_1_102' title="bbox 2496 4225 3992 4306; baseline 0.001 -21"><span class='ocrx_word' id='word_1_671' title='bbox 2496 4244 2704 4301; x_wconf 78' lang='lat' dir='ltr'>varuS,</span> <span class='ocrx_word' id='word_1_672' title='bbox 2741 4225 3000 4286; x_wconf 86' lang='lat' dir='ltr'>Valasco</span> <span class='ocrx_word' id='word_1_673' title='bbox 3026 4273 3042 4303; x_wconf 91' lang='lat'>,</span> <span class='ocrx_word' id='word_1_674' title='bbox 3075 4228 3331 4286; x_wconf 88' lang='lat' dir='ltr'>Lasarte</span> <span class='ocrx_word' id='word_1_675' title='bbox 3352 4273 3367 4302; x_wconf 94' lang='lat'>,</span> <span class='ocrx_word' id='word_1_676' title='bbox 3419 4230 3483 4288; x_wconf 90' lang='lat' dir='ltr'>ct</span> <span class='ocrx_word' id='word_1_677' title='bbox 3512 4229 3796 4288; x_wconf 86' lang='lat' dir='ltr'>Gutierez</span> <span class='ocrx_word' id='word_1_678' title='bbox 3818 4275 3833 4303; x_wconf 91' lang='lat'>,</span> <span class='ocrx_word' id='word_1_679' title='bbox 3866 4244 3992 4306; x_wconf 78' lang='lat' dir='ltr'>quos</span> 
     </span>
     <span class='ocr_line' id='line_1_103' title="bbox 2496 4318 3986 4400; baseline 0.001 -24"><span class='ocrx_word' id='word_1_680' title='bbox 2496 4318 2679 4378; x_wconf 83' lang='lat' dir='ltr'>affert</span> <span class='ocrx_word' id='word_1_681' title='bbox 2721 4322 2783 4379; x_wconf 90' lang='lat' dir='ltr'>et</span> <span class='ocrx_word' id='word_1_682' title='bbox 2825 4319 3108 4397; x_wconf 82' lang='lat' dir='ltr'>sequitur</span> <span class='ocrx_word' id='word_1_683' title='bbox 3141 4319 3375 4379; x_wconf 87' lang='lat' dir='ltr'>Molina</span> <span class='ocrx_word' id='word_1_684' title='bbox 3420 4320 3532 4379; x_wconf 89' lang='lat' dir='ltr'>ubi</span> <span class='ocrx_word' id='word_1_685' title='bbox 3573 4339 3760 4400; x_wconf 85' lang='lat' dir='ltr'>supra</span> <span class='ocrx_word' id='word_1_686' title='bbox 3803 4340 3900 4379; x_wconf 91' lang='lat' dir='ltr'>nu.</span> <span class='ocrx_word' id='word_1_687' title='bbox 3941 4321 3986 4377; x_wconf 67' lang='lat'>4.</span> 
     </span>
     <span class='ocr_line' id='line_1_104' title="bbox 2498 4409 3990 4488; baseline -0.001 -17"><span class='ocrx_word' id='word_1_688' title='bbox 2498 4409 2871 4485; x_wconf 84' lang='lat' dir='ltr'>Sarmiento,</span> <span class='ocrx_word' id='word_1_689' title='bbox 2907 4411 3312 4487; x_wconf 86' lang='lat' dir='ltr'>Emmanuel,</span> <span class='ocrx_word' id='word_1_690' title='bbox 3345 4412 3636 4472; x_wconf 87' lang='lat' dir='ltr'>Miranda</span> <span class='ocrx_word' id='word_1_691' title='bbox 3664 4459 3680 4488; x_wconf 90' lang='lat'>‚</span> <span class='ocrx_word' id='word_1_692' title='bbox 3714 4412 3990 4482; x_wconf 66' lang='lat' dir='ltr'>lichenas,</span> 
     </span>
     <span class='ocr_line' id='line_1_105' title="bbox 2495 4503 3991 4584; baseline -0.001 -20"><span class='ocrx_word' id='word_1_693' title='bbox 2495 4503 2794 4580; x_wconf 80' lang='lat' dir='ltr'>AngeluS,</span> <span class='ocrx_word' id='word_1_694' title='bbox 2828 4505 3022 4579; x_wconf 75' lang='lat' dir='ltr'>Vega,</span> <span class='ocrx_word' id='word_1_695' title='bbox 3055 4505 3408 4564; x_wconf 79' lang='lat' dir='ltr'>Ludovicus</span> <span class='ocrx_word' id='word_1_696' title='bbox 3435 4507 3644 4584; x_wconf 89' lang='lat' dir='ltr'>Lopez</span> <span class='ocrx_word' id='word_1_697' title='bbox 3667 4552 3683 4581; x_wconf 90' lang='lat'>‚</span> <span class='ocrx_word' id='word_1_698' title='bbox 3718 4512 3777 4567; x_wconf 89' lang='lat' dir='ltr'>et</span> <span class='ocrx_word' id='word_1_699' title='bbox 3802 4506 3896 4566; x_wconf 87' lang='lat' dir='ltr'>alii</span> <span class='ocrx_word' id='word_1_700' title='bbox 3921 4505 3991 4562; x_wconf 88' lang='lat' dir='ltr'>in·</span> 
     </span>
     <span class='ocr_line' id='line_1_106' title="bbox 2497 4596 3988 4675; baseline 0.001 -21"><span class='ocrx_word' id='word_1_701' title='bbox 2497 4596 2778 4672; x_wconf 87' lang='lat' dir='ltr'>numeri,</span> <span class='ocrx_word' id='word_1_702' title='bbox 2812 4614 2967 4674; x_wconf 88' lang='lat' dir='ltr'>quos</span> <span class='ocrx_word' id='word_1_703' title='bbox 2996 4598 3279 4675; x_wconf 87' lang='lat' dir='ltr'>congerit</span> <span class='ocrx_word' id='word_1_704' title='bbox 3322 4597 3499 4659; x_wconf 89' lang='lat' dir='ltr'>Salas</span> <span class='ocrx_word' id='word_1_705' title='bbox 3531 4599 3698 4659; x_wconf 88' lang='lat' dir='ltr'>dicto</span> <span class='ocrx_word' id='word_1_706' title='bbox 3745 4599 3883 4657; x_wconf 89' lang='lat' dir='ltr'>duh.</span> <span class='ocrx_word' id='word_1_707' title='bbox 3912 4614 3988 4658; x_wconf 85' lang='lat'>111.</span> 
     </span>
     <span class='ocr_line' id='line_1_107' title="bbox 2495 4687 3988 4769; baseline 0 -23"><span class='ocrx_word' id='word_1_708' title='bbox 2495 4705 2600 4748; x_wconf 92' lang='lat' dir='ltr'>nu.</span> <span class='ocrx_word' id='word_1_709' title='bbox 2637 4690 2692 4751; x_wconf 74' lang='lat'>1.</span> <span class='ocrx_word' id='word_1_710' title='bbox 2726 4687 2786 4746; x_wconf 92' lang='lat' dir='ltr'>in</span> <span class='ocrx_word' id='word_1_711' title='bbox 2809 4688 3113 4766; x_wconf 89' lang='lat' dir='ltr'>principio</span> <span class='ocrx_word' id='word_1_712' title='bbox 3135 4735 3150 4765; x_wconf 92' lang='lat'>,</span> <span class='ocrx_word' id='word_1_713' title='bbox 3185 4692 3246 4749; x_wconf 88' lang='lat' dir='ltr'>et</span> <span class='ocrx_word' id='word_1_714' title='bbox 3273 4690 3499 4749; x_wconf 89' lang='lat' dir='ltr'>iterum</span> <span class='ocrx_word' id='word_1_715' title='bbox 3549 4695 3764 4769; x_wconf 85' lang='lat' dir='ltr'>postea</span> <span class='ocrx_word' id='word_1_716' title='bbox 3791 4691 3849 4749; x_wconf 92' lang='lat' dir='ltr'>in</span> <span class='ocrx_word' id='word_1_717' title='bbox 3868 4690 3988 4756; x_wconf 80' lang='lat' dir='ltr'>fine,</span> 
     </span>
     <span class='ocr_line' id='line_1_108' title="bbox 2495 4779 3991 4860; baseline 0.001 -21"><span class='ocrx_word' id='word_1_718' title='bbox 2495 4782 2644 4851; x_wconf 83' lang='lat' dir='ltr'>Quae</span> <span class='ocrx_word' id='word_1_719' title='bbox 2675 4779 3004 4854; x_wconf 88' lang='lat' dir='ltr'>sententia,</span> <span class='ocrx_word' id='word_1_720' title='bbox 3029 4799 3142 4857; x_wconf 84' lang='lat' dir='ltr'>per</span> <span class='ocrx_word' id='word_1_721' title='bbox 3171 4799 3236 4840; x_wconf 87' lang='lat' dir='ltr'>se</span> <span class='ocrx_word' id='word_1_722' title='bbox 3264 4781 3583 4860; x_wconf 87' lang='lat' dir='ltr'>loquendo</span> <span class='ocrx_word' id='word_1_723' title='bbox 3604 4829 3619 4856; x_wconf 90' lang='lat'>,</span> <span class='ocrx_word' id='word_1_724' title='bbox 3653 4782 3802 4842; x_wconf 88' lang='lat' dir='ltr'>mihi</span> <span class='ocrx_word' id='word_1_725' title='bbox 3831 4781 3991 4841; x_wconf 84' lang='lat' dir='ltr'>etiam</span> 
     </span>
     <span class='ocr_line' id='line_1_109' title="bbox 2492 4871 3991 4952; baseline 0.002 -23"><span class='ocrx_word' id='word_1_726' title='bbox 2492 4871 2878 4949; x_wconf 86' lang='lat' dir='ltr'>probabilior</span> <span class='ocrx_word' id='word_1_727' title='bbox 2928 4872 3199 4936; x_wconf 86' lang='lat' dir='ltr'>videtur.</span> <span class='ocrx_word' id='word_1_728' title='bbox 3251 4873 3756 4935; x_wconf 84' lang='lat' dir='ltr'>Fundamentum</span> <span class='ocrx_word' id='word_1_729' title='bbox 3805 4872 3991 4952; x_wconf 59' lang='lat' dir='ltr'>praeci·</span> 
     </span>
     <span class='ocr_line' id='line_1_110' title="bbox 2491 4963 3991 5046; baseline -0.001 -23"><span class='ocrx_word' id='word_1_730' title='bbox 2491 4982 2686 5042; x_wconf 91' lang='lat' dir='ltr'>puum</span> <span class='ocrx_word' id='word_1_731' title='bbox 2715 4963 3062 5024; x_wconf 90' lang='lat' dir='ltr'>desumitur</span> <span class='ocrx_word' id='word_1_732' title='bbox 3077 4983 3151 5023; x_wconf 89' lang='lat' dir='ltr'>ex</span> <span class='ocrx_word' id='word_1_733' title='bbox 3167 4965 3542 5043; x_wconf 89' lang='lat' dir='ltr'>supradictis</span> <span class='ocrx_word' id='word_1_734' title='bbox 3576 4986 3590 5030; x_wconf 76' lang='lat' dir='ltr'>t</span> <span class='ocrx_word' id='word_1_735' title='bbox 3625 4968 3839 5046; x_wconf 84' lang='lat' dir='ltr'>quiain</span> <span class='ocrx_word' id='word_1_736' title='bbox 3856 4964 3991 5043; x_wconf 81' lang='lat' dir='ltr'>ejus-</span> 
     </span>
     <span class='ocr_line' id='line_1_111' title="bbox 2489 5055 3990 5136; baseline 0 -22"><span class='ocrx_word' id='word_1_737' title='bbox 2489 5055 2659 5115; x_wconf 92' lang='lat' dir='ltr'>modi</span> <span class='ocrx_word' id='word_1_738' title='bbox 2687 5075 2878 5115; x_wconf 91' lang='lat' dir='ltr'>censu</span> <span class='ocrx_word' id='word_1_739' title='bbox 2923 5056 3238 5135; x_wconf 89' lang='lat' dir='ltr'>personali</span> <span class='ocrx_word' id='word_1_740' title='bbox 3292 5057 3442 5116; x_wconf 88' lang='lat' dir='ltr'>nihil</span> <span class='ocrx_word' id='word_1_741' title='bbox 3491 5059 3667 5118; x_wconf 88' lang='lat' dir='ltr'>aliud</span> <span class='ocrx_word' id='word_1_742' title='bbox 3711 5060 3770 5118; x_wconf 90' lang='lat' dir='ltr'>in</span> <span class='ocrx_word' id='word_1_743' title='bbox 3811 5057 3990 5136; x_wconf 83' lang='lat' dir='ltr'>rigore</span> 
     </span>
     <span class='ocr_line' id='line_1_112' title="bbox 2487 5148 3989 5228; baseline -0.001 -19"><span class='ocrx_word' id='word_1_744' title='bbox 2487 5148 2816 5225; x_wconf 79' lang='lat' dir='ltr'>venditur,</span> <span class='ocrx_word' id='word_1_745' title='bbox 2856 5154 2966 5210; x_wconf 89' lang='lat' dir='ltr'>aut</span> <span class='ocrx_word' id='word_1_746' title='bbox 3003 5149 3302 5224; x_wconf 87' lang='lat' dir='ltr'>traditur,</span> <span class='ocrx_word' id='word_1_747' title='bbox 3351 5150 3466 5209; x_wconf 89' lang='lat' dir='ltr'>nisi</span> <span class='ocrx_word' id='word_1_748' title='bbox 3499 5152 3824 5228; x_wconf 88' lang='lat' dir='ltr'>pensiones</span> <span class='ocrx_word' id='word_1_749' title='bbox 3861 5150 3989 5227; x_wconf 77' lang='lat' dir='ltr'>ipsae</span> 
     </span>
     <span class='ocr_line' id='line_1_113' title="bbox 2488 5240 3986 5320; baseline -0.001 -20"><span class='ocrx_word' id='word_1_750' title='bbox 2488 5240 2804 5301; x_wconf 80' lang='lat' dir='ltr'>solvendae</span> <span class='ocrx_word' id='word_1_751' title='bbox 2837 5261 2851 5302; x_wconf 90' lang='lat'>:</span> <span class='ocrx_word' id='word_1_752' title='bbox 2885 5242 3046 5302; x_wconf 90' lang='lat' dir='ltr'>sicut</span> <span class='ocrx_word' id='word_1_753' title='bbox 3090 5260 3239 5320; x_wconf 88' lang='lat' dir='ltr'>ergo</span> <span class='ocrx_word' id='word_1_754' title='bbox 3287 5260 3409 5301; x_wconf 93' lang='lat' dir='ltr'>non</span> <span class='ocrx_word' id='word_1_755' title='bbox 3463 5248 3674 5320; x_wconf 67' lang='lat' dir='ltr'>potest</span> <span class='ocrx_word' id='word_1_756' title='bbox 3714 5244 3867 5304; x_wconf 79' lang='lat' dir='ltr'>licite</span> <span class='ocrx_word' id='word_1_757' title='bbox 3894 5257 3986 5318; x_wconf 80' lang='lat' dir='ltr'>pro</span> 
     </span>
     <span class='ocr_line' id='line_1_114' title="bbox 2490 5335 3986 5416; baseline -0.002 -21"><span class='ocrx_word' id='word_1_758' title='bbox 2490 5337 2623 5395; x_wconf 79' lang='lat'>100.</span> <span class='ocrx_word' id='word_1_759' title='bbox 2660 5351 2798 5413; x_wconf 85' lang='lat' dir='ltr'>quae</span> <span class='ocrx_word' id='word_1_760' title='bbox 2829 5352 2994 5394; x_wconf 90' lang='lat' dir='ltr'>nunc</span> <span class='ocrx_word' id='word_1_761' title='bbox 3038 5335 3299 5409; x_wconf 87' lang='lat' dir='ltr'>dantur,</span> <span class='ocrx_word' id='word_1_762' title='bbox 3331 5335 3498 5397; x_wconf 89' lang='lat' dir='ltr'>licite</span> <span class='ocrx_word' id='word_1_763' title='bbox 3549 5337 3770 5416; x_wconf 73' lang='lat' dir='ltr'>aliquis</span> <span class='ocrx_word' id='word_1_764' title='bbox 3803 5349 3986 5394; x_wconf 84' lang='lat' dir='ltr'>emere</span> 
     </span>
     <span class='ocr_line' id='line_1_115' title="bbox 2485 5428 3987 5506; baseline -0.002 -19"><span class='ocrx_word' id='word_1_765' title='bbox 2485 5428 2622 5487; x_wconf 77' lang='lat'>200.</span> <span class='ocrx_word' id='word_1_766' title='bbox 2658 5430 2871 5504; x_wconf 85' lang='lat' dir='ltr'>postea</span> <span class='ocrx_word' id='word_1_767' title='bbox 2899 5446 3012 5506; x_wconf 88' lang='lat' dir='ltr'>per</span> <span class='ocrx_word' id='word_1_768' title='bbox 3037 5431 3246 5504; x_wconf 87' lang='lat' dir='ltr'>partes</span> <span class='ocrx_word' id='word_1_769' title='bbox 3280 5431 3344 5489; x_wconf 93' lang='lat' dir='ltr'>et</span> <span class='ocrx_word' id='word_1_770' title='bbox 3370 5430 3722 5490; x_wconf 80' lang='lat' dir='ltr'>successive</span> <span class='ocrx_word' id='word_1_771' title='bbox 3747 5428 3987 5488; x_wconf 80' lang='lat' dir='ltr'>redden·</span> 
     </span>
     <span class='ocr_line' id='line_1_116' title="bbox 2485 5517 3983 5598; baseline -0.001 -20"><span class='ocrx_word' id='word_1_772' title='bbox 2485 5518 2586 5595; x_wconf 88' lang='lat' dir='ltr'>da,</span> <span class='ocrx_word' id='word_1_773' title='bbox 2618 5518 2859 5579; x_wconf 90' lang='lat' dir='ltr'>secluso</span> <span class='ocrx_word' id='word_1_774' title='bbox 2888 5519 3062 5580; x_wconf 88' lang='lat' dir='ltr'>lucro</span> <span class='ocrx_word' id='word_1_775' title='bbox 3092 5522 3397 5596; x_wconf 86' lang='lat' dir='ltr'>cessante,</span> <span class='ocrx_word' id='word_1_776' title='bbox 3430 5520 3690 5597; x_wconf 90' lang='lat' dir='ltr'>damno,</span> <span class='ocrx_word' id='word_1_777' title='bbox 3725 5521 3810 5580; x_wconf 78' lang='lat' dir='ltr'>vel</span> <span class='ocrx_word' id='word_1_778' title='bbox 3838 5517 3983 5598; x_wconf 87' lang='lat' dir='ltr'>peri-</span> 
     </span>
    </p>
   </div>
  </div>
 </body>
</html>
