4263 6376
571 670 685 728 182

494 796 724 850 Aliquando

481 850 604 905 iudex
624 862 752 893 excu-

535 908 649 945 satur
665 916 690 946 ι

820 309 939 370 ’740

816 484 942 546 imo
973 487 1067 546 est
1095 484 1355 545 dubium
1380 528 1396 559 ,
1443 483 1591 562 quia
1638 484 1918 544 nondum
1949 488 2041 545 est
2069 482 2348 562 legitime

815 578 1148 656 probatum
1177 578 1434 639 crimen.

893 672 1164 732 Adverte
1198 675 1437 747 tamen,
1499 672 1560 730 in
1617 689 1741 731 uno
1796 670 1894 731 vel
1949 670 2143 732 altero
2198 688 2348 731 casu

814 784 994 844 posse
1014 764 1297 845 judicem
1329 764 1609 824 excusari
1643 782 1679 824 a
1710 764 1918 826 debito
1949 763 2339 825 restituendi.

815 859 1056 918 PrImus
1086 861 1202 933 est,
1235 856 1290 917 si
1319 857 1568 918 aliunde
1600 877 1743 918 reus
1786 862 1996 936 posset
2032 856 2340 932 convinci,

487 960 759 1004 restitutione·
810 951 907 1012 vel
938 953 1149 1028 posset
1175 949 1357 1010 facile
1406 951 1667 1010 inveniri
1715 951 2000 1029 probatio
2031 950 2172 1011 talis
2204 966 2342 1028 qnae

522 5436 634 5495 183

810 1044 1118 1122 obligaret
1148 1061 1294 1103 eum
1337 1042 1417 1102 ad
1464 1043 1891 1104 confitendum
1921 1063 1936 1116 ;
1972 1047 2120 1104 tunc
2176 1043 2342 1102 enim

805 1137 953 1198 licet
972 1136 1168 1218 judex
1188 1141 1511 1215 peccasset
1542 1126 1968 1216 exto'rquendo
2000 1136 2169 1196 illam
2200 1154 2343 1196 con-

806 1229 1162 1303 fessionem,
1201 1249 1325 1289 non
1352 1229 1673 1290 videretur
1700 1229 2011 1307 obligatus
2042 1229 2123 1290 ad
2164 1230 2344 1290 resti-

803 1323 1112 1384 tuendum
1141 1341 1251 1402 pro
1286 1323 1554 1399 damniS‚
1590 1323 1642 1382 si
1672 1326 1879 1383 certus
1922 1327 2060 1384 erat
2087 1323 2342 1384 convin-

805 1416 1074 1476 cendum
1105 1414 1356 1475 aliunde
1406 1433 1582 1474 reum
1606 1459 1622 1490 ‚
1677 1415 1777 1475 vel
1816 1414 2223 1494 obligandum
2263 1416 2341 1476 de

804 1508 968 1569 facto
1001 1509 1080 1567 ad
1110 1508 1536 1569 confitendum
1565 1527 1680 1586 per
1707 1508 2109 1587 probationes
2135 1555 2150 1585 ,
2199 1528 2339 1589 quae

804 1620 928 1663 non
951 1634 960 1646 ·
983 1602 1185 1662 solum
1240 1601 1472 1661 adduci
1536 1605 1814 1680 possent,
1874 1602 1984 1662 sed
2040 1602 2117 1662 de
2174 1604 2337 1664 facto

803 1694 993 1756 etiam
1023 1693 1411 1754 adducendae
1430 1694 1654 1756 forent.
1683 1694 2009 1756 Secundus
2026 1713 2207 1756 casus
2228 1715 2341 1775 po-

803 1788 972 1848 nitur
1000 1806 1036 1847 a
1063 1786 1275 1848 Lessio
1307 1789 1369 1847 et
1396 1786 1673 1847 Maldero
1705 1806 1928 1868 supra,
1962 1788 2214 1868 quando
2245 1808 2338 1850 er-

801 1900 930 1957 ror,
976 1881 1076 1941 vel
1116 1879 1399 1940 defectus
1454 1880 1653 1941 factus
1683 1899 1721 1941 a
1752 1879 1967 1960 judice
2003 1882 2083 1942 ad
2133 1886 2341 1943 extor-

801 1974 1118 2054 quendam
1147 1973 1599 2033 confessionem
1630 1992 1668 2033 a
1696 1991 1803 2034 reo
1834 1974 1975 2034 talis
2005 1975 2104 2052 sit,
2130 1975 2336 2055 inquo

801 2085 1130 2145 supremus
1161 2066 1452 2145 princeps
1480 2069 1686 2144 potest
1712 2066 2075 2145 dispensare
2096 2115 2110 2143 ‚
2154 2068 2243 2128 ita
2270 2073 2340 2130 ut

804 2160 1099 2238 Princeps
1127 2159 1320 2238 possit
1351 2159 1440 2218 sic
1481 2159 1820 2236 procedere
1845 2205 1860 2236 ‚
1920 2160 1969 2221 si
2020 2160 2097 2220 de
2147 2179 2338 2222 causa

802 2252 1221 2331 cognovisset,
1275 2255 1344 2311 ut
1384 2251 1434 2311 si
1468 2255 1647 2312 erant
1692 2252 1925 2312 indicia
1961 2253 2336 2315 sufficientia

801 2346 882 2407 ad
914 2343 1337 2423 torquendum
1368 2344 1679 2422 plebeium
1707 2392 1722 2422 ,
1775 2365 1901 2406 non
1931 2346 2011 2406 ad
2041 2351 2335 2426 torquen-

800 2438 951 2498 dum
982 2436 1301 2498 hominem
1329 2437 1601 2497 nobilem
1625 2485 1640 2515 ,
1673 2439 1772 2498 vel
1818 2440 1899 2500 ad
1945 2438 2333 2519 interrogan-

802 2531 952 2591 dum
980 2531 1227 2609 ipsum,
1272 2534 1421 2591 tunc
1463 2531 1513 2591 si
1560 2531 1850 2610 princeps
1886 2533 2194 2611 potuisset
2241 2534 2334 2594 di-

800 2644 1096 2704 spensare
1124 2624 1187 2684 in
1216 2624 1377 2702 lege,
1399 2630 1461 2686 et
1481 2624 1757 2704 obligare
1780 2645 1956 2686 reum
1977 2626 2056 2687 ad
2078 2646 2336 2706 respon-

799 2718 1076 2778 dendum
1105 2737 1120 2791 ς
1154 2718 1385 2796 poterit
1405 2718 1594 2778 etiam
1613 2718 1933 2779 remittere
1957 2718 2153 2798 judici
2178 2721 2334 2781 obli-

796 2811 1113 2891 gationem
1172 2809 1559 2886 restituendi,
1621 2811 1768 2890 quia
1810 2815 2013 2889 potest
2056 2812 2193 2893 ejus
2242 2814 2334 2875 fa-

798 2908 967 2964 ctum
996 2903 1366 2982 approbare.
1402 2906 1582 2964 Hunc
1599 2908 1809 2965 tamen
1840 2924 2055 2966 casum
2087 2925 2206 2986 ego
2236 2926 2333 2969 so-

795 2997 927 3057 lum
957 2996 1417 3058 admittendum
1464 2997 1786 3057 crederem
1817 3016 1958 3058 cum
1990 3018 2065 3059 ea
2103 2999 2333 3062 limita-

795 3090 987 3165 tione,
1022 3089 1274 3168 quando
1303 3089 1541 3151 scincet
1567 3090 1860 3169 princeps
1904 3095 2109 3152 ratum
2141 3091 2333 3155 habet

795 3187 940 3245 ante
971 3183 1369 3245 terminatam
1400 3202 1677 3260 causam,
1695 3183 2169 3247 velsaltemnon
2189 3192 2333 3265 post

793 3274 1062 3338 m'ortem
1091 3276 1509 3355 delinquentis
1531 3294 1603 3337 ea
1626 3276 1703 3336 de
1727 3294 1916 3337 causa
1937 3278 2163 3340 occisi:
2190 3284 2332 3359 post

793 3374 1062 3433 mortem
1103 3369 1270 3430 enim
1325 3388 1450 3430 non
1492 3370 1740 3432 videtur
1798 3390 1980 3450 posse
2039 3373 2329 3453 princeps

793 3465 1150 3527 condonare
1192 3462 1389 3542 judici
1437 3463 1608 3527 illam
1653 3464 2098 3542 obligationem
2145 3468 2328 3529 resti-

792 3557 1037 3630 tuendi;
1073 3555 1220 3635 quia
1247 3556 1393 3617 licet
1423 3557 1671 3618 vivente
1699 3575 1830 3632 reo,
1856 3558 2148 3639 princeps
2165 3579 2328 3621 sem·

790 3672 903 3731 per
932 3650 1163 3710 habeat
1210 3649 1315 3729 jus
1373 3650 1756 3729 procedendi
1803 3651 2078 3730 legitime
2109 3659 2328 3716 contra

788 3745 1017 3824 ipsum,
1071 3747 1133 3804 et
1177 3742 1495 3822 obligandi
1554 3761 1698 3803 eum
1746 3744 1825 3803 ad
1872 3744 2326 3807 confessionem

788 3836 1088 3913 criminis,
1123 3840 1241 3897 etc.
1277 3839 1340 3896 et
1391 3836 1622 3897 idcirco
1678 3838 1876 3916 possit
1915 3857 2325 3919 compensare

787 3933 907 3992 hoc
937 3930 1217 3991 debitum
1271 3929 1690 4009 delinquentis
1740 3950 1884 3991 cum
1916 3932 2125 3994 debito
2153 3932 2323 4013 judi-

737 4012 742 4017 ’
786 4025 895 4101 ciS,
931 4027 993 4084 et
1021 4026 1227 4101 potest
1256 4023 1530 4101 fingere,
1580 4043 1691 4083 seu
1739 4024 1817 4083 de
1849 4043 2009 4085 novo
2044 4026 2322 4105 obligare

785 4135 963 4177 reum
993 4115 1074 4176 ad
1104 4114 1566 4192 confitendum,
1620 4119 1681 4176 et
1710 4116 1787 4175 de
1817 4135 1979 4177 novo
2024 4117 2323 4178 condem-

785 4228 934 4270 nare
964 4226 1164 4283 reum,
1200 4212 1318 4269 etc.
1345 4212 1590 4269 mortuo
1613 4212 1823 4269 tamen
1839 4228 1970 4286 reo,
1997 4209 2131 4290 jam
2154 4212 2321 4289 prin-

784 4322 930 4382 ceps
962 4300 1201 4360 nullum
1230 4299 1421 4362 habet
1440 4302 1545 4380 jus
1575 4305 1791 4363 contra
1822 4302 2026 4380 ipsum
2048 4349 2064 4380 ,
2116 4307 2178 4364 et
2206 4323 2320 4382 per

782 4412 1173 4473 consequens
1230 4411 1353 4454 non
1408 4399 1690 4472 apparet,
1753 4395 2067 4474 quomodo
2124 4397 2321 4475 possit

781 4489 1139 4551 condonare
1165 4483 1362 4566 judici
1392 4485 1838 4565 obligationem
1863 4508 2052 4568 quam
2069 4493 2318 4551 contra-

779 4583 869 4644 xit
896 4601 1009 4661 per
1064 4598 1243 4640 suam
1299 4578 1615 4659 injuriam.
1668 4582 1799 4642 Imo
1832 4581 2039 4643 adhuc
2067 4582 2316 4644 vivente
2403 4584 2683 4662 justam,
2716 4581 2818 4642 vel
2850 4599 2924 4641 ex
2955 4584 3135 4660 parte
3165 4581 3394 4660 objecti
3422 4600 3534 4643 seu
3583 4602 3830 4661 cansae,
3858 4586 3939 4645 vel

778 4696 909 4753 reo,
962 4678 1026 4735 et
1065 4673 1462 4734 condonante
1507 4673 1790 4753 principe
1830 4673 2059 4753 judici,
2111 4680 2313 4737 ratam

777 4766 1067 4829 habendo
1100 4765 1233 4846 ejus
1262 4766 1658 4843 sententiam,
1696 4770 2016 4829 teneretur
2032 4767 2313 4848 aliquan-

775 4864 855 4924 do
896 4860 1092 4942 judex
1147 4859 1226 4919 ad
1284 4858 1516 4918 damna
1568 4860 1818 4937 priora,
1871 4878 2010 4940 quae
2054 4879 2128 4920 ex
2170 4881 2313 4922 sen-

771 4954 965 5018 tentia
1002 4952 1233 5033 judicis
1280 4951 1530 5013 interim
1579 4953 1822 5030 prolata
1869 4972 2066 5032 usque
2115 4955 2195 5014 ad
2242 4954 2313 5014 il-

769 5049 879 5110 lud
936 5052 1183 5125 tempus
1237 5064 1458 5125 passus
1531 5049 1734 5118 esset;
1808 5064 1955 5105 nam
2018 5047 2310 5126 princeps

770 5162 895 5205 non
927 5144 1176 5221 poterat
1223 5139 1396 5198 illum
1446 5158 1613 5199 nunc
1652 5139 1954 5199 damnare
1997 5158 2109 5217 pro
2148 5143 2308 5201 tem-

770 5256 923 5317 pore
955 5232 1376 5311 antecedenti,
1410 5233 1520 5293 sed
1549 5233 1752 5294 solum
1782 5252 1894 5312 pro
1913 5238 2194 5312 tempore
2216 5253 2308 5295 se·

770 5329 1010 5412 quenti.

836 5421 1193 5485 Secundum
1208 5418 1469 5480 dubium
1484 5419 1649 5480 circa
1662 5420 1909 5499 judices
1924 5424 2302 5499 potestesse,

767 5523 976 5581 utrum
1003 5518 1221 5594 peccet
1248 5514 1477 5594 judex,
1513 5513 1619 5595 qui
1649 5512 2154 5577 informationem
2185 5515 2304 5576 sibi

1978 305 2080 364 DE
2121 304 2478 366 JUS'rlTlA
2521 303 2622 364 ΕΤ
2664 304 2864 365 JURE

2445 482 2742 543 traditam
2769 482 2851 543 ab
2881 499 3005 542 nno
3035 480 3350 559 litigante,
3384 481 3498 544 dat
3524 483 3707 543 alteri
3723 485 3888 562 parti
3904 484 3993 543 vi·-
4039 507 4201 608 ¹:22:

2446 575 2720 636 dendam
2751 574 2831 636 ob
2861 574 3827 654 amicitiam?Videtn1-peccare,
3848 579 3993 658 quia
4038 576 4203 668 gr:

2445 673 2540 730 est
2565 672 2786 730 contra
2831 668 3201 729 fidelitatem
3245 668 3528 729 debitam
3560 668 3645 728 illi
3676 689 3718 729 a
3744 689 3873 749 qno
3900 672 3991 731 vel
4036 681 4201 765 ’‘³33²'‘

2445 761 2753 841 explicite,
2769 761 2870 821 vel
2888 761 3189 839 implicite
3207 765 3474 840 rogatur
3492 762 3694 840 judex
3714 781 3989 836 servare,
4052 727 4195 820 «ιζ-

2443 857 2507 916 et
2552 853 2867 915 occultare
2919 853 3453 914 informationem.
3505 855 3739 916 Adbuc
3781 861 3991 916 tamen

2442 964 2691 1024 censeo,
2722 965 2837 1026 per
2860 965 2927 1006 se
2956 946 3273 1026 loquendo
3292 994 3309 1023 ‚
3353 945 3641 1026 judicem
3690 967 3819 1009 non
3849 969 3993 1029 pec-

2441 1058 2605 1116 care,
2641 1039 2790 1119 quia
2809 1039 3007 1118 judex
3022 1043 3090 1100 ut
3109 1040 3309 1118 possit
3328 1045 3501 1102 recte
3522 1040 3844 1120 judicare,
3871 1063 3989 1104 non

2439 1133 2644 1192 solum
2673 1133 2862 1192 debet
2889 1132 3105 1193 videre
3151 1132 3431 1194 rationes
3468 1134 3657 1194 unius
3708 1138 3907 1214 partis
3932 1143 3993 1197 et

2435 1224 2708 1285 rationes
2736 1225 3011 1302 alterius,
3046 1225 3158 1285 sed
3188 1227 3383 1287 etiam
3413 1228 3747 1306 quomodo
3766 1230 3993 1289 utrius-

2439 1335 2560 1396 que
2590 1316 2866 1378 rationes
2893 1317 3137 1396 possint
3166 1318 3427 1379 dissolvi
3461 1339 3475 1380 :
3511 1320 3597 1380 ad
3628 1320 3755 1381 hoc
3781 1327 3991 1383 autem

2431 1410 2742 1489 judicium
2773 1410 3175 1472 formandum
3231 1430 3356 1473 non
3409 1430 3640 1491 parum
3693 1415 3989 1477 conducit

2437 1503 2678 1579 audire,
2713 1503 2864 1581 quid
2895 1522 3039 1583 pars
3069 1504 3338 1564 adversa
3366 1507 3758 1584 respondeat
3805 1508 3989 1569 infor-

2437 1595 2698 1657 mationi
2729 1596 2954 1675 hujus;
3002 1614 3150 1675 ergo
3197 1598 3390 1659 utitur
3424 1599 3575 1677 jure
3619 1618 3742 1661 suo
3788 1609 3985 1662 osten⁴

2437 1688 2644 1749 dendo
2673 1689 3181 1750 informationem
3212 1690 3374 1768 parti
3405 1693 3745 1753 contrariae
3766 1739 3783 1769 ‚
3814 1700 3881 1756 et
3906 1695 3983 1756 ita

2434 1787 2693 1844 censent
2719 1782 2908 1862 aliqui
2928 1782 3041 1843 viri
3072 1783 3261 1844 docti.
3288 1784 3428 1844 Dixi
3455 1790 3676 1846 tamen
3702 1788 3983 1867 per-selo-

2436 1874 2683 1956 qnendo,
2717 1876 2865 1955 quia
2895 1874 3235 1955 aliquando
3281 1896 3396 1956 per
3424 1878 3733 1939 accidens
3762 1884 3981 1959 poterit

2426 1969 2622 2048 judex
2650 1986 2937 2049 peccare,
2972 1973 3042 2030 ut
3065 1968 3244 2029 siuni
3263 1970 3425 2048 parti
3457 1970 3569 2032 det
3595 1972 3979 2036 informatio-

2434 2080 2577 2120 nem
2609 2061 2888 2137 alteriUS,
2923 2065 2987 2122 et
3013 2079 3137 2122 non
3166 2080 3201 2122 e
3231 2067 3487 2136 contra;
3536 2065 3795 2125 videtur
3820 2068 3975 2127 enim

2434 2171 2568 2215 esse
2598 2154 2809 2234 aliqua
2837 2154 3251 2234 inaequalitaS,
3279 2159 3342 2217 et
3370 2158 3663 2236 acceptio
3687 2177 3979 2237 persona·

2431 2266 2596 2325 rum,
2630 2252 2849 2310 contra
2878 2248 3297 2328 aequalitatem
3333 2267 3527 2328 quam
3565 2251 3770 2330 judex
3798 2253 3975 2314 debet

2431 2359 2710 2403 servare.

2462 2493 2466 2500 ,
2510 2435 2713 2514 Majus
2743 2433 3005 2495 dubium
3034 2452 3169 2495 esse
3198 2439 3411 2513 posset
3449 2436 3625 2498 circa
3653 2438 3779 2500 hoe
3805 2439 3869 2499 in
3895 2440 3975 2500 fa·
4092 2456 4167 2512 ιε(

2432 2529 2616 2588 mulis
2670 2528 2957 2608 judicum
3012 2532 3073 2589 et
3129 2529 3490 2590 auditorum
3509 2577 3527 2608 ,
3581 2532 3690 2611 qui
3743 2534 3969 2593 occulte
4052 2579 4129 2631 ω
4154 2589 4183 2620 ¹

2430 2622 2744 2700 accipiunt
2763 2622 2862 2681 vel
2882 2622 3312 2683 transcribunt
3338 2623 3862 2686 informationem
3877 2627 3970 2686 da·
4012 2635 4212 2684 hubi-⁴

2427 2719 2559 2778 tam
2580 2715 2814 2794 judici,
2844 2719 2906 2775 et
2934 2733 3073 2775 eam
3104 2717 3580 2778 communicant
3631 2720 3799 2797 parti
3828 2739 3969 2781 con·

2428 2808 2636 2871 trariae
2666 2827 2780 2886 pro
2809 2807 3098 2887 pecunia.
3132 2811 3334 2887 Negat
3362 2810 3629 2871 omnino
3680 2813 3748 2871 id
3793 2813 3973 2874 licere

2429 2902 2546 2963 Th.
2581 2900 2811 2962 Sanch.
2843 2901 2955 2960 lib.
2989 2903 3090 2963 111.
3129 2901 3304 2962 Cous.
3337 2920 3391 2964 c.
3427 2904 3604 2964 unic.
3638 2905 3969 2968 duam&

2431 3014 2493 3055 n.
2525 2998 2583 3056 3.
2620 2994 2768 3073 quia
2792 2999 3083 3055 tenentur
3110 3011 3184 3055 ex
3207 2995 3453 3073 justitia
3481 3015 3753 3059 servare
3778 3017 3973 3060 seere-

2429 3092 2582 3164 tum,
2616 3088 2783 3166 quod
2815 3087 2932 3147 sibi
2961 3087 3363 3149 commissum
3396 3093 3515 3150 est.
3532 3091 3761 3170 Aliqui
3774 3099 3968 3154 tamen

2429 3181 2665 3258 dicunt,
2700 3180 2822 3242 hoc
2848 3181 3196 3243 secundum
3224 3200 3290 3242 se
3320 3186 3384 3243 et
3411 3183 3684 3245 seclusis
3710 3186 3849 3248 aliis
3866 3190 3973 3248 cir·

2428 3275 2850 3351 cumstantiis,
2905 3294 3045 3355 quae
3094 3280 3361 3354 possunt
3407 3277 3805 3339 intervenire
3856 3299 3967 3341 non

2425 3387 2560 3429 csse
2589 3372 2917 3448 peccatum
2951 3389 2964 3429 ε
2999 3368 3107 3429 sed
3138 3368 3306 3428 idem
3336 3369 3689 3431 dicendum
3740 3391 3870 3433 esse
3896 3372 3966 3431 de

2423 3461 2672 3521 famulis
2700 3480 2775 3522 ac
2815 3460 2892 3520 de
2935 3462 3069 3539 ipso
3110 3461 3349 3540 judice.
3398 3464 3536 3541 Ego
3588 3469 3808 3525 tamen
3854 3484 3964 3525 non

2422 3555 2834 3615 concederem
2863 3554 3112 3614 famulis
3142 3554 3305 3614 hanc
3333 3554 3665 3617 licentiam
3686 3606 3703 3631 ‚
3740 3558 3886 3638 quia
3909 3560 3962 3616 in

2425 3650 2514 3710 eis
2543 3668 2671 3709 non
2697 3649 2925 3710 militat
2956 3648 3139 3724 ratiO,
3175 3668 3316 3728 qnae
3347 3650 3408 3709 in
3431 3651 3661 3729 judice
3690 3660 3753 3714 et
3784 3654 3965 3713 aliun-

2425 3743 2502 3803 de
2534 3742 2759 3804 eodem
2805 3745 3046 3802 secreto
3090 3742 3494 3821 obligantur3
3548 3749 3617 3806 et
3660 3746 3961 3825 litigantes

2422 3839 2568 3895 sunt
2596 3835 2874 3913 graviter
2901 3840 2964 3895 et
2991 3835 3454 3897 rationabiliter
3482 3837 3694 3899 inviti.
3732 3840 3903 3901 Unde
3926 3858 3957 3897 a

2420 3928 2684 4003 fortiori,
2719 3945 2836 3988 nec
2864 3946 3025 3987 unus
3053 3927 3308 4006 litigans
3336 3932 3553 4007 potest
3581 3932 3847 3992 alterius
3874 3933 3955 3991 in·

2419 4020 2859 4082 formationem
2892 4021 3025 4081 sine
3054 4021 3231 4099 gravi
3261 4021 3495 4100 injuria
3524 4024 3755 4102 furari,
3778 4033 3843 4085 ut
3858 4025 3955 4085 do-

2419 4119 2520 4175 cet
2547 4114 2716 4174 idem
2746 4114 2980 4175 Sanch.
3011 4115 3149 4175 loco
3177 4113 3391 4176 citato.

2496 4207 2705 4270 Tertio
2737 4206 3010 4267 dubitari
3034 4212 3258 4285 potest,
3292 4212 3507 4270 utrum
3528 4212 3883 4274 sententia
3860 4232 3949 4290 Jn-
4082 4216 4171 4272 {5
4210 4218 4212 4221 '

2417 4301 2572 4362 dicis
2588 4301 2716 4361 vim
2737 4300 2968 4360 habeat
2986 4300 3224 4379 ligandi
3246 4305 3309 4361 et
3327 4302 3619 4363 solvendi
3640 4305 3671 4363 ¹?
3698 4308 3818 4365 Pru
3837 4326 3943 4386 quo
4022 4341 4197 4383 -

2415 4395 2762 4457 notandum
2799 4399 2914 4471 est,
2975 4395 3352 4455 sententiam
3400 4413 3541 4456 esse
3594 4397 3833 4477 justam
3860 4401 3940 4458 vel
3974 4398 4212 4539 ξε

2414 4489 2714 4568 injustam
2767 4508 2780 4549 :
2825 4488 2976 4548 item
3021 4487 3400 4550 sententiam
3443 4507 3635 4568 posse
3688 4511 3822 4553 esse
3862 4493 3943 4552 in·
4000 4514 4081 4542 ..-

2415 4694 2491 4736 ex
2520 4678 2696 4754 parte
2725 4674 2981 4736 ferentis
3008 4674 3179 4734 illam
3205 4720 3222 4751 ‚
3255 4693 3315 4735 v.
3348 4692 3447 4754 gr.
3489 4677 3544 4736 si
3573 4696 3701 4739 non
3735 4633 3939 4739 habeat

2403 4766 2931 4848 jurisdictionem,
2963 4767 3065 4828 vel
3083 4767 3138 4827 si
3165 4784 3292 4827 non
3322 4774 3534 4831 servat
3551 4771 3839 4832 ordinem
3852 4774 3937 4851 ju·

2410 4862 2519 4922 ris.
2555 4860 2733 4933 Quod
2764 4863 2977 4922 autem
3005 4860 3581 4939 procedatexmala
3611 4864 3933 4927 intentione

2411 4955 2511 5015 vel
2542 4973 2616 5014 ex
2647 4952 2814 5030 odio,
2846 4958 2956 5014 aut
2974 4953 3270 5029 amicitia,
3294 4953 3452 5014 nihil
3478 4956 3678 5018 refert
3697 4960 3779 5018 ad
3806 4960 3929 5031 hoe,

2412 5048 2581 5127 quod
2610 5046 2864 5126 obliget,
2901 5048 2999 5107 vel
3030 5065 3154 5107 non
3182 5047 3422 5126 obliget
3449 5049 3513 5108 in
3542 5052 3927 5113 conscientia.

2408 5142 2700 5205 videatur
2731 5140 2907 5203 Salas
2936 5142 3010 5203 V.
3045 5138 3117 5200 de
3126 5139 3330 5220 justit.
3363 5160 3431 5220 q.
3463 5159 3575 5205 vn.
3613 5150 3732 5207 art.
3760 5162 3839 5206 tv.
3859 5144 3933 5203 ad

2408 5239 2466 5296 2.
2504 5239 2567 5296 et
2593 5235 2876 5313 Cajetan.
2909 5235 2972 5294 in
3003 5235 3300 5313 praesenti
3330 5254 3390 5314 q.
3411 5238 3599 5298 Lxx.
3625 5244 3743 5301 art.
3760 5256 3841 5300 iv.
3857 5238 3935 5298 ad

2406 5332 2466 5390 2.
2503 5331 2634 5389 Hoc
2665 5329 3009 5407 supposit0‚

2487 5421 2834 5483 Dicendum
2865 5425 2959 5483 est
2985 5420 3213 5500 primo,
3263 5423 3573 5485 sententia
3615 5427 3780 5505 justa
3809 5442 3939 5486 om—

2405 5514 2552 5576 nino
2580 5514 2736 5595 ligat
2762 5515 2826 5576 in
2857 5515 3262 5579 conscientia.
3297 5518 3447 5579 Haeo
3474 5522 3568 5580 est
3596 5519 3935 5581 communis
