4263 6376
607 1670 683 1728 27

539 1794 726 1838 Aliorum

839 276 953 335 176

838 452 1140 527 dandum,
1175 449 1426 529 quando
1469 447 1830 526 indigueriS,
1883 446 2163 507 dicemus
2206 445 2366 506 infra

837 566 950 610 suo
979 546 1116 607 loco
1147 541 1253 624 (1).

1310 965 1727 1050 SEGTlo
1793 963 1901 1051 W.

836 1282 918 1340 Dc
941 1293 1065 1359 spe,
1105 1280 1219 1336 αιιι
1246 1269 1605 1336 ‘intentione
1635 1267 1823 1344 lucri,
1858 1288 1945 1331 an
1973 1265 2178 1354 saciat
2206 1284 2360 1330 usu-

937 1398 1079 1445 ram
1105 1376 1440 1442 mentalem
1471 1396 1615 1440 cum
1644 1394 1834 1440 one-re
1860 1372 2253 1438 restituendi.

912 1649 1267 1725 Antequam
1322 1641 1644 1703 veniamus
1689 1640 1770 1700 ad
1818 1657 2073 1700 usuram
2103 1637 2356 1713 realem,

833 1742 1081 1820 oportet
1106 1737 1277 1815 prius
1307 1735 1514 1798 dicere
1545 1734 1623 1794 de
1652 1733 1930 1809 mentali,
1979 1749 2168 1811 quam
2198 1730 2358 1789 varii

522 1848 751 1892 sententia.
830 1831 1001 1894 varie
1049 1830 1378 1909 explicant.
1443 1827 1567 1889 Sed
1616 1825 2065 1904 congruentius
2107 1823 2356 1899 dicitur,

826 1927 934 1987 illa
975 1941 1115 2004 quae
1169 1922 1313 1983 licet
1356 1920 1619 2002 prodeat
1662 1920 1724 1980 in
1769 1923 1978 1980 actum
2034 1922 2359 1978 externum

829 2017 1022 2080 dandi
1049 2019 1358 2090 mutuum,
1411 2019 1473 2074 et
1517 2011 1867 2090 accipiendi
1911 2011 2156 2070 lucrum
2199 2010 2359 2070 ultra

827 2117 1082 2186 sortem,
1141 2127 1265 2169 non
1307 2113 1517 2169 tamen
1567 2106 1913 2185 explicatur
1958 2103 2228 2163 exterius
2256 2102 2359 2162 ille

827 2204 1074 2266 animus
1092 2202 1371 2261 internus
1390 2198 1734 2278 accipiendi
1760 2198 2022 2272 lucrum,
2047 2196 2156 2256 sed
2180 2214 2362 2255 man-

827 2300 909 2361 sit
933 2298 1215 2373 interiuS,
1266 2300 1328 2357 et
1355 2295 1497 2354 ideo
1543 2292 1769 2356 dieitur
1811 2308 1999 2351 usura
2044 2289 2355 2352 mentalis,

828 2393 1005 2454 Circa
1028 2408 1217 2471 quam
1257 2387 1446 2448 varias
1488 2386 1740 2446 fuerunt
1786 2384 2128 2463 opinioneS,
2179 2400 2354 2460 quas,

827 2489 891 2546 et
917 2502 1132 2545 earum
1163 2485 1447 2543 auctores
1476 2479 1761 2540 referunt
1778 2476 2006 2539 Molina
2028 2474 2188 2554 disp.
2213 2477 2352 2536 305.

898 2785 968 2859 (l)
995 2785 1131 2839 Haec
1174 2782 1419 2837 auctoris
1478 2780 1756 2834 sententia
1810 2777 2158 2830 communior
2210 2775 2358 2828 inter

827 2857 1142 2924 theologos,
1178 2871 1377 2906 novum
1419 2853 1637 2922 accepit
1683 2851 1857 2903 robur
1888 2867 1916 2901 e
1954 2847 2350 2901 constitutione

829 2928 1117 2981 Benedicti
1138 2942 1231 2979 xiv
1262 2922 1360 2978 Vix
1378 2922 1637 2995 pervenit.
1675 2938 1844 2992 quam
1879 2919 2183 2973 cardinalis
2217 2917 2349 2970 Pal-

825 2999 1094 3053 lavicinus
1124 2998 1182 3049 in
1232 2997 1427 3049 ultimo
1458 3000 1607 3049 tomo
1632 3009 1862 3063 operum
1894 2991 1961 3043 de
1997 2991 2172 3058 Lugo,
2199 2989 2351 3041 inse-

826 3070 1057 3123 rendam
1081 3068 1312 3130 curavit,
1327 3082 1561 3137 quaeque
1585 3065 1643 3118 in
1662 3068 1853 3117 nostro
1873 3068 2065 3116 octavo
2084 3067 2142 3115 et
2155 3060 2350 3113 ultimo

824 3147 976 3197 tomo
998 3139 1325 3193 invenietur.

899 3213 1035 3265 Cum
1061 3212 1181 3264 haec
1208 3227 1298 3263 res
1323 3209 1550 3262 maximi
1574 3208 1647 3261 sit
1671 3206 1954 3269 momenti,
1983 3211 2039 3259 et
2069 3205 2127 3258 in
2160 3221 2225 3257 eo
2256 3221 2352 3255 ve-

825 3284 910 3338 lut
944 3283 1169 3336 cardine
1201 3286 1379 3335 totum
1434 3280 1683 3332 volvatur
1715 3277 2040 3331 modernum
2074 3292 2351 3329 commer-

825 3357 992 3419 cium,
1007 3351 1628 3423 acriterposterioribus
1644 3349 1988 3418 temporibus
2004 3348 2349 3417 disputatum

825 3432 930 3491 est,
958 3424 1272 3496 praesertim
1297 3423 1354 3475 in
1382 3421 1578 3485 Gallia,
1607 3421 1732 3474 aliis
1766 3420 1975 3473 acriter
2006 3419 2348 3472 contenden-

825 3499 974 3552 tibus
995 3500 1122 3566 post
1154 3494 1439 3547 Benedicti
1470 3508 1582 3553 xv1,
1628 3492 1974 3560 aliorumque
2024 3488 2349 3560 pontificum

825 3567 1251 3622 constitutiones
1292 3570 1349 3618 et
1389 3580 1737 3616 communem
1785 3561 2178 3627 theologorum
2218 3576 2348 3612 sen-

822 3640 1075 3699 tentiam,
1107 3653 1340 3707 prorsus
1371 3635 1625 3688 illicitum
1652 3649 1773 3686 esse
1798 3632 2007 3702 aliquid
2033 3648 2205 3701 supra
2223 3647 2347 3683 sor-

822 3716 946 3765 tens
980 3710 1226 3777 exigere,
1264 3707 1477 3776 absque
1518 3705 1681 3758 titulo
1734 3704 1877 3756 lucri
1934 3703 2209 3755 cessantis
2263 3700 2349 3753 vel

821 3781 1010 3835 damni
1041 3778 1400 3847 emergentia,
1429 3781 1486 3829 et
1515 3776 1623 3829 nisi
1669 3774 1858 3829 taliter
1889 3779 2155 3843 percepta
2191 3773 2348 3825 lucra

821 3854 1270 3912 restituerentur,
1357 3847 1763 3900 absolutionem
1858 3844 2343 3908 sacramentalem,

820 3925 988 3977 etiam
1014 3924 1069 3975 in
1093 3920 1331 3975 articulo
1356 3919 1553 3972 mortis
1599 3916 2025 3984 denegantibus,

891 3994 1000 4047 Alii
1045 4011 1074 4045 e
1122 3996 1317 4045 contra
1354 4007 1463 4042 non
1516 3989 1716 4041 minori
1763 3992 1904 4040 aestu
1938 3986 2349 4039 contendebant

820 4071 1028 4119 statum
1053 4062 1336 4116 societatis
1360 4060 1645 4113 hodiernae
1676 4074 1910 4128 prorsus
1934 4057 2105 4109 alium
2135 4074 2255 4108 esse
2281 4073 2347 4108 ac

820 4142 945 4189 erat
972 4136 1103 4188 olim
1130 4152 1143 4185 ε
1174 4137 1493 4186 mutuantes
1514 4129 1879 4183 libentissime
1918 4128 2127 4197 aliquid
2175 4144 2347 4197 supra

820 4211 1030 4260 sortem
1078 4204 1289 4257 solvere
1311 4242 1324 4266 ,
1363 4208 1424 4255 ut
1465 4207 1737 4265 mutuum,
1784 4198 1931 4269 quod
1964 4204 2052 4251 est
2088 4198 2258 4251 cardo
2291 4202 2348 4251 et

821 4294 1021 4331 nervus
1045 4273 1384 4337 commercii,
1413 4273 1631 4326 facilius
1672 4270 1948 4333 evaderet,
1985 4286 2110 4321 cum
2146 4268 2347 4337 majori

819 4349 976 4402 lucro
1010 4345 1336 4400 mutuatarii
1369 4360 1535 4414 quam
1572 4342 1906 4405 mutuantis;
1948 4341 2194 4393 adversae
2223 4340 2345 4409 opi-

820 4420 1001 4473 nionis
1032 4423 1321 4489 patronos,
1358 4417 1569 4485 absque
1613 4412 1794 4467 solido
1829 4413 2108 4464 rationum
2143 4411 2345 4464 funda-

807 4496 1024 4554 'ment0,
1054 4494 1353 4556 utrumque
1386 4486 1543 4538 lucro
1591 4488 1888 4566 peroptato
1936 4483 2178 4552 privare.
2207 4483 2345 4535 titu-

816 4563 932 4616 lum
955 4559 1197 4628 legalem
1221 4574 1342 4610 esse
1376 4554 1738 4609 sufficientem
1764 4572 1820 4606 m
1846 4554 1967 4606 foro
1993 4553 2344 4607 conscientiae

858 4651 921 4687 ro
974 4636 1194 4692 mutu0,
1239 4629 1384 4681 sicut
1423 4644 1526 4697 pro
1571 4625 2015 4697 praescriptione,
2055 4624 2244 4677 multis
2291 4629 2347 4677 et

816 4651 1088 4758 fuctuosis
1142 4698 1499 4782 experientiis
1538 4698 1961 4767 comprobatum
2028 4696 2341 4765 pecuniam,

816 4779 1048 4848 propter
1105 4771 1416 4842 penculum
1474 4768 1756 4821 inhaerens
1811 4771 2004 4819 mutuo
2032 4807 2045 4829 ,
2115 4766 2346 4819 minoris

815 4864 938 4900 esse
983 4844 1150 4917 pretii
1196 4858 1229 4894 a
1272 4842 1343 4894 ud
1391 4840 1791 4893 mutuatarium
1826 4855 1993 4908 quam
2038 4838 2186 4908 apud
2221 4855 2346 4889 mu-

816 4922 1064 4973 tuantem
1081 4955 1095 4979 ,
1123 4918 1181 4967 et
1202 4930 1235 4966 a
1260 4913 1313 4965 ia
1336 4911 1658 4981 hujusmodi
1684 4909 1913 4963 cordato
1946 4908 2210 4977 theologo
2236 4925 2347 4961 non

816 4988 1147 5060 spernenda.
1201 4984 1343 5037 Hinc
1394 4983 1598 5035 mirum
1644 4982 1702 5034 in
1733 4980 1958 5033 modum
1991 4980 2261 5033 divexatae
2286 4977 2348 5031 fi-

815 5061 1021 5114 delium
1046 5055 1419 5111 conscientiae.

887 5130 1046 5184 Unde
1067 5127 1228 5181 multi
1248 5132 1305 5179 et
1328 5143 1437 5178 non
1462 5141 1573 5177 una
1589 5124 1706 5177 vic-e
1731 5122 2078 5192 scripserunt
2089 5122 2342 5186 Romam,

814 5203 884 5259 ad
909 5215 1184 5255 summum
1213 5196 1559 5257 Pontificem,
1583 5194 1653 5247 ad
1678 5194 2144 5262 congregationes
2169 5194 2224 5246 S.
2255 5193 2350 5246 Of-

814 5274 944 5335 ficii,
973 5276 1030 5325 et
1075 5270 1131 5323 S.
1161 5268 1622 5328 Poenitentiariae‚
1651 5264 1748 5317 sed
1784 5271 1846 5317 ut
1890 5264 2214 5334 plurimum,
2249 5268 2348 5319 aut

815 5344 1029 5398 nullum
1059 5341 1343 5394 habebant
1387 5353 1739 5408 responsum,
1775 5340 1874 5389 aut
1905 5335 2235 5405 simpliciter
2275 5336 2346 5388 ad

816 5413 1142 5487 praedictam
1198 5410 1486 5463 Benedicti
1535 5425 1644 5461 xiv.
1705 5407 2184 5471 constitutionem,
2246 5404 2348 5463 Vix

811 5483 1066 5558 pervenit,
1093 5489 1149 5537 et
1171 5482 1241 5536 ad
1266 5482 1531 5552 probatos
1557 5483 1815 5532 auctores
1840 5478 2285 5531 remittebantur.

1960 270 2060 329 DE
2102 267 2458 330 JUSTITIA
2502 267 2602 327 ET
2640 268 2840 329 JURF.

2467 449 2528 505 et
2554 447 2692 505 306.
2730 448 2791 504 et
2820 442 2996 504 Salas
3037 442 3143 502 ubi
3190 462 3382 522 supra
3429 444 3580 506 dub.
3615 463 3675 505 v.
3725 451 3783 507 et
3805 466 3946 530 seqq.

2467 537 2729 609 Quidam
2768 537 2932 596 enim
2967 535 3320 613 voluerunt,
3356 537 3517 598 adeo
3553 538 3736 616 longe
3766 540 3945 601 abesse

2465 630 2694 689 dehere
2724 629 2968 688 lucrum
2999 648 3035 687 a
3062 636 3304 706 mutue,
3338 634 3407 690 ut
3434 649 3635 709 neque
3669 632 3746 691 ad
3773 635 3948 693 amic-i·

2464 723 2614 783 tiam
2645 727 2706 782 ct
2732 721 2999 799 gratiam
3028 722 3390 783 mutuatarii
3424 722 3820 783 obtinendam
3845 745 3952 804 pos·

2464 816 2543 875 sit
2589 813 3015 892 principaliter
3056 819 3344 875 mutuum
3394 815 3695 875 ordinari.
3755 817 3860 875 Alii
3887 818 3953 877 di-

2464 912 2631 983 cunt,
2683 924 2864 985 posse
2895 906 3168 966 ordinari
3201 906 3281 965 ad
3324 907 3666 967 amicitiam
3713 910 3955 969 obtinen-

2465 999 2634 1073 dam,
2663 1016 2787 1057 non
2815 1002 3026 1058 tamen
3059 999 3137 1057 ad
3168 999 3412 1059 lucrum
3435 1000 3598 1078 quod
3623 1019 3699 1059 ex
3726 1002 3956 1062 amicitia

2464 1091 2719 1152 oriatur.
2780 1090 2898 1150 Alii
2928 1089 3137 1168 plures
3185 1091 3578 1170 distinguunt
3624 1093 3785 1152 inter
3808 1095 3958 1154 moti-

2461 1202 2611 1243 vum
2641 1183 3002 1261 principale,
3037 1188 3099 1243 et
3126 1184 3332 1243 minus
3363 1184 3728 1263 principale,
3760 1204 3878 1259 seu,
3904 1193 3956 1247 ut

2462 1275 2565 1336 alii
2594 1275 2828 1351 volunt,
2865 1274 3026 1335 inter
3045 1294 3300 1336 causam
3321 1275 3644 1353 motivam,
3682 1280 3744 1337 et
3769 1277 3958 1356 impul-

2462 1369 2693 1440 sivam;
2724 1375 2786 1429 et
2814 1367 3051 1443 dicunt,
3086 1386 3342 1428 usuram
3369 1386 3525 1444 esse,
3561 1369 3611 1428 si
3643 1368 3821 1429 detur
3843 1388 3954 1429 mu-

2460 1467 2639 1524 tuum
2669 1464 2923 1540 propter
2950 1479 3123 1539 spem
3152 1461 3307 1521 lucri
3340 1466 3407 1523 ut
3434 1462 3742 1522 motivum
3770 1463 3958 1541 princi·

2462 1555 2623 1634 pale,
2655 1572 2833 1614 secus
2859 1552 2909 1613 si
2940 1558 3011 1614 ut
3037 1554 3243 1614 minus
3273 1554 3643 1634 principale,
3678 1556 3840 1634 quod
3865 1556 3956 1616 ali-

2461 1649 2568 1728 qui
2597 1647 2928 1727 explicant‚
2976 1646 3214 1708 licitum
3245 1665 3379 1707 esse
3420 1647 3663 1707 moveri
3710 1667 3749 1708 a
3790 1648 3955 1725 lucre,

2460 1741 2546 1803 ita
2574 1745 2644 1801 ut
2670 1741 2801 1801 sine
2830 1739 2933 1800 illo
2965 1740 3151 1800 etiam
3179 1745 3469 1802 mutuum
3501 1740 3781 1818 daretur,
3811 1760 3958 1802 secus

2461 1852 2495 1894 e
2525 1838 2762 1895 contra.

2539 1926 2647 1986 His
2675 1925 2997 1987 sententiis
3028 1925 3292 2002 omissis„
3326 1926 3666 1986 dicendum
3688 1928 3751 1987 in
3776 1928 3961 2006 primis
4056 1939 4095 1994 38

2459 2025 2573 2097 est,
2607 2037 2732 2079 non
2755 2037 2887 2079 esse
2912 2037 3164 2079 usuram
3193 2037 3445 2097 sperare
3477 2024 3539 2080 et
3566 2019 3879 2081 intendere
3903 2039 3961 2081 ex
3997 2064 4062 2105 „m

2459 2118 2675 2173 mutuo
2705 2111 2970 2189 gratiam
2992 2117 3053 2173 et
3071 2111 3577 2174 benevolentiam
3604 2113 3957 2188 mutuatarii,
4031 2119 4090 2157 θ’

2460 2224 2650 2284 quam
2679 2205 2837 2265 sicut-
2866 2205 3001 2265 aliis
3047 2205 3368 2265 beneficiis
3399 2210 3460 2265 et
3506 2205 3842 2285 obsequiis,
3894 2206 3962 2267 ita

2459 2298 2645 2359 etiam
2676 2303 2892 2358 mutuo
2922 2297 3246 2357 intendere
3268 2316 3623 2375 possumuS,
3659 2298 3960 2378 etquidem

2458 2391 2694 2468 absque
2725 2395 2982 2468 peccato
3033 2390 3217 2449 ctiam
3265 2390 3409 2466 levi,
3464 2390 3718 2469 quando
3750 2391 3960 2470 ‘aliquis

2458 2483 2755 2545 honestus
2783 2481 2923 2543 finis
2953 2486 3046 2544 est
3073 2483 3261 2543 talem
3291 2482 3799 2543 benevolentiam
3828 2484 3961 2544 desi-

2523 2785 2769 2838 Tandem
2788 2785 2970 2852 magis
2991 2783 3252 2854 explicita
3309 2784 3529 2836 rodiere
3555 2800 3841 2855 responsa,
3853 2801 3958 2856 quae

2453 2857 2586 2909 licet
2608 2874 2717 2908 non
2742 2856 2855 2909 sint
2891 2871 3215 2925 supremum
3291 2855 3508 2907 eclesiae
3528 2856 3828 2923 judicium,
3855 2856 3958 2907 suf·

2449 2926 2642 2980 ficiunt
2663 2927 2730 2979 ad
2760 2926 3124 2994 regulandam
3148 2926 3366 2995 praxim
3413 2931 3534 2979 tum
3571 2927 3955 2987 confessorum,

2450 3003 2566 3051 tum
2591 2997 2834 3050 fidelium
2859 2998 2916 3050 in
2939 2996 3045 3050 hac
3069 2997 3322 3049 materia.

2529 3068 2794 3122 I.Mulier
2855 3069 3069 3121 uaedam
3106 3068 3494 3135 Lugdunensis
3529 3084 3633 3120 sua
3667 3075 3857 3122 mutuo
3877 3069 3958 3120 de-

2454 3140 2615 3194 derat
2644 3141 2829 3210 capita
2852 3140 2924 3203 ‘a,
2952 3156 3021 3192 ex
3052 3139 3242 3209 eisque
3261 3181 3274 3203 ,
3332 3140 3546 3209 absque
3587 3140 3754 3194 titulo
3797 3139 3960 3192 damni

2453 3213 2811 3279 emergentis,
2839 3216 2937 3264 aut
2974 3211 3118 3263 lucri
3150 3211 3421 3263 cessantis
3453 3216 3553 3263 aut
3584 3212 3695 3264 alio
3733 3212 3960 3280 ejusdem

2453 3283 2674 3352 generis
2698 3283 2880 3345 titulo,
2907 3282 3165 3334 interisse
3190 3299 3224 3334 a
3247 3282 3372 3349 lege
3399 3281 3546 3333 civili
3570 3289 3823 3336 taxatum
3848 3298 3960 3352 per-

2450 3359 2694 3424 ceperat.
2724 3353 2745 3406 1
2789 3354 2904 3406 sius
2935 3352 3180 3405 director
3210 3352 3617 3405 absolutionem
3663 3369 3960 3406 sacramen·

2449 3427 2619 3479 talem
2655 3425 2706 3477 ei
2778 3424 3052 3492 enegavit,
3080 3423 3255 3476 donec
3289 3423 3509 3476 fructus
3557 3424 3637 3476 sie
3684 3438 3961 3495 perceptos

2451 3497 2791 3560 restitueret,
2819 3502 2876 3548 et
2898 3513 2932 3548 a
2956 3495 3161 3548 talibus
3194 3494 3250 3546 in
3283 3501 3573 3564 posterum
3608 3495 3960 3565 percipiendis

2449 3568 2773 3620 abstineret.
2826 3566 2905 3619 Rc
2938 3566 3008 3618 ad
3054 3565 3369 3618 eminentie.
3398 3565 3743 3617 cardinalem
3778 3564 3960 3619 Galetti

2449 3637 2653 3701 delata,
2681 3639 2799 3707 ipse
2825 3654 2858 3689 a
2882 3653 3076 3704 congr.
3105 3636 3160 3688 S.
3191 3634 3371 3688 Officii
3421 3637 3697 3705 quaesivit,
3728 3654 3798 3690 an
3831 3638 3960 3688 dicta

2449 3709 2651 3761 mulier
2682 3709 2750 3762 ad
2798 3708 3209 3761 restitutionem
3256 3712 3648 3776 perceptorum
3697 3708 3959 3760 fructuum

2448 3784 2597 3833 esset
2642 3780 2909 3846 obligata,
2937 3796 3009 3831 an
3055 3778 3326 3830 duntaxat
3349 3782 3477 3847 post
3521 3794 3649 3829 uam
3676 3780 3802 3846 ejus
3832 3780 3959 3831 bona

2448 3849 2585 3902 fides
2608 3850 2870 3902 desierat.
2898 3850 3071 3903 Sacra
3089 3848 3455 3916 congregatio
3479 3795 3727 3902 decrevit
3749 3850 3837 3901 die
3860 3856 3959 3901 ter-

2448 3922 2526 3974 tio
2551 3921 2580 3973 J
2587 3921 2686 3974 ulii
2717 3920 2869 3982 1822,
2899 3920 3045 3990 quod
3071 3935 3339 3989 responsa
3370 3918 3441 3971 ad
3466 3934 3631 3971 casus
3662 3921 3960 4001 propositos

2447 3998 2696 4061 tempore
2744 3998 3075 4073 opportunO,
3127 3990 3356 4043 oratrici
3422 3989 3712 4055 darentur,
3767 4000 3961 4044 interea

2448 4080 2571 4115 eam
2596 4062 2945 4115 restitutione
2992 4078 3103 4114 non
3147 4066 3396 4131 peracta,
3436 4077 3468 4113 a
3507 4062 3849 4115 confessario
3872 4063 3961 4113 ab·

2445 4134 2582 4258 gglvi
2607 4150 2790 4203 posse,
2817 4131 3088 4188 dummodo
3117 4148 3230 4185 vore
3262 4140 3462 4203 parata
3501 4138 3632 4186 esset
3654 4138 3799 4187 stare
3827 4147 3961 4186 mau-

2516 4204 2600 4258 tis.

2517 4276 2824 4345 Episcopus
2858 4274 3242 4328 Rhedonensis
3274 4290 3420 4327 anno
3459 4273 3596 4329 1830
3636 4275 3818 4327 eidem
3850 4292 3960 4327 con-

2449 4345 2766 4415 gregationi
2811 4346 3088 4416 exposuit.
3119 4346 3241 4398 Non
3274 4345 3525 4398 eamdem
3552 4363 3673 4398 esse
3699 4346 3963 4398 confessa-

2447 4418 2657 4470 riorum
2682 4433 2797 4469 suae
2822 4417 3079 4470 dioecesis
3097 4416 3428 4469 sententiam
3450 4417 3517 4469 de
3536 4417 3691 4469 lucro
3709 4424 3960 4487 percepto

2447 4506 2515 4541 ex
2537 4488 2775 4558 pecunia
2797 4488 3242 4556 negotiatoribus
3287 4493 3482 4540 mutuo
3528 4487 3687 4540 data:
3714 4488 3784 4539 de
3810 4504 3959 4539 sensu

2447 4559 2696 4629 epistolae
2729 4556 2827 4612 Vix
2846 4558 3083 4630 pervenit
3107 4559 3314 4611 acriter
3345 4558 3642 4629 disputari.
3667 4559 3799 4611 Inde
3823 4559 3962 4611 nasci

2448 4630 2724 4700 querelas,
2740 4630 3163 4698 denegationem
3189 4635 3668 4683 sacramentorum
3731 4630 3960 4700 lerisque

2447 4702 2894 4767 negotiatoribus
2937 4702 3045 4755 isto
3093 4701 3399 4753 ditescendi
3435 4702 3597 4753 modo
3631 4701 3698 4753 ad
3745 4702 3962 4753 aeremi-

2448 4774 2551 4824 bus
2589 4788 2601 4822 :
2655 4771 2949 4825 nonnullos
3000 4771 3371 4825 confessarios
3419 4772 3781 4842 poenitentes,
3836 4788 3963 4843 quos

2447 4842 2658 4896 frustra
2681 4844 2750 4895 ab
2776 4843 2882 4896 hoc
2906 4843 3062 4896 lucro
3087 4843 3365 4895 dimovere
3391 4848 3757 4906 tentaverant,
3786 4844 3961 4897 absol-

2446 4931 2572 4966 vere
2591 4954 2604 4975 ,
2632 4914 2930 4967 dummodo
2955 4914 3068 4967 sint
3090 4915 3272 4984 parati
3283 4914 3351 4966 ad
3366 4914 3860 4985 obtemperandum
3878 4918 3963 4983 ju-

2447 4984 2592 5037 dicio
2616 4983 2817 5042 summi
2845 4983 3148 5047 pontificis,
3178 4986 3224 5037 si
3260 4985 3633 5039 intercederet
3659 5004 3671 5036 ε
3706 4985 3851 5039 alios
3873 4988 3964 5038 ab·

2448 5056 2660 5108 solvere
2706 5057 3041 5126 poenitentes
3085 5057 3142 5108 in
3189 5057 3333 5109 bona
3377 5055 3486 5109 fide
3534 5057 3776 5110 relictos.
3813 5059 3862 5109 si
3903 5056 3960 5107 de

2447 5127 2824 5180 admonitione
2871 5127 3085 5180 nullum
3131 5133 3426 5198 sperarent
3469 5128 3752 5182 fructum:
3806 5128 3962 5182 Petiit

2448 5198 2636 5268 itaque
2667 5197 2719 5250 1⁰
2744 5204 2931 5252 utrum
2976 5198 3177 5251 horum
3200 5200 3575 5268 posteriorum
3599 5197 3962 5253 confessario-

2449 5285 2572 5321 rum
2598 5270 2836 5339 probare
2860 5275 3051 5341 posset
3074 5269 3277 5338 agendi
3303 5271 3575 5323 rationem
3605 5289 3617 5322 ε
3668 5270 3743 5324 11⁰
3772 5272 3959 5324 Utrum

2448 5340 2587 5392 alios
2611 5340 2908 5408 rigidiores
2932 5339 3148 5393 hortari
3195 5346 3385 5411 posset
3407 5342 3478 5394 ad
3513 5343 3742 5398 istorum
3767 5342 3963 5412 agendi

2450 5411 2721 5464 rationem
2767 5411 3127 5482 sequendam,
3156 5413 3331 5465 donec
3379 5412 3434 5465 S.
3473 5414 3641 5467 Sedes
3671 5417 3739 5470 de
3789 5432 3858 5469 ea
3909 5428 3962 5466 re

2444 5482 2716 5551 judicium
2742 5483 3061 5554 protulerit..
