4263 6376
790 374 908 435 508

794 566 937 610 cum
993 565 1117 608 non
1172 547 1367 627 possit
1404 546 1538 626 jam
1595 548 1860 627 cauponi
1915 548 2096 608 reddi
2144 566 2326 608 coena

796 660 985 721 quam
1014 640 1315 717 vendidit,
1351 658 1464 702 nec
1494 641 1722 702 debeat
1762 640 1818 701 ei
1865 641 2135 719 pretium
2164 641 2326 700 solu-

792 741 924 796 tum
960 734 1198 795 restitui
1234 752 1248 798 :
1282 734 1402 795 hoc
1432 734 1598 794 enim
1629 752 1754 794 non
1777 738 1940 795 esset
1966 734 2326 794 rescindere

795 830 1209 903 contractum,
1244 827 1353 887 sed
1384 827 1535 887 dare
1566 826 1621 886 ei
1652 845 1899 887 coenam
1926 827 2141 906 gratis,
2196 828 2326 887 Hoc

798 924 1008 980 autem
1037 920 1226 981 modo
1256 939 1321 980 se
1352 920 1543 982 habet
1587 920 1789 997 ludus,
1823 920 1884 981 in
1911 938 2032 1000 quo
2062 924 2326 1000 uterque

795 1012 1015 1072 ludens
1045 1012 1153 1073 dat
1180 1012 1361 1074 alteri
1382 1031 1555 1092 spem
1579 1017 1640 1073 et
1659 1013 2017 1074 facultatem
2044 1013 2328 1073 lucrandi

797 1123 908 1184 pro
941 1124 1049 1185 spe
1079 1104 1263 1165 simili
1307 1109 1370 1166 et
1399 1106 1696 1166 facultate
1726 1124 1913 1185 quam
1946 1105 2025 1165 ab
2055 1123 2127 1167 eo
2161 1105 2325 1166 acci-

797 1198 937 1275 pit:
996 1197 1133 1258 haee
1187 1201 1400 1258 autem
1430 1217 1572 1277 spes
1619 1203 1682 1259 et
1726 1198 1989 1259 facultas
2015 1198 2323 1274 lucrandi,

798 1309 988 1370 quam
1019 1295 1257 1352 tractus
1305 1291 1527 1354 habuit
1554 1296 1617 1353 et
1643 1292 2026 1370 acceptavit,
2068 1276 2331 1372 non’po-

796 1385 920 1444 test
948 1383 1190 1444 restitui
1224 1384 1532 1460 trahenti,
1581 1402 1722 1444 cum
1752 1388 1962 1445 tamen
1993 1389 2158 1446 esset
2184 1404 2329 1465 pre-

797 1474 882 1537 tio
915 1476 1298 1536 aestimabilis
1318 1524 1332 1553 ,
1370 1482 1431 1539 et
1461 1477 1713 1556 quidem
1753 1477 1943 1556 digna
1971 1481 2100 1539 toto
2129 1479 2328 1556 pretio

800 1568 946 1631 dato
980 1614 996 1646 ,
1068 1570 1479 1649 supponimus
1536 1571 1742 1647 enim,
1776 1570 2081 1650 aequalem
2144 1571 2330 1631 tuisse

802 1662 1123 1742 utriusque
1155 1663 1580 1723 conditionem
1615 1668 1676 1722 et
1704 1681 1879 1742 spem
1907 1683 1921 1736 ;
1973 1683 2097 1724 non
2128 1668 2334 1742 potest

801 1773 951 1834 ergo
981 1759 1195 1834 postea
1254 1755 1529 1815 rescindi
1573 1759 1930 1816 contractus
1974 1756 2097 1818 ille.
2161 1757 2333 1818 Sicut

801 1865 917 1907 nec
947 1852 1157 1926 posset
1199 1848 1470 1909 rescindi
1513 1852 1869 1908 contractus
1912 1867 2034 1927 quo
2075 1848 2332 1910 domum

801 1958 912 2019 pro
962 1938 1133 2020 justa
1182 1941 1482 2020 pensione
1537 1941 1886 2001 conduxisti
1937 1942 2015 2001 ad
2071 1961 2329 2019 annum,

804 2036 1134 2113 postquam
1156 2038 1285 2095 toto
1318 2052 1481 2095 anno
1513 2034 1573 2093 in
1606 2052 1680 2094 ea
1707 2033 2020 2111 habitasti,
2054 2054 2170 2095 nec
2191 2054 2333 2096 con-

805 2129 1037 2187 tractus
1091 2145 1213 2205 quo
1255 2126 1491 2206 jactum
1522 2126 1671 2188 retis
1704 2126 1947 2202 emisti,
2001 2132 2334 2208 postquam

805 2221 936 2279 rete
986 2218 1118 2279 sine
1166 2219 1445 2298 piscibus
1476 2224 1824 2281 extractum
1878 2225 2007 2295 est,
2067 2238 2182 2281 nec
2231 2221 2338 2281 alii

804 2310 1036 2371 similes
1056 2311 1118 2371 in
1141 2312 1366 2391 quibus
1379 2314 1511 2392 jam
1533 2312 1805 2373 habuisti
1823 2331 1955 2373 rem
1975 2313 2336 2374 immediate

806 2403 1134 2466 intentam.

886 2497 1387 2558 Fundamentum
1412 2516 1559 2578 ergo
1582 2498 1768 2576 hujus
1790 2499 2186 2577 obligationis
2211 2518 2337 2559 res·

806 2590 1072 2651 tituendi
1101 2590 1348 2651 lucrum
1397 2609 1522 2651 non
1571 2591 1759 2652 debet
1804 2591 2006 2671 accipi
2056 2612 2129 2652 ex
2170 2592 2334 2673 jure,

806 2683 974 2761 quod
1004 2687 1208 2743 metus
1237 2683 1502 2762 injustus
1534 2684 1631 2744 vel
1655 2683 1949 2745 violentia
1970 2684 2078 2745 dat
2103 2685 2184 2744 ad
2216 2703 2340 2744 res-

809 2775 1188 2836 cindendum
1221 2779 1614 2837 contractum
1634 2823 1649 2853 ,
1698 2777 1807 2837 sed
1839 2796 1915 2837 ex
1946 2777 2069 2838 alia
2098 2778 2335 2854 radice,

807 2887 1031 2947 nempe
1063 2887 1137 2927 ex
1166 2868 1546 2947 obligatione
1568 2887 1758 2948 quam
1779 2869 2003 2948 injusta
2030 2870 2201 2931 laesio
2231 2888 2341 2930 seu

808 2960 1035 3040 injuria
1082 2980 1297 3022 secum
1345 2962 1529 3023 affert
1556 2961 1936 3022 resarciendi
1982 2966 2183 3024 totum
2227 2963 2339 3023 da-

807 3073 1023 3114 mnum
1054 3074 1128 3114 ex
1156 3055 1387 3134 injuria
1416 3055 1847 3116 subsecutum.
1880 3058 2058 3132 Nam,
2095 3060 2164 3117 ut
2191 3056 2343 3116 vidi-

806 3167 966 3224 muS,
1001 3150 1260 3227 agentes
1297 3148 1374 3209 de
1405 3147 1617 3209 radice
1647 3148 2092 3226 restitutionis,
2141 3150 2343 3210 omnis

807 3240 1040 3321 injusta
1084 3241 1255 3302 laesio
1306 3244 1488 3302 affert
1538 3241 1701 3302 hanc
1730 3243 2176 3322 obligationem
2204 3243 2344 3303 uni-

807 3335 1118 3395 versalem
1147 3335 1453 3395 reddendi
1486 3334 1846 3395 indemnem
1879 3355 2023 3396 eum
2046 3383 2061 3412 ,
2113 3337 2211 3397 cui
2256 3337 2347 3396 in-

800 3427 1038 3507 juriam
1067 3427 1326 3489 intulisti
1383 3432 1446 3489 et
1488 3429 1871 3489 resarciendi
1918 3434 2117 3490 totum
2168 3430 2347 3489 (lam-

811 3539 960 3580 num
999 3521 1166 3600 quod
1216 3522 1545 3582 occasione
1592 3523 1734 3583 talis
1763 3523 2006 3601 injuriae
2039 3524 2095 3583 ei
2126 3524 2345 3584 subse-

808 3619 1023 3674 cutum
1066 3617 1161 3674 est
1205 3612 1267 3673 in
1313 3613 1478 3674 omni
1527 3633 1781 3690 genere.
1841 3616 2018 3677 Unde
2074 3615 2126 3675 si
2172 3621 2345 3677 metu

806 3707 983 3786 gravi
1015 3705 1244 3786 injuste
1276 3706 1536 3785 coegisti
1561 3710 1812 3769 Petrum
1835 3707 1913 3767 ad
1944 3708 2346 3768 vendendum

808 3818 1072 3881 equum,
1108 3798 1349 3860 etiamsi
1382 3800 1650 3878 pretium
1676 3801 1916 3878 justum
1954 3800 2248 3877 solveris,
2294 3801 2344 3861 si

807 3897 1016 3953 tamen
1046 3894 1263 3953 Petrus
1286 3911 1426 3951 eam
1457 3893 1536 3952 ob
1559 3910 1812 3952 eausam
1836 3898 2089 3954 coactus
2118 3898 2212 3954 est
2238 3913 2346 3973 po-

807 3989 939 4045 stea
968 4004 1175 4044 emere
1206 3985 1398 4045 alium
1431 4004 1659 4064 equum
1695 3985 1921 4046 cariori
1951 3986 2148 4064 pretio
2175 4033 2189 4063 ,
2238 3987 2347 4046 de-

809 4078 919 4137 bes
949 4077 1069 4138 hoc
1100 4077 1400 4138 damnum
1423 4079 1481 4138 ei
1509 4080 1813 4139 resarcire
1837 4079 2004 4158 quod
2029 4082 2138 4140 tua
2154 4097 2346 4139 eausa

811 4190 1031 4251 passus
1060 4174 1154 4232 est
1185 4191 1198 4231 ε
1235 4190 1358 4232 non
1382 4172 1638 4250 quidem
1663 4171 2080 4232 rescindendo
2104 4177 2346 4234 contra-

811 4268 1005 4339 ctum,
1040 4263 1143 4342 qui
1170 4311 1185 4341 ,
1222 4268 1466 4324 mortuo
1490 4263 1623 4344 jam
1656 4265 1919 4324 fortasse
1952 4282 2112 4343 equo
2139 4311 2154 4341 ,
2215 4283 2346 4324 res-

810 4357 979 4417 cindi
1009 4375 1132 4416 non
1164 4363 1406 4436 potest,
1467 4358 1577 4417 sed
1607 4358 1928 4417 reddendo
1978 4376 2124 4417 eum
2174 4357 2348 4417 inde-

809 4468 1021 4509 mnem
1050 4468 1089 4510 a
1117 4449 1348 4509 damno
1399 4450 1566 4529 quod
1616 4469 1689 4509 ex
1724 4455 1830 4511 tua
1875 4450 2104 4530 injuria
2133 4450 2350 4510 subse-

810 4548 1025 4605 cutum
1056 4542 1113 4602 ei
1143 4549 1257 4604 est.
1311 4544 1463 4604 Cum
1509 4561 1658 4621 ergo
1690 4543 1948 4604 trahens
1978 4562 2090 4623 per
2119 4542 2350 4603 violen-

811 4636 963 4696 tiam
995 4634 1293 4715 injustam
1324 4635 1515 4695 alium
1546 4645 1627 4696 ad
1656 4636 1874 4696 ludum
1907 4637 2135 4696 inferat
2164 4637 2218 4695 ei
2250 4637 2346 4695 in-

802 4728 1038 4809 juriam
1089 4728 1151 4787 in
1184 4728 1456 4790 violenta
1505 4732 1694 4807 atque
1742 4729 1971 4809 injusta
2020 4731 2345 4804 tractione,

809 4842 956 4883 reus
1006 4823 1077 4883 fit
1104 4821 1294 4883 totius
1325 4822 1540 4881 damni
1585 4823 1754 4901 quod
1802 4843 1877 4882 ex
1922 4823 2220 4883 violentia
2263 4823 2349 4882 illi

811 4914 1251 4995 subsequitur,
1304 4918 1367 4976 et
1412 4914 1601 4975 debet
1630 4934 1772 4975 eum
1805 4916 2067 4976 reddere
2098 4916 2351 4977 omnino

813 5009 1172 5069 indemnem
1196 5056 1210 5085 ,
1246 5008 1630 5088 obligatione
1663 5010 1957 5069 nimirum
1987 5015 2126 5071 orta
2157 5029 2229 5070 ex
2260 5009 2355 5069 in-

811 5103 985 5184 justa
1011 5102 1287 5163 laesione.

892 5199 1039 5257 Haec
1070 5200 1163 5257 est
1190 5196 1348 5257 ratio
1380 5215 1420 5257 a
1463 5196 1658 5275 priori
1700 5195 1886 5275 hujus
1930 5194 2350 5274 obligationiS,

812 5291 913 5352 cui
959 5289 1268 5351 accedunt
1324 5294 1698 5368 argumenta
1745 5289 1869 5350 alia
1919 5288 1999 5348 ab
2056 5288 2357 5369 exemplis

813 5403 952 5464 quae
983 5385 1164 5445 affert
1193 5384 1465 5445 LessiuS.
1516 5384 1746 5460 Primo,
1783 5384 1930 5463 quia
1973 5382 2021 5442 si
2078 5385 2138 5443 te
2186 5388 2359 5443 metu

815 5477 1049 5557 injusto
1079 5496 1303 5555 cogam
1324 5477 1541 5537 ludere
1572 5496 1715 5538 cum
1744 5477 1948 5548 tertie,
1986 5476 2246 5537 tenebor
2275 5476 2356 5536 ad

815 5569 1287 5632 resarciendum
1317 5570 1641 5647 damnum,
1697 5570 1863 5650 quod
1917 5569 2029 5631 tibi
2086 5588 2159 5629 ex
2208 5569 2355 5630 ludo

1963 372 2063 431 DE
2104 369 2459 433 JUS'rlTlA
2505 370 2604 430 ΕΤ
2646 370 2846 431 JURE

2424 546 2750 625 proveniet
2770 565 2785 619 ;
2807 564 2954 624 ergo
2978 563 3155 625 mque
3176 543 3652 620 tenebituripse
3677 541 3961 614 collusor,

2426 639 2476 700 si
2507 639 2639 717 ipse
2671 643 2892 718 cogat3
2927 638 3155 719 injuria
3183 639 3352 699 enim
3389 637 3725 715 utriusque
3766 652 3967 713 aeqna-

2425 732 2500 792 lis
2529 736 2642 792 est.
2705 732 3018 808 Secundo,
3053 731 3202 811 quia
3230 732 3282 792 si
3337 735 3400 791 te
3458 729 3695 808 injuste
3749 745 3967 805 cog-am

2425 843 2673 885 mecum
2703 824 2858 884 inire
2887 825 3272 901 societatem,
3323 822 3592 884 tenebor
3637 820 3725 880 ad
3769 838 3970 879 resar-

2428 919 2721 980 ciendum
2770 918 2884 979 tibi
2940 918 3265 993 damnum,
3327 916 3380 976 si
3438 914 3617 975 navis
3668 913 3968 973 mercium

2427 1016 2663 1090 pereat,
2701 1010 2880 1091 cujus
2909 1011 3120 1072 damni
3151 1010 3382 1091 injuste
3422 1026 3615 1068 causa
3673 1006 3786 1067 tibi
3839 1006 3968 1065 fui:

2428 1123 2578 1184 ergo
2609 1105 2776 1165 idem
2809 1105 2925 1167 erit
2978 1105 3030 1165 si
3059 1122 3284 1183 cogam
3337 1108 3399 1165 te
3443 1101 3678 1181 injuste
3720 1099 3805 1159 ad
3847 1117 3970 1158 me-

2426 1215 2570 1258 cum
2595 1198 2965 1259 ludendum.
2999 1198 3228 1273 Terti0,
3273 1197 3422 1275 quia
3463 1195 3515 1255 si
3558 1197 3823 1254 coactus
3853 1211 3966 1252 non

2430 1291 2691 1352 haberet
2719 1292 2997 1350 animum
3027 1290 3334 1367 lucrandi,
3354 1289 3627 1349 collusor
3653 1291 3968 1348 teneretur

2427 1384 2754 1444 restituere
2783 1385 3028 1444 lucrum
3061 1400 3073 1440 :
3118 1382 3364 1442 animus
3398 1386 3608 1442 autem
3653 1379 3963 1450 lucrandi,

2428 1476 2751 1555 supposita
2773 1476 3098 1537 coactione
3128 1474 3380 1554 injusta,
3430 1492 3552 1534 non
3596 1472 3829 1533 adimit
3871 1473 3966 1549 jus

2432 1569 2510 1628 ad
2540 1569 2998 1631 restitutionem
3040 1586 3152 1647 pro
3184 1567 3413 1627 damno
3457 1569 3682 1626 contra
3727 1570 3968 1625 coac-to·

2431 1680 2586 1722 rem.

2509 1754 2690 1816 Unde
2713 1753 2846 1832 jam
2888 1757 3134 1814 constat
3184 1753 3409 1814 solutio
3455 1752 3540 1813 ad
3582 1752 3964 1831 praecipuum

2430 1849 2679 1910 Molinae
2706 1847 3207 1919 fundamentum,
3245 1846 3414 1926 quod
3443 1846 3686 1906 scilicet
3715 1844 3966 1924 praecise

2432 1959 2544 2020 pro
2574 1940 2825 2020 injuria,
2859 1944 3047 2019 prout
3084 1940 3502 2001 condistincta
3529 1957 3566 1998 a
3594 1938 3858 2012 damno,
3886 1937 3969 1996 ni—

2433 2035 2517 2094 hil
2550 2033 2777 2094 debeat
2799 2034 3062 2109 restitui,
3095 2033 3207 2094 sed
3238 2033 3442 2093 solum
3483 2031 3540 2092 ei
3594 2049 3963 2109 correspon-

2435 2127 2580 2188 deat
2607 2145 2798 2206 poena
2826 2145 2859 2185 a
2882 2125 3097 2206 judice
3127 2124 3790 2205 infligenda.Dicimus
3816 2125 3968 2183 enim

2434 2219 2880 2298 obligationem
2912 2218 3072 2280 hanc
3112 2239 3235 2280 non
3267 2238 3401 2279 esse
3458 2217 3833 2278 restituendi
3868 2235 3967 2295 pro

2435 2312 2682 2393 injuria,
2708 2312 2819 2372 sed
2848 2330 2960 2390 pro
2990 2313 3222 2373 damno
3245 2314 3458 2371 secuto
3488 2328 3565 2370 ex
3586 2309 3818 2388 injuria
3850 2331 3864 2368 :
3895 2309 3961 2369 ad

2436 2406 2607 2485 quod
2637 2423 2862 2484 parum
2891 2404 3104 2481 refert,
3139 2404 3306 2484 quod
3352 2406 3719 2464 contractus
3762 2421 3965 2462 secun-

2439 2500 2588 2559 dum
2644 2517 2709 2557 se
2767 2498 2955 2558 fuerit
3007 2497 3217 2577 justus
3274 2500 3335 2558 et
3392 2496 3698 2575 aequalis:
3759 2497 3970 2556 suffieit

2439 2591 2604 2652 enim
2635 2591 2803 2670 quod
2833 2590 3068 2651 oriatur
3095 2611 3170 2650 ex
3197 2589 3449 2670 injuria,
3475 2594 3539 2650 et-
3565 2589 3778 2668 reipsa
3805 2590 3968 2648 dam-

2439 2703 2588 2744 num
2619 2684 2898 2744 attulerit
2926 2688 3167 2744 coact0.

2520 2775 2809 2837 Secundo
2841 2776 3068 2854 arguit,
3102 2775 3564 2855 quiacoaetuS,
3601 2776 3650 2834 si
3674 2775 3958 2848 lucretur,

2439 2875 2644 2951 potest
2661 2870 2901 2929 lucrum
2932 2869 3087 2929 illud
3115 2869 3420 2930 retinere:
3455 2873 3963 2946 ergocontractus

2443 2981 2563 3022 non
2598 2962 2713 3022 fuit
2742 2962 2965 3023 nullus,
3004 2962 3361 3041 Respondet
3407 2966 3802 3022 contractum
3845 2961 3963 3040 qui·

2443 3055 2584 3115 dem
2617 3056 2804 3115 fuisse
2833 3055 3110 3114 validum
3143 3075 3157 3113 :
3195 3055 3339 3133 quia
3370 3059 3577 3115 metus
3605 3055 3794 3116 etiam
3823 3054 3966 3133 inju-

2441 3153 2572 3211 stus
2602 3167 2726 3209 non
2757 3147 2960 3210 irritat
2988 3148 3066 3208 de
3090 3147 3231 3228 jure
3275 3152 3517 3210 naturae
3565 3151 3962 3219 contractum,

2444 3262 2586 3304 cum
2617 3242 2824 3302 adhuc
2851 3247 3106 3302 maneat
3146 3241 3574 3303 voluntarium
3628 3241 3966 3321 simpliciter

2442 3335 2757 3396 sufficiens
2786 3335 2866 3394 ad
2896 3335 3030 3414 ejus
3052 3335 3351 3396 valorem.
3387 3336 3480 3395 Ex
3519 3335 3736 3394 valore
3779 3339 3965 3393 autem

2443 3433 2802 3490 contractus
2832 3428 3135 3508 sequitur,
3171 3427 3340 3506 quod
3387 3427 3591 3505 possit
3641 3446 3776 3487 esse.
3817 3427 3968 3487 utilis

2444 3526 2682 3599 coacto,
2710 3524 2772 3581 et
2801 3540 2921 3582 non
2954 3522 3235 3600 cogenti:
3271 3519 3421 3599 quia
3460 3522 3708 3580 ratione
3750 3519 3969 3599 injuriae

2444 3615 2705 3693 suscipit
2755 3615 2819 3674 in
2865 3633 2930 3673 se
2979 3633 3137 3674 onus
3191 3612 3506 3673 reddendi
3566 3618 3851 3675 coactum
3889 3613 3965 3670 in-

2446 3707 2739 3767 demnem
2771 3707 2850 3766 ab
2878 3707 3049 3766 omni
3070 3707 3323 3768 damn0.

2524 3800 2734 3861 Tertio
2766 3805 2977 3861 tamen
3008 3802 3236 3878 arguit,
3271 3799 3420 3879 quia
3452 3802 3814 3861 contractus
3853 3796 3964 3856 ludi

2446 3893 2636 3954 debet
2682 3912 2816 3953 esse
2861 3893 3156 3972 aequalis;
3201 3911 3351 3971 ergo
3405 3893 3455 3952 si
3489 3896 3748 3953 coactus
3792 3896 3967 3970 potest

2443 3986 2697 4062 lucrari,
2729 3982 2959 4064 poterit
3006 3985 3196 4045 etiam
3235 4003 3492 4064 cogens.
3530 3983 3964 4063 Respondetur.

2446 4099 2521 4140 ex
2549 4079 2610 4140 vi
2630 4083 2992 4139 contractus
3021 4082 3357 4157 utrumque
3391 4096 3527 4138 esse
3571 4077 3892 4157 aequalem.
3920 4082 3966 4133 ε’.

2446 4173 2588 4233 ideo
2619 4176 2950 4251 cogentem
2972 4171 3160 4231 etiam
3190 4189 3375 4249 posse
3403 4172 3663 4246 lucrari,
3699 4175 3757 4231 et
3787 4167 3967 4247 acqui-

2445 4284 2584 4326 rere
2615 4265 2962 4324 dominium
2998 4264 3155 4324 lucri
3191 4285 3203 4324 :
3254 4263 3512 4323 aliunde
3545 4271 3761 4325 tamen
3791 4266 3962 4321 manet

2449 4359 2503 4418 ei
2528 4357 2850 4435 obligatio,
2886 4377 3008 4417 non
3033 4375 3107 4416 ex
3137 4361 3490 4432 contractu,
3517 4357 3630 4417 sed
3654 4356 3965 4416 extrinseca

2449 4472 2520 4511 ex
2569 4450 2818 4529 injuria,
2881 4450 3122 4511 ratione
3179 4450 3358 4530 cujus
3426 4449 3621 4509 debet
3703 4446 3965 4508 resarcire

2448 4545 2749 4605 damnum
2779 4549 3016 4603 coacto.
3055 4544 3230 4603 Sicut
3275 4543 3323 4601 si
3375 4546 3524 4603 ante
3576 4541 3797 4601 ludum
3846 4544 3962 4597 vnto

2447 4643 2508 4699 te
2540 4637 2881 4715 obligasses
2911 4637 2987 4696 ad
3014 4636 3410 4695 reddendum
3442 4636 3718 4709 lucrum,
3741 4634 3964 4692 deheres

2451 4730 2703 4810 quidem
2737 4729 2885 4788 illud
2920 4729 3204 4803 reddere,
3239 4748 3366 4788 non
3399 4748 3478 4787 ex
3521 4732 3841 4788 contractu
3880 4723 3961 4783 sed

2452 4843 2523 4884 ex
2554 4827 2723 4883 vote.
2757 4824 2911 4884 Item
2935 4821 2984 4882 si
3016 4822 3312 4883 societate
3345 4822 3524 4897 inita,
3552 4838 3866 4881 assecures
3888 4834 3962 4875 so-

2452 4918 2547 4977 eio
2580 4915 2845 4996 capitale
2876 4919 2937 4975 et
2963 4915 3208 4975 lucrum
3238 4921 3480 4975 certum
3516 4918 3580 4974 et
3627 4911 3962 4973 determina-

2456 5014 2589 5071 tum
2619 5026 2730 5088 pro
2763 5009 2972 5087 aliquo
3004 5009 3230 5087 preti0,
3276 5014 3468 5087 prout
3507 5007 3646 5067 fieri
3700 5024 3868 5086 poffe
3893 5002 3960 5061 di·

2457 5103 2662 5162 ximus
2712 5100 3133 5180 disputatione
3183 5100 3612 5179 proecedenti3
3658 5099 3850 5159 adhuc
3888 5114 3958 5155 so-

2459 5196 2654 5256 cietas
2709 5199 2925 5255 manet
2969 5194 3140 5274 justa
3199 5198 3260 5254 et
3305 5194 3604 5272 aequalis;
3638 5192 3780 5272 quia
3806 5211 3868 5249 ex
3913 5187 3956 5243 τί

2459 5288 2623 5348 illius
2652 5291 2915 5366 uterque
2974 5287 3178 5348 socius
3221 5287 3490 5365 perdere
3540 5290 3761 5364 potest,
3802 5288 3854 5343 et
3890 5283 3956 5340 lu·

2462 5381 2646 5457 erari,
2688 5380 2834 5440 licet
2864 5399 2938 5439 ex
2969 5379 3026 5438 vi
3084 5379 3341 5439 secundi
3401 5383 3753 5439 contractus
3792 5375 3952 5436 socius

2460 5494 2586 5535 non
2637 5474 2832 5552 possit
2887 5474 3174 5551 perdere,
3226 5473 3337 5532 sed
3386 5472 3620 5533 debeat
3659 5467 3951 5531 necessario

2453 5567 2705 5631 lucrari.
2731 5567 2906 5641 Quod
2926 5584 3074 5645 ergo
3104 5565 3188 5628 ibi
3217 5565 3457 5630 facitco
3469 5569 3742 5629 attactus
3770 5559 3946 5623 extrin-

4029 1889 4090 1994 -nae
4087 1777 4090 1822 ,,
