<?xml version="1.0" encoding="UTF-8"?>
<!DOCTYPE html PUBLIC "-//W3C//DTD XHTML 1.0 Transitional//EN"
    "http://www.w3.org/TR/xhtml1/DTD/xhtml1-transitional.dtd">
<html xmlns="http://www.w3.org/1999/xhtml" xml:lang="en" lang="en">
 <head>
  <title>
</title>
<meta http-equiv="Content-Type" content="text/html;charset=utf-8" />
  <meta name='ocr-system' content='tesseract 3.04.00' />
  <meta name='ocr-capabilities' content='ocr_page ocr_carea ocr_par ocr_line ocrx_word'/>
</head>
<body>
  <div class='ocr_page' id='page_1' title='image "./joannisdelugodi00lugogoog_0396.png"; bbox 0 0 4263 6376; ppageno 0'>
   <div class='ocr_carea' id='block_1_1' title="bbox 638 1964 753 2023">
    <p class='ocr_par' dir='ltr' id='par_1_1' title="bbox 638 1964 753 2023">
     <span class='ocr_line' id='line_1_1' title="bbox 638 1964 753 2023; baseline 0.009 -1"><span class='ocrx_word' id='word_1_1' title='bbox 638 1964 753 2023; x_wconf 73' lang='lat'>116</span> 
     </span>
    </p>
   </div>
   <div class='ocr_carea' id='block_1_2' title="bbox 534 2104 833 2190">
    <p class='ocr_par' dir='ltr' id='par_1_2' title="bbox 534 2104 833 2190">
     <span class='ocr_line' id='line_1_2' title="bbox 698 2104 815 2135; baseline 0.017 -2"><span class='ocrx_word' id='word_1_2' title='bbox 698 2104 746 2133; x_wconf 77' lang='lat'>01·</span> <span class='ocrx_word' id='word_1_3' title='bbox 764 2105 815 2135; x_wconf 69' lang='lat' dir='ltr'>nil</span> 
     </span>
     <span class='ocr_line' id='line_1_3' title="bbox 534 2143 833 2190; baseline 0.01 -3"><span class='ocrx_word' id='word_1_4' title='bbox 534 2143 683 2187; x_wconf 74' lang='lat' dir='ltr'>debeat</span> <span class='ocrx_word' id='word_1_5' title='bbox 715 2156 833 2190; x_wconf 76' lang='lat' dir='ltr'>um-</span> 
     </span>
    </p>
   </div>
   <div class='ocr_carea' id='block_1_3' title="bbox 568 2204 816 2295">
    <p class='ocr_par' dir='ltr' id='par_1_3' title="bbox 568 2204 816 2295">
     <span class='ocr_line' id='line_1_4' title="bbox 568 2204 816 2295; baseline 0.004 -2"><span class='ocrx_word' id='word_1_6' title='bbox 568 2204 816 2295; x_wconf 52' lang='lat' dir='ltr'>Wlffliim</span> 
     </span>
    </p>
   </div>
   <div class='ocr_carea' id='block_1_4' title="bbox 577 2312 805 2362">
    <p class='ocr_par' dir='ltr' id='par_1_4' title="bbox 577 2312 805 2362">
     <span class='ocr_line' id='line_1_5' title="bbox 577 2312 805 2362; baseline 0.022 -15"><span class='ocrx_word' id='word_1_7' title='bbox 577 2312 805 2362; x_wconf 74' lang='lat' dir='ltr'>acceptare.</span> 
     </span>
    </p>
   </div>
   <div class='ocr_carea' id='block_1_5' title="bbox 889 301 1006 363">
    <p class='ocr_par' dir='ltr' id='par_1_5' title="bbox 889 301 1006 363">
     <span class='ocr_line' id='line_1_6' title="bbox 889 301 1006 363; baseline -0.017 0"><span class='ocrx_word' id='word_1_8' title='bbox 889 301 1006 363; x_wconf 82' lang='lat'>376</span> 
     </span>
    </p>
   </div>
   <div class='ocr_carea' id='block_1_6' title="bbox 853 475 2423 5561">
    <p class='ocr_par' dir='ltr' id='par_1_6' title="bbox 885 475 2423 1946">
     <span class='ocr_line' id='line_1_7' title="bbox 889 475 2422 557; baseline 0 -20"><span class='ocrx_word' id='word_1_9' title='bbox 889 475 1114 537; x_wconf 88' lang='lat' dir='ltr'>eodem</span> <span class='ocrx_word' id='word_1_10' title='bbox 1141 477 1341 556; x_wconf 87' lang='lat' dir='ltr'>pretio</span> <span class='ocrx_word' id='word_1_11' title='bbox 1370 478 1590 538; x_wconf 79' lang='lat' dir='ltr'><strong>redimi</strong></span> <span class='ocrx_word' id='word_1_12' title='bbox 1621 478 1836 557; x_wconf 83' lang='lat' dir='ltr'><strong>possit.</strong></span> <span class='ocrx_word' id='word_1_13' title='bbox 1870 479 2073 550; x_wconf 80' lang='lat' dir='ltr'>Quare</span> <span class='ocrx_word' id='word_1_14' title='bbox 2094 478 2239 539; x_wconf 88' lang='lat' dir='ltr'>licet</span> <span class='ocrx_word' id='word_1_15' title='bbox 2256 478 2422 540; x_wconf 87' lang='lat' dir='ltr'>Mar-</span> 
     </span>
     <span class='ocr_line' id='line_1_8' title="bbox 888 570 2423 649; baseline 0 -20"><span class='ocrx_word' id='word_1_16' title='bbox 888 570 1056 630; x_wconf 81' lang='lat' dir='ltr'>tinus</span> <span class='ocrx_word' id='word_1_17' title='bbox 1085 572 1159 632; x_wconf 89' lang='lat' dir='ltr'>V.</span> <span class='ocrx_word' id='word_1_18' title='bbox 1196 575 1256 632; x_wconf 87' lang='lat' dir='ltr'>et</span> <span class='ocrx_word' id='word_1_19' title='bbox 1285 571 1555 633; x_wconf 86' lang='lat' dir='ltr'>Calixtus</span> <span class='ocrx_word' id='word_1_20' title='bbox 1584 571 1687 632; x_wconf 92' lang='lat'><strong>111.</strong></span> <span class='ocrx_word' id='word_1_21' title='bbox 1724 571 1858 649; x_wconf 87' lang='lat' dir='ltr'>ejus</span> <span class='ocrx_word' id='word_1_22' title='bbox 1887 570 2261 632; x_wconf 87' lang='lat' dir='ltr'>conditionis</span> <span class='ocrx_word' id='word_1_23' title='bbox 2288 587 2423 629; x_wconf 90' lang='lat' dir='ltr'>me-</span> 
     </span>
     <span class='ocr_line' id='line_1_9' title="bbox 890 662 2422 739; baseline 0 -16"><span class='ocrx_word' id='word_1_24' title='bbox 890 662 1207 739; x_wconf 91' lang='lat' dir='ltr'>minerint,</span> <span class='ocrx_word' id='word_1_25' title='bbox 1242 682 1364 724; x_wconf 91' lang='lat' dir='ltr'>non</span> <span class='ocrx_word' id='word_1_26' title='bbox 1395 668 1605 724; x_wconf 88' lang='lat' dir='ltr'>tamen</span> <span class='ocrx_word' id='word_1_27' title='bbox 1635 663 1927 724; x_wconf 89' lang='lat' dir='ltr'>dixerunt</span> <span class='ocrx_word' id='word_1_28' title='bbox 1968 682 2103 723; x_wconf 91' lang='lat' dir='ltr'>esse</span> <span class='ocrx_word' id='word_1_29' title='bbox 2134 681 2422 724; x_wconf 86' lang='lat' dir='ltr'>necessa-</span> 
     </span>
     <span class='ocr_line' id='line_1_10' title="bbox 888 754 2423 835; baseline 0 -21"><span class='ocrx_word' id='word_1_30' title='bbox 888 755 1068 830; x_wconf 82' lang='lat' dir='ltr'><strong>riam,</strong></span> <span class='ocrx_word' id='word_1_31' title='bbox 1102 755 1212 815; x_wconf 87' lang='lat' dir='ltr'>sed</span> <span class='ocrx_word' id='word_1_32' title='bbox 1232 756 1433 816; x_wconf 89' lang='lat' dir='ltr'>solum</span> <span class='ocrx_word' id='word_1_33' title='bbox 1454 756 1884 835; x_wconf 87' lang='lat' dir='ltr'>approbarunt</span> <span class='ocrx_word' id='word_1_34' title='bbox 1903 773 2147 827; x_wconf 80' lang='lat' dir='ltr'>censuS‚</span> <span class='ocrx_word' id='word_1_35' title='bbox 2184 756 2261 816; x_wconf 92' lang='lat' dir='ltr'>de</span> <span class='ocrx_word' id='word_1_36' title='bbox 2283 754 2423 834; x_wconf 81' lang='lat' dir='ltr'>qui-</span> 
     </span>
     <span class='ocr_line' id='line_1_11' title="bbox 887 847 2421 928; baseline 0 -21"><span class='ocrx_word' id='word_1_37' title='bbox 887 847 1006 908; x_wconf 90' lang='lat' dir='ltr'>bus</span> <span class='ocrx_word' id='word_1_38' title='bbox 1033 848 1295 909; x_wconf 90' lang='lat' dir='ltr'>consulti</span> <span class='ocrx_word' id='word_1_39' title='bbox 1324 849 1593 925; x_wconf 85' lang='lat' dir='ltr'>fuerant,</span> <span class='ocrx_word' id='word_1_40' title='bbox 1627 853 1690 910; x_wconf 90' lang='lat' dir='ltr'>et</span> <span class='ocrx_word' id='word_1_41' title='bbox 1718 849 1779 908; x_wconf 91' lang='lat' dir='ltr'>in</span> <span class='ocrx_word' id='word_1_42' title='bbox 1810 849 2036 928; x_wconf 91' lang='lat' dir='ltr'>quibus</span> <span class='ocrx_word' id='word_1_43' title='bbox 2065 849 2204 909; x_wconf 84' lang='lat' dir='ltr'>haec</span> <span class='ocrx_word' id='word_1_44' title='bbox 2230 848 2421 909; x_wconf 90' lang='lat' dir='ltr'>etiam</span> 
     </span>
     <span class='ocr_line' id='line_1_12' title="bbox 888 939 2420 1002; baseline -0.001 -2"><span class='ocrx_word' id='word_1_45' title='bbox 888 939 1164 1001; x_wconf 89' lang='lat' dir='ltr'>conditio</span> <span class='ocrx_word' id='word_1_46' title='bbox 1210 940 1587 1002; x_wconf 82' lang='lat' dir='ltr'>intervenire</span> <span class='ocrx_word' id='word_1_47' title='bbox 1634 942 2012 1002; x_wconf 80' lang='lat' dir='ltr'>narrabatur</span> <span class='ocrx_word' id='word_1_48' title='bbox 2056 961 2069 1002; x_wconf 92' lang='lat'><strong>:</strong></span> <span class='ocrx_word' id='word_1_49' title='bbox 2118 959 2233 1002; x_wconf 86' lang='lat' dir='ltr'>nec</span> <span class='ocrx_word' id='word_1_50' title='bbox 2274 941 2420 1001; x_wconf 91' lang='lat' dir='ltr'>Pius</span> 
     </span>
     <span class='ocr_line' id='line_1_13' title="bbox 886 1032 2422 1113; baseline 0 -19"><span class='ocrx_word' id='word_1_51' title='bbox 886 1034 963 1094; x_wconf 88' lang='lat' dir='ltr'>V.</span> <span class='ocrx_word' id='word_1_52' title='bbox 1006 1033 1113 1112; x_wconf 92' lang='lat' dir='ltr'>qui</span> <span class='ocrx_word' id='word_1_53' title='bbox 1141 1032 1293 1093; x_wconf 86' lang='lat' dir='ltr'>alias</span> <span class='ocrx_word' id='word_1_54' title='bbox 1340 1035 1546 1113; x_wconf 90' lang='lat' dir='ltr'>plures</span> <span class='ocrx_word' id='word_1_55' title='bbox 1597 1033 1985 1094; x_wconf 82' lang='lat' dir='ltr'>conditiones</span> <span class='ocrx_word' id='word_1_56' title='bbox 2026 1034 2316 1109; x_wconf 89' lang='lat' dir='ltr'>retinuit,</span> <span class='ocrx_word' id='word_1_57' title='bbox 2359 1037 2422 1095; x_wconf 89' lang='lat' dir='ltr'>et</span> 
     </span>
     <span class='ocr_line' id='line_1_14' title="bbox 887 1125 2420 1205; baseline 0 -20"><span class='ocrx_word' id='word_1_58' title='bbox 887 1125 1040 1185; x_wconf 88' lang='lat' dir='ltr'>alias</span> <span class='ocrx_word' id='word_1_59' title='bbox 1067 1125 1146 1186; x_wconf 91' lang='lat' dir='ltr'>de</span> <span class='ocrx_word' id='word_1_60' title='bbox 1175 1143 1338 1188; x_wconf 90' lang='lat' dir='ltr'>novo</span> <span class='ocrx_word' id='word_1_61' title='bbox 1367 1127 1631 1202; x_wconf 80' lang='lat' dir='ltr'>addidit,</span> <span class='ocrx_word' id='word_1_62' title='bbox 1665 1126 1851 1205; x_wconf 87' lang='lat' dir='ltr'>hujus</span> <span class='ocrx_word' id='word_1_63' title='bbox 1886 1126 2261 1187; x_wconf 90' lang='lat' dir='ltr'>conditionis</span> <span class='ocrx_word' id='word_1_64' title='bbox 2288 1144 2420 1185; x_wconf 89' lang='lat' dir='ltr'>me-</span> 
     </span>
     <span class='ocr_line' id='line_1_15' title="bbox 886 1218 2418 1299; baseline -0.001 -20"><span class='ocrx_word' id='word_1_65' title='bbox 886 1218 1099 1293; x_wconf 88' lang='lat' dir='ltr'>minit;</span> <span class='ocrx_word' id='word_1_66' title='bbox 1142 1237 1336 1299; x_wconf 85' lang='lat' dir='ltr'>quare</span> <span class='ocrx_word' id='word_1_67' title='bbox 1379 1221 1628 1282; x_wconf 82' lang='lat' dir='ltr'>videtur</span> <span class='ocrx_word' id='word_1_68' title='bbox 1672 1238 1748 1280; x_wconf 84' lang='lat' dir='ltr'>ex</span> <span class='ocrx_word' id='word_1_69' title='bbox 1795 1219 2101 1280; x_wconf 88' lang='lat' dir='ltr'>industria</span> <span class='ocrx_word' id='word_1_70' title='bbox 2147 1219 2418 1280; x_wconf 89' lang='lat' dir='ltr'>noluisse</span> 
     </span>
     <span class='ocr_line' id='line_1_16' title="bbox 885 1310 2416 1391; baseline 0 -20"><span class='ocrx_word' id='word_1_71' title='bbox 885 1310 966 1371; x_wconf 92' lang='lat' dir='ltr'>ad</span> <span class='ocrx_word' id='word_1_72' title='bbox 996 1330 1135 1372; x_wconf 88' lang='lat' dir='ltr'>eam</span> <span class='ocrx_word' id='word_1_73' title='bbox 1166 1312 1466 1391; x_wconf 88' lang='lat' dir='ltr'>obligare.</span> <span class='ocrx_word' id='word_1_74' title='bbox 1498 1315 1576 1374; x_wconf 84' lang='lat' dir='ltr'>Et</span> <span class='ocrx_word' id='word_1_75' title='bbox 1602 1313 1742 1373; x_wconf 91' lang='lat' dir='ltr'>ideo</span> <span class='ocrx_word' id='word_1_76' title='bbox 1773 1312 1908 1372; x_wconf 80' lang='lat' dir='ltr'>haec</span> <span class='ocrx_word' id='word_1_77' title='bbox 1938 1312 2246 1373; x_wconf 87' lang='lat' dir='ltr'>sententia</span> <span class='ocrx_word' id='word_1_78' title='bbox 2265 1311 2416 1371; x_wconf 86' lang='lat' dir='ltr'>mihi</span> 
     </span>
     <span class='ocr_line' id='line_1_17' title="bbox 885 1403 2420 1484; baseline -0.001 -19"><span class='ocrx_word' id='word_1_79' title='bbox 885 1404 1138 1465; x_wconf 90' lang='lat' dir='ltr'>omnino</span> <span class='ocrx_word' id='word_1_80' title='bbox 1167 1424 1317 1465; x_wconf 85' lang='lat' dir='ltr'>vera</span> <span class='ocrx_word' id='word_1_81' title='bbox 1343 1406 1612 1477; x_wconf 87' lang='lat' dir='ltr'>videtur,</span> <span class='ocrx_word' id='word_1_82' title='bbox 1648 1405 1795 1484; x_wconf 90' lang='lat' dir='ltr'>quia</span> <span class='ocrx_word' id='word_1_83' title='bbox 1819 1423 1935 1466; x_wconf 90' lang='lat' dir='ltr'>nec</span> <span class='ocrx_word' id='word_1_84' title='bbox 1966 1404 2042 1465; x_wconf 89' lang='lat' dir='ltr'>de</span> <span class='ocrx_word' id='word_1_85' title='bbox 2066 1403 2213 1484; x_wconf 90' lang='lat' dir='ltr'>jure</span> <span class='ocrx_word' id='word_1_86' title='bbox 2235 1407 2420 1467; x_wconf 88' lang='lat' dir='ltr'>natu-</span> 
     </span>
     <span class='ocr_line' id='line_1_18' title="bbox 885 1496 2419 1578; baseline 0.001 -22"><span class='ocrx_word' id='word_1_87' title='bbox 885 1496 1021 1573; x_wconf 87' lang='lat' dir='ltr'>rali,</span> <span class='ocrx_word' id='word_1_88' title='bbox 1055 1516 1173 1558; x_wconf 91' lang='lat' dir='ltr'>nec</span> <span class='ocrx_word' id='word_1_89' title='bbox 1201 1497 1440 1578; x_wconf 87' lang='lat' dir='ltr'>dejure</span> <span class='ocrx_word' id='word_1_90' title='bbox 1485 1499 1749 1577; x_wconf 85' lang='lat' dir='ltr'>positivo</span> <span class='ocrx_word' id='word_1_91' title='bbox 1794 1498 1932 1559; x_wconf 89' lang='lat' dir='ltr'>talis</span> <span class='ocrx_word' id='word_1_92' title='bbox 1975 1499 2237 1559; x_wconf 79' lang='lat' dir='ltr'>facultas</span> <span class='ocrx_word' id='word_1_93' title='bbox 2267 1517 2419 1558; x_wconf 80' lang='lat' dir='ltr'>ven-</span> 
     </span>
     <span class='ocr_line' id='line_1_19' title="bbox 885 1589 2421 1669; baseline 0.002 -21"><span class='ocrx_word' id='word_1_94' title='bbox 885 1589 1069 1651; x_wconf 82' lang='lat' dir='ltr'>ditori</span> <span class='ocrx_word' id='word_1_95' title='bbox 1098 1609 1394 1652; x_wconf 87' lang='lat' dir='ltr'>concessa</span> <span class='ocrx_word' id='word_1_96' title='bbox 1420 1592 1688 1652; x_wconf 88' lang='lat' dir='ltr'>videtur.</span> <span class='ocrx_word' id='word_1_97' title='bbox 1725 1591 1962 1652; x_wconf 88' lang='lat' dir='ltr'>Poterit</span> <span class='ocrx_word' id='word_1_98' title='bbox 1990 1609 2141 1669; x_wconf 90' lang='lat' dir='ltr'>ergo</span> <span class='ocrx_word' id='word_1_99' title='bbox 2174 1593 2421 1669; x_wconf 82' lang='lat' dir='ltr'><strong>emptor</strong></span> 
     </span>
     <span class='ocr_line' id='line_1_20' title="bbox 886 1681 2419 1762; baseline 0 -20"><span class='ocrx_word' id='word_1_100' title='bbox 886 1681 1163 1759; x_wconf 85' lang='lat' dir='ltr'>obligare</span> <span class='ocrx_word' id='word_1_101' title='bbox 1192 1702 1258 1743; x_wconf 90' lang='lat' dir='ltr'>se</span> <span class='ocrx_word' id='word_1_102' title='bbox 1300 1684 1379 1743; x_wconf 88' lang='lat' dir='ltr'>ad</span> <span class='ocrx_word' id='word_1_103' title='bbox 1426 1682 1875 1762; x_wconf 78' lang='lat' dir='ltr'>acceptandam</span> <span class='ocrx_word' id='word_1_104' title='bbox 1922 1682 2419 1761; x_wconf 78' lang='lat' dir='ltr'>redemptionem</span> 
     </span>
     <span class='ocr_line' id='line_1_21' title="bbox 885 1774 2419 1854; baseline 0.001 -21"><span class='ocrx_word' id='word_1_105' title='bbox 885 1774 1074 1834; x_wconf 88' lang='lat' dir='ltr'>etiam</span> <span class='ocrx_word' id='word_1_106' title='bbox 1103 1793 1215 1853; x_wconf 88' lang='lat' dir='ltr'>per</span> <span class='ocrx_word' id='word_1_107' title='bbox 1242 1779 1485 1854; x_wconf 89' lang='lat' dir='ltr'>partes;</span> <span class='ocrx_word' id='word_1_108' title='bbox 1519 1774 1568 1834; x_wconf 91' lang='lat' dir='ltr'>si</span> <span class='ocrx_word' id='word_1_109' title='bbox 1598 1778 1809 1836; x_wconf 86' lang='lat' dir='ltr'>tamen</span> <span class='ocrx_word' id='word_1_110' title='bbox 1840 1774 2014 1852; x_wconf 91' lang='lat' dir='ltr'>nolit,</span> <span class='ocrx_word' id='word_1_111' title='bbox 2048 1794 2172 1836; x_wconf 91' lang='lat' dir='ltr'>non</span> <span class='ocrx_word' id='word_1_112' title='bbox 2193 1779 2288 1836; x_wconf 89' lang='lat' dir='ltr'>est</span> <span class='ocrx_word' id='word_1_113' title='bbox 2307 1794 2419 1835; x_wconf 89' lang='lat' dir='ltr'>cur</span> 
     </span>
     <span class='ocr_line' id='line_1_22' title="bbox 885 1866 1428 1946; baseline 0.009 -21"><span class='ocrx_word' id='word_1_114' title='bbox 885 1866 965 1925; x_wconf 91' lang='lat' dir='ltr'>ad</span> <span class='ocrx_word' id='word_1_115' title='bbox 991 1866 1055 1926; x_wconf 91' lang='lat' dir='ltr'>id</span> <span class='ocrx_word' id='word_1_116' title='bbox 1084 1867 1428 1946; x_wconf 87' lang='lat' dir='ltr'>obligetur.-</span> 
     </span>
    </p>

    <p class='ocr_par' dir='ltr' id='par_1_7' title="bbox 853 1959 2419 5378">
     <span class='ocr_line' id='line_1_23' title="bbox 968 1959 2419 2042; baseline 0.002 -22"><span class='ocrx_word' id='word_1_117' title='bbox 968 1959 1241 2022; x_wconf 87' lang='lat' dir='ltr'>Probant</span> <span class='ocrx_word' id='word_1_118' title='bbox 1282 1961 1473 2041; x_wconf 88' lang='lat' dir='ltr'>aliqui</span> <span class='ocrx_word' id='word_1_119' title='bbox 1504 1962 1667 2023; x_wconf 89' lang='lat' dir='ltr'>hanc</span> <span class='ocrx_word' id='word_1_120' title='bbox 1697 1962 1896 2023; x_wconf 89' lang='lat' dir='ltr'>concl.</span> <span class='ocrx_word' id='word_1_121' title='bbox 1949 1980 2023 2022; x_wconf 87' lang='lat' dir='ltr'>ex</span> <span class='ocrx_word' id='word_1_122' title='bbox 2061 1962 2281 2041; x_wconf 85' lang='lat' dir='ltr'>regula</span> <span class='ocrx_word' id='word_1_123' title='bbox 2307 1981 2419 2042; x_wconf 91' lang='lat' dir='ltr'>ge-</span> 
     </span>
     <span class='ocr_line' id='line_1_24' title="bbox 885 2052 2416 2133; baseline 0.002 -22"><span class='ocrx_word' id='word_1_124' title='bbox 885 2052 1114 2129; x_wconf 88' lang='lat' dir='ltr'>nerali,</span> <span class='ocrx_word' id='word_1_125' title='bbox 1149 2054 1319 2133; x_wconf 89' lang='lat' dir='ltr'>quod</span> <span class='ocrx_word' id='word_1_126' title='bbox 1348 2055 1625 2117; x_wconf 86' lang='lat' dir='ltr'>creditor</span> <span class='ocrx_word' id='word_1_127' title='bbox 1665 2055 1743 2115; x_wconf 91' lang='lat' dir='ltr'>de</span> <span class='ocrx_word' id='word_1_128' title='bbox 1765 2056 1909 2133; x_wconf 89' lang='lat' dir='ltr'>jure</span> <span class='ocrx_word' id='word_1_129' title='bbox 1941 2056 2261 2116; x_wconf 89' lang='lat' dir='ltr'>communi</span> <span class='ocrx_word' id='word_1_130' title='bbox 2290 2074 2416 2116; x_wconf 91' lang='lat' dir='ltr'>non</span> 
     </span>
     <span class='ocr_line' id='line_1_25' title="bbox 885 2145 2416 2227; baseline 0.003 -23"><span class='ocrx_word' id='word_1_131' title='bbox 885 2145 1201 2224; x_wconf 90' lang='lat' dir='ltr'>obligatur</span> <span class='ocrx_word' id='word_1_132' title='bbox 1226 2147 1305 2207; x_wconf 87' lang='lat' dir='ltr'>ad</span> <span class='ocrx_word' id='word_1_133' title='bbox 1336 2147 1788 2227; x_wconf 83' lang='lat' dir='ltr'>acceptandam</span> <span class='ocrx_word' id='word_1_134' title='bbox 1817 2148 2190 2209; x_wconf 89' lang='lat' dir='ltr'>solutionem</span> <span class='ocrx_word' id='word_1_135' title='bbox 2223 2148 2416 2209; x_wconf 88' lang='lat' dir='ltr'>debiti</span> 
     </span>
     <span class='ocr_line' id='line_1_26' title="bbox 884 2239 2418 2319; baseline 0.002 -21"><span class='ocrx_word' id='word_1_136' title='bbox 884 2257 999 2318; x_wconf 90' lang='lat' dir='ltr'>per</span> <span class='ocrx_word' id='word_1_137' title='bbox 1024 2243 1255 2318; x_wconf 87' lang='lat' dir='ltr'>partes,</span> <span class='ocrx_word' id='word_1_138' title='bbox 1290 2240 1459 2319; x_wconf 87' lang='lat' dir='ltr'>quod</span> <span class='ocrx_word' id='word_1_139' title='bbox 1490 2239 1758 2317; x_wconf 88' lang='lat' dir='ltr'>probant</span> <span class='ocrx_word' id='word_1_140' title='bbox 1787 2259 1862 2299; x_wconf 88' lang='lat' dir='ltr'>ex</span> <span class='ocrx_word' id='word_1_141' title='bbox 1891 2240 1931 2300; x_wconf 93' lang='lat' dir='ltr'>l.</span> <span class='ocrx_word' id='word_1_142' title='bbox 1973 2241 2178 2317; x_wconf 82' lang='lat' dir='ltr'>Tutor,</span> <span class='ocrx_word' id='word_1_143' title='bbox 2211 2242 2268 2319; x_wconf 65' lang='grc' dir='ltr'>ἓ.</span> <span class='ocrx_word' id='word_1_144' title='bbox 2303 2241 2418 2301; x_wconf 83' lang='lat' dir='ltr'>Lu-</span> 
     </span>
     <span class='ocr_line' id='line_1_27' title="bbox 884 2331 2411 2411; baseline 0.002 -20"><span class='ocrx_word' id='word_1_145' title='bbox 884 2331 1025 2407; x_wconf 79' lang='lat' dir='ltr'>cius,</span> <span class='ocrx_word' id='word_1_146' title='bbox 1078 2333 1139 2392; x_wconf 82' lang='lat' dir='ltr'>ff.</span> <span class='ocrx_word' id='word_1_147' title='bbox 1192 2331 1262 2392; x_wconf 85' lang='lat' dir='ltr'>de</span> <span class='ocrx_word' id='word_1_148' title='bbox 1305 2332 1497 2392; x_wconf 75' lang='lat' dir='ltr'>usuris</span> <span class='ocrx_word' id='word_1_149' title='bbox 1523 2332 1662 2410; x_wconf 92' lang='lat' dir='ltr'>lege</span> <span class='ocrx_word' id='word_1_150' title='bbox 1711 2349 1779 2394; x_wconf 91' lang='lat'>11.</span> <span class='ocrx_word' id='word_1_151' title='bbox 1830 2334 1886 2411; x_wconf 66' lang='grc' dir='ltr'>ἓ.</span> <span class='ocrx_word' id='word_1_152' title='bbox 1940 2336 2003 2394; x_wconf 91' lang='lat' dir='ltr'>et</span> <span class='ocrx_word' id='word_1_153' title='bbox 2046 2332 2286 2410; x_wconf 71' lang='lat' dir='ltr'>lem-um,</span> <span class='ocrx_word' id='word_1_154' title='bbox 2347 2336 2411 2394; x_wconf 80' lang='lat' dir='ltr'>ff.</span> 
     </span>
     <span class='ocr_line' id='line_1_28' title="bbox 884 2421 2417 2505; baseline 0.001 -21"><span class='ocrx_word' id='word_1_155' title='bbox 884 2421 954 2484; x_wconf 85' lang='lat' dir='ltr'>de</span> <span class='ocrx_word' id='word_1_156' title='bbox 978 2423 1135 2486; x_wconf 84' lang='lat' dir='ltr'>verb.</span> <span class='ocrx_word' id='word_1_157' title='bbox 1167 2424 1345 2504; x_wconf 76' lang='lat' dir='ltr'>oblz’q.</span> <span class='ocrx_word' id='word_1_158' title='bbox 1395 2425 1533 2504; x_wconf 89' lang='lat' dir='ltr'>lege</span> <span class='ocrx_word' id='word_1_159' title='bbox 1560 2424 1771 2503; x_wconf 83' lang='lat' dir='ltr'>Plane,</span> <span class='ocrx_word' id='word_1_160' title='bbox 1806 2427 1869 2485; x_wconf 82' lang='lat' dir='ltr'>ff.</span> <span class='ocrx_word' id='word_1_161' title='bbox 1910 2426 2160 2505; x_wconf 81' lang='lat' dir='ltr'>familioe</span> <span class='ocrx_word' id='word_1_162' title='bbox 2199 2424 2417 2487; x_wconf 67' lang='lat' dir='ltr'>ltere-12³-</span> 
     </span>
     <span class='ocr_line' id='line_1_29' title="bbox 883 2516 2408 2598; baseline 0.001 -19"><span class='ocrx_word' id='word_1_163' title='bbox 883 2517 1086 2579; x_wconf 81' lang='lat' dir='ltr'>cundoe</span> <span class='ocrx_word' id='word_1_164' title='bbox 1124 2519 1165 2580; x_wconf 94' lang='lat' dir='ltr'>l.</span> <span class='ocrx_word' id='word_1_165' title='bbox 1201 2518 1457 2595; x_wconf 73' lang='lat' dir='ltr'>FistuaS,</span> <span class='ocrx_word' id='word_1_166' title='bbox 1502 2520 1560 2598; x_wconf 73' lang='lat'>§-</span> <span class='ocrx_word' id='word_1_167' title='bbox 1592 2518 1654 2578; x_wconf 82' lang='lat' dir='ltr'><em>F</em></span> <span class='ocrx_word' id='word_1_168' title='bbox 1649 2516 1862 2578; x_wconf 82' lang='lat' dir='ltr'>undum</span> <span class='ocrx_word' id='word_1_169' title='bbox 1883 2564 1899 2594; x_wconf 94' lang='lat'>,</span> <span class='ocrx_word' id='word_1_170' title='bbox 1948 2516 2017 2578; x_wconf 87' lang='lat' dir='ltr'>de</span> <span class='ocrx_word' id='word_1_171' title='bbox 2048 2520 2109 2579; x_wconf 82' lang='lat' dir='ltr'>ff.</span> <span class='ocrx_word' id='word_1_172' title='bbox 2145 2518 2408 2580; x_wconf 77' lang='lat' dir='ltr'>contrah.</span> 
     </span>
     <span class='ocr_line' id='line_1_30' title="bbox 882 2610 2410 2693; baseline 0.002 -22"><span class='ocrx_word' id='word_1_173' title='bbox 882 2621 1058 2693; x_wconf 82' lang='lat' dir='ltr'>empt.</span> <span class='ocrx_word' id='word_1_174' title='bbox 1102 2612 1143 2673; x_wconf 96' lang='lat' dir='ltr'>l.</span> <span class='ocrx_word' id='word_1_175' title='bbox 1199 2610 1605 2691; x_wconf 75' lang='lat' dir='ltr'>Obsiqnatione</span> <span class='ocrx_word' id='word_1_176' title='bbox 1645 2611 1851 2684; x_wconf 79' lang='lat' dir='ltr'>totius,</span> <span class='ocrx_word' id='word_1_177' title='bbox 1914 2612 2081 2673; x_wconf 88' lang='lat' dir='ltr'>Code</span> <span class='ocrx_word' id='word_1_178' title='bbox 2122 2610 2192 2671; x_wconf 84' lang='lat' dir='ltr'>de</span> <span class='ocrx_word' id='word_1_179' title='bbox 2236 2613 2410 2675; x_wconf 81' lang='lat' dir='ltr'>solut.</span> 
     </span>
     <span class='ocr_line' id='line_1_31' title="bbox 881 2704 2408 2783; baseline 0.001 -18"><span class='ocrx_word' id='word_1_180' title='bbox 881 2704 1004 2765; x_wconf 85' lang='lat' dir='ltr'>Alii</span> <span class='ocrx_word' id='word_1_181' title='bbox 1056 2709 1269 2765; x_wconf 85' lang='lat' dir='ltr'>tamen</span> <span class='ocrx_word' id='word_1_182' title='bbox 1322 2704 1617 2783; x_wconf 89' lang='lat' dir='ltr'>regulam</span> <span class='ocrx_word' id='word_1_183' title='bbox 1680 2704 2057 2764; x_wconf 87' lang='lat' dir='ltr'>contrariam</span> <span class='ocrx_word' id='word_1_184' title='bbox 2105 2708 2408 2783; x_wconf 87' lang='lat' dir='ltr'>statuunt,</span> 
     </span>
     <span class='ocr_line' id='line_1_32' title="bbox 880 2796 2412 2876; baseline 0 -18"><span class='ocrx_word' id='word_1_185' title='bbox 880 2796 1049 2876; x_wconf 90' lang='lat' dir='ltr'>quod</span> <span class='ocrx_word' id='word_1_186' title='bbox 1075 2796 1312 2859; x_wconf 87' lang='lat' dir='ltr'>scilicet</span> <span class='ocrx_word' id='word_1_187' title='bbox 1331 2843 1346 2872; x_wconf 96' lang='lat'>,</span> <span class='ocrx_word' id='word_1_188' title='bbox 1393 2797 1666 2857; x_wconf 87' lang='lat' dir='ltr'>creditor</span> <span class='ocrx_word' id='word_1_189' title='bbox 1693 2796 1922 2857; x_wconf 88' lang='lat' dir='ltr'>debeat</span> <span class='ocrx_word' id='word_1_190' title='bbox 1949 2800 2191 2875; x_wconf 88' lang='lat' dir='ltr'>partem</span> <span class='ocrx_word' id='word_1_191' title='bbox 2219 2798 2412 2859; x_wconf 86' lang='lat' dir='ltr'>debiti</span> 
     </span>
     <span class='ocr_line' id='line_1_33' title="bbox 880 2887 2406 2970; baseline 0 -21"><span class='ocrx_word' id='word_1_192' title='bbox 880 2894 1232 2967; x_wconf 83' lang='lat' dir='ltr'>acceptare,</span> <span class='ocrx_word' id='word_1_193' title='bbox 1279 2891 1320 2949; x_wconf 90' lang='lat' dir='ltr'>l.</span> <span class='ocrx_word' id='word_1_194' title='bbox 1357 2888 1434 2948; x_wconf 76' lang='lat' dir='ltr'>Si</span> <span class='ocrx_word' id='word_1_195' title='bbox 1458 2888 1769 2970; x_wconf 62' lang='lat' dir='ltr'>stipulatus</span> <span class='ocrx_word' id='word_1_196' title='bbox 1795 2907 1918 2948; x_wconf 84' lang='lat' dir='ltr'>sum</span> <span class='ocrx_word' id='word_1_197' title='bbox 1939 2934 1957 2965; x_wconf 86' lang='lat'>‚</span> <span class='ocrx_word' id='word_1_198' title='bbox 1998 2890 2055 2967; x_wconf 66' lang='grc' dir='ltr'>ἓ.</span> <span class='ocrx_word' id='word_1_199' title='bbox 2089 2887 2168 2948; x_wconf 82' lang='lat' dir='ltr'>Si</span> <span class='ocrx_word' id='word_1_200' title='bbox 2195 2887 2406 2967; x_wconf 78' lang='lat' dir='ltr'>decem,</span> 
     </span>
     <span class='ocr_line' id='line_1_34' title="bbox 879 2979 2410 3057; baseline 0.001 -17"><span class='ocrx_word' id='word_1_201' title='bbox 879 2982 943 3042; x_wconf 77' lang='lat' dir='ltr'>ff.</span> <span class='ocrx_word' id='word_1_202' title='bbox 977 2979 1047 3039; x_wconf 83' lang='lat' dir='ltr'>de</span> <span class='ocrx_word' id='word_1_203' title='bbox 1070 2981 1243 3041; x_wconf 77' lang='lat' dir='ltr'>solut.</span> <span class='ocrx_word' id='word_1_204' title='bbox 1275 2981 1318 3041; x_wconf 93' lang='lat' dir='ltr'>l.</span> <span class='ocrx_word' id='word_1_205' title='bbox 1350 2980 1594 3055; x_wconf 79' lang='lat' dir='ltr'>Quidam</span> <span class='ocrx_word' id='word_1_206' title='bbox 1614 2980 2112 3057; x_wconf 57' lang='lat' dir='ltr'>emistz‘mavemnt,</span> <span class='ocrx_word' id='word_1_207' title='bbox 2148 2983 2210 3042; x_wconf 82' lang='lat' dir='ltr'>ff.</span> <span class='ocrx_word' id='word_1_208' title='bbox 2235 2982 2410 3043; x_wconf 81' lang='lat' dir='ltr'>dere-</span> 
     </span>
     <span class='ocr_line' id='line_1_35' title="bbox 879 3071 2404 3154; baseline 0.004 -23"><span class='ocrx_word' id='word_1_209' title='bbox 879 3071 981 3131; x_wconf 69' lang='lat' dir='ltr'>bus</span> <span class='ocrx_word' id='word_1_210' title='bbox 1008 3071 1163 3135; x_wconf 79' lang='lat' dir='ltr'>cred.</span> <span class='ocrx_word' id='word_1_211' title='bbox 1192 3073 1233 3133; x_wconf 94' lang='lat' dir='ltr'>l.</span> <span class='ocrx_word' id='word_1_212' title='bbox 1265 3072 1524 3149; x_wconf 74' lang='lat' dir='ltr'>Placuit,</span> <span class='ocrx_word' id='word_1_213' title='bbox 1561 3075 1625 3134; x_wconf 90' lang='lat' dir='ltr'>C.</span> <span class='ocrx_word' id='word_1_214' title='bbox 1659 3072 1728 3133; x_wconf 85' lang='lat' dir='ltr'>de</span> <span class='ocrx_word' id='word_1_215' title='bbox 1751 3072 1947 3134; x_wconf 81' lang='lat' dir='ltr'>collat.</span> <span class='ocrx_word' id='word_1_216' title='bbox 1970 3072 2146 3153; x_wconf 78' lang='lat' dir='ltr'>fundi</span> <span class='ocrx_word' id='word_1_217' title='bbox 2159 3074 2404 3154; x_wconf 78' lang='lat' dir='ltr'>patrim.</span> 
     </span>
     <span class='ocr_line' id='line_1_36' title="bbox 878 3164 2409 3247; baseline 0.003 -23"><span class='ocrx_word' id='word_1_218' title='bbox 878 3170 941 3227; x_wconf 77' lang='lat' dir='ltr'>et</span> <span class='ocrx_word' id='word_1_219' title='bbox 968 3164 1125 3226; x_wconf 84' lang='lat' dir='ltr'>aliis,</span> <span class='ocrx_word' id='word_1_220' title='bbox 1162 3166 1290 3244; x_wconf 81' lang='lat' dir='ltr'>Ego</span> <span class='ocrx_word' id='word_1_221' title='bbox 1312 3170 1522 3227; x_wconf 89' lang='lat' dir='ltr'>tamen</span> <span class='ocrx_word' id='word_1_222' title='bbox 1546 3165 1625 3225; x_wconf 89' lang='lat' dir='ltr'>ab</span> <span class='ocrx_word' id='word_1_223' title='bbox 1647 3183 1723 3226; x_wconf 90' lang='lat' dir='ltr'>ea</span> <span class='ocrx_word' id='word_1_224' title='bbox 1744 3166 2086 3247; x_wconf 83' lang='lat' dir='ltr'>quaestione</span> <span class='ocrx_word' id='word_1_225' title='bbox 2108 3185 2220 3245; x_wconf 90' lang='lat' dir='ltr'>pro</span> <span class='ocrx_word' id='word_1_226' title='bbox 2243 3186 2409 3229; x_wconf 90' lang='lat' dir='ltr'>nunc</span> 
     </span>
     <span class='ocr_line' id='line_1_37' title="bbox 876 3258 2407 3338; baseline 0.003 -21"><span class='ocrx_word' id='word_1_227' title='bbox 876 3258 1225 3337; x_wconf 84' lang='lat' dir='ltr'>praescindo</span> <span class='ocrx_word' id='word_1_228' title='bbox 1250 3305 1265 3335; x_wconf 92' lang='lat'>,</span> <span class='ocrx_word' id='word_1_229' title='bbox 1323 3259 1387 3318; x_wconf 91' lang='lat' dir='ltr'>in</span> <span class='ocrx_word' id='word_1_230' title='bbox 1431 3277 1555 3338; x_wconf 88' lang='lat' dir='ltr'>qua</span> <span class='ocrx_word' id='word_1_231' title='bbox 1600 3259 1789 3320; x_wconf 82' lang='lat' dir='ltr'>variae</span> <span class='ocrx_word' id='word_1_232' title='bbox 1846 3264 1992 3320; x_wconf 87' lang='lat' dir='ltr'>sunt</span> <span class='ocrx_word' id='word_1_233' title='bbox 2036 3260 2407 3338; x_wconf 85' lang='lat' dir='ltr'>juristarum</span> 
     </span>
     <span class='ocr_line' id='line_1_38' title="bbox 875 3351 2401 3431; baseline 0.002 -20"><span class='ocrx_word' id='word_1_234' title='bbox 875 3352 1199 3412; x_wconf 83' lang='lat' dir='ltr'>sententiae</span> <span class='ocrx_word' id='word_1_235' title='bbox 1233 3371 1247 3413; x_wconf 90' lang='lat'>:</span> <span class='ocrx_word' id='word_1_236' title='bbox 1283 3351 1587 3430; x_wconf 89' lang='lat' dir='ltr'>quidquid</span> <span class='ocrx_word' id='word_1_237' title='bbox 1618 3352 1785 3411; x_wconf 89' lang='lat' dir='ltr'>enim</span> <span class='ocrx_word' id='word_1_238' title='bbox 1815 3351 1892 3412; x_wconf 85' lang='lat' dir='ltr'>de</span> <span class='ocrx_word' id='word_1_239' title='bbox 1922 3353 2026 3412; x_wconf 90' lang='lat' dir='ltr'>illa</span> <span class='ocrx_word' id='word_1_240' title='bbox 2053 3353 2272 3431; x_wconf 89' lang='lat' dir='ltr'>regula</span> <span class='ocrx_word' id='word_1_241' title='bbox 2301 3354 2401 3430; x_wconf 90' lang='lat' dir='ltr'>sit,</span> 
     </span>
     <span class='ocr_line' id='line_1_39' title="bbox 875 3443 2405 3521; baseline 0.002 -18"><span class='ocrx_word' id='word_1_242' title='bbox 875 3445 936 3503; x_wconf 91' lang='lat' dir='ltr'>in</span> <span class='ocrx_word' id='word_1_243' title='bbox 968 3447 1181 3505; x_wconf 86' lang='lat' dir='ltr'>nostro</span> <span class='ocrx_word' id='word_1_244' title='bbox 1226 3462 1373 3504; x_wconf 90' lang='lat' dir='ltr'>casu</span> <span class='ocrx_word' id='word_1_245' title='bbox 1404 3443 1651 3504; x_wconf 84' lang='lat' dir='ltr'>diversa</span> <span class='ocrx_word' id='word_1_246' title='bbox 1694 3450 1787 3506; x_wconf 90' lang='lat' dir='ltr'>est</span> <span class='ocrx_word' id='word_1_247' title='bbox 1827 3445 2028 3521; x_wconf 89' lang='lat' dir='ltr'>ratio,</span> <span class='ocrx_word' id='word_1_248' title='bbox 2087 3463 2233 3505; x_wconf 91' lang='lat' dir='ltr'>cum</span> <span class='ocrx_word' id='word_1_249' title='bbox 2279 3465 2405 3508; x_wconf 92' lang='lat' dir='ltr'>non</span> 
     </span>
     <span class='ocr_line' id='line_1_40' title="bbox 874 3536 2406 3615; baseline 0.002 -19"><span class='ocrx_word' id='word_1_250' title='bbox 874 3541 1099 3615; x_wconf 83' lang='lat' dir='ltr'>agatur</span> <span class='ocrx_word' id='word_1_251' title='bbox 1117 3537 1194 3595; x_wconf 91' lang='lat' dir='ltr'>de</span> <span class='ocrx_word' id='word_1_252' title='bbox 1214 3536 1512 3597; x_wconf 83' lang='lat' dir='ltr'>solvendo</span> <span class='ocrx_word' id='word_1_253' title='bbox 1535 3536 1766 3613; x_wconf 85' lang='lat' dir='ltr'>debito,</span> <span class='ocrx_word' id='word_1_254' title='bbox 1801 3537 1911 3596; x_wconf 89' lang='lat' dir='ltr'>sed</span> <span class='ocrx_word' id='word_1_255' title='bbox 1936 3537 2014 3596; x_wconf 92' lang='lat' dir='ltr'>de</span> <span class='ocrx_word' id='word_1_256' title='bbox 2035 3537 2406 3599; x_wconf 88' lang='lat' dir='ltr'>redimenda</span> 
     </span>
     <span class='ocr_line' id='line_1_41' title="bbox 871 3629 2406 3708; baseline 0.003 -18"><span class='ocrx_word' id='word_1_257' title='bbox 871 3647 939 3690; x_wconf 88' lang='lat' dir='ltr'>re</span> <span class='ocrx_word' id='word_1_258' title='bbox 986 3629 1239 3690; x_wconf 86' lang='lat' dir='ltr'>vendita</span> <span class='ocrx_word' id='word_1_259' title='bbox 1281 3647 1423 3688; x_wconf 91' lang='lat' dir='ltr'>cum</span> <span class='ocrx_word' id='word_1_260' title='bbox 1472 3634 1654 3708; x_wconf 90' lang='lat' dir='ltr'>pacto</span> <span class='ocrx_word' id='word_1_261' title='bbox 1700 3630 2267 3692; x_wconf 80' lang='lat' dir='ltr'>retrovenditioniS.</span> <span class='ocrx_word' id='word_1_262' title='bbox 2327 3633 2406 3694; x_wconf 87' lang='lat' dir='ltr'>Et</span> 
     </span>
     <span class='ocr_line' id='line_1_42' title="bbox 871 3720 2403 3801; baseline 0.001 -19"><span class='ocrx_word' id='word_1_263' title='bbox 871 3721 1127 3801; x_wconf 88' lang='lat' dir='ltr'>quidem</span> <span class='ocrx_word' id='word_1_264' title='bbox 1168 3722 1228 3781; x_wconf 91' lang='lat' dir='ltr'>in</span> <span class='ocrx_word' id='word_1_265' title='bbox 1260 3720 1618 3782; x_wconf 79' lang='lat' dir='ltr'>venditione</span> <span class='ocrx_word' id='word_1_266' title='bbox 1661 3740 1802 3781; x_wconf 91' lang='lat' dir='ltr'>cum</span> <span class='ocrx_word' id='word_1_267' title='bbox 1833 3722 1937 3782; x_wconf 86' lang='lat' dir='ltr'>tali</span> <span class='ocrx_word' id='word_1_268' title='bbox 1970 3728 2153 3801; x_wconf 84' lang='lat' dir='ltr'>pacto</span> <span class='ocrx_word' id='word_1_269' title='bbox 2183 3724 2403 3800; x_wconf 88' lang='lat' dir='ltr'>regula</span> 
     </span>
     <span class='ocr_line' id='line_1_43' title="bbox 868 3814 2400 3892; baseline 0.001 -17"><span class='ocrx_word' id='word_1_270' title='bbox 868 3814 1179 3892; x_wconf 88' lang='lat' dir='ltr'>generalis</span> <span class='ocrx_word' id='word_1_271' title='bbox 1212 3818 1337 3875; x_wconf 86' lang='lat' dir='ltr'>stat</span> <span class='ocrx_word' id='word_1_272' title='bbox 1365 3815 1426 3872; x_wconf 92' lang='lat' dir='ltr'>in</span> <span class='ocrx_word' id='word_1_273' title='bbox 1457 3815 1879 3890; x_wconf 88' lang='lat' dir='ltr'>contrarium,</span> <span class='ocrx_word' id='word_1_274' title='bbox 1914 3825 1982 3874; x_wconf 86' lang='lat' dir='ltr'>ut</span> <span class='ocrx_word' id='word_1_275' title='bbox 2010 3815 2249 3876; x_wconf 89' lang='lat' dir='ltr'>scilicet</span> <span class='ocrx_word' id='word_1_276' title='bbox 2276 3835 2400 3878; x_wconf 90' lang='lat' dir='ltr'>non</span> 
     </span>
     <span class='ocr_line' id='line_1_44' title="bbox 868 3907 2401 3986; baseline 0.001 -17"><span class='ocrx_word' id='word_1_277' title='bbox 868 3909 1063 3986; x_wconf 86' lang='lat' dir='ltr'>possit</span> <span class='ocrx_word' id='word_1_278' title='bbox 1090 3907 1313 3967; x_wconf 88' lang='lat' dir='ltr'>redimi</span> <span class='ocrx_word' id='word_1_279' title='bbox 1345 3925 1446 3968; x_wconf 91' lang='lat' dir='ltr'>res</span> <span class='ocrx_word' id='word_1_280' title='bbox 1469 3925 1582 3985; x_wconf 87' lang='lat' dir='ltr'>per</span> <span class='ocrx_word' id='word_1_281' title='bbox 1598 3910 1809 3984; x_wconf 89' lang='lat' dir='ltr'>partes</span> <span class='ocrx_word' id='word_1_282' title='bbox 1832 3926 1847 3978; x_wconf 91' lang='grc'><strong>;</strong></span> <span class='ocrx_word' id='word_1_283' title='bbox 1882 3907 1935 3968; x_wconf 91' lang='lat' dir='ltr'>si</span> <span class='ocrx_word' id='word_1_284' title='bbox 1956 3908 2122 3967; x_wconf 91' lang='lat' dir='ltr'>enim</span> <span class='ocrx_word' id='word_1_285' title='bbox 2144 3908 2401 3970; x_wconf 82' lang='lat' dir='ltr'>vendidi</span> 
     </span>
     <span class='ocr_line' id='line_1_45' title="bbox 866 4000 2394 4077; baseline 0.001 -17"><span class='ocrx_word' id='word_1_286' title='bbox 866 4001 979 4060; x_wconf 88' lang='lat' dir='ltr'>tibi</span> <span class='ocrx_word' id='word_1_287' title='bbox 1006 4001 1255 4061; x_wconf 86' lang='lat' dir='ltr'>vineam</span> <span class='ocrx_word' id='word_1_288' title='bbox 1292 4017 1434 4060; x_wconf 90' lang='lat' dir='ltr'>cum</span> <span class='ocrx_word' id='word_1_289' title='bbox 1463 4004 1647 4077; x_wconf 89' lang='lat' dir='ltr'>pacto</span> <span class='ocrx_word' id='word_1_290' title='bbox 1676 4000 2246 4077; x_wconf 78' lang='lat' dir='ltr'>retrovenditioniS,</span> <span class='ocrx_word' id='word_1_291' title='bbox 2271 4020 2394 4062; x_wconf 92' lang='lat' dir='ltr'>non</span> 
     </span>
     <span class='ocr_line' id='line_1_46' title="bbox 868 4091 2396 4171; baseline 0.001 -19"><span class='ocrx_word' id='word_1_292' title='bbox 868 4110 1144 4171; x_wconf 92' lang='lat' dir='ltr'>possum,</span> <span class='ocrx_word' id='word_1_293' title='bbox 1173 4091 1420 4152; x_wconf 90' lang='lat' dir='ltr'>reddito</span> <span class='ocrx_word' id='word_1_294' title='bbox 1452 4091 1709 4152; x_wconf 89' lang='lat' dir='ltr'>dimidio</span> <span class='ocrx_word' id='word_1_295' title='bbox 1739 4091 1938 4170; x_wconf 88' lang='lat' dir='ltr'>pretio</span> <span class='ocrx_word' id='word_1_296' title='bbox 1967 4092 2277 4154; x_wconf 87' lang='lat' dir='ltr'>redimere</span> <span class='ocrx_word' id='word_1_297' title='bbox 2307 4093 2396 4153; x_wconf 90' lang='lat' dir='ltr'>di-</span> 
     </span>
     <span class='ocr_line' id='line_1_47' title="bbox 866 4183 2395 4263; baseline 0.001 -19"><span class='ocrx_word' id='word_1_298' title='bbox 866 4186 1129 4245; x_wconf 87' lang='lat' dir='ltr'>m&#39;idium</span> <span class='ocrx_word' id='word_1_299' title='bbox 1157 4184 1379 4259; x_wconf 66' lang='lat' dir='ltr'>vineae,</span> <span class='ocrx_word' id='word_1_300' title='bbox 1410 4184 1519 4244; x_wconf 88' lang='lat' dir='ltr'>sed</span> <span class='ocrx_word' id='word_1_301' title='bbox 1551 4183 1751 4245; x_wconf 88' lang='lat' dir='ltr'>debeo</span> <span class='ocrx_word' id='word_1_302' title='bbox 1781 4184 2096 4261; x_wconf 87' lang='lat' dir='ltr'>integrum</span> <span class='ocrx_word' id='word_1_303' title='bbox 2126 4186 2395 4263; x_wconf 87' lang='lat' dir='ltr'>pretium</span> 
     </span>
     <span class='ocr_line' id='line_1_48' title="bbox 864 4278 2394 4354; baseline 0.001 -16"><span class='ocrx_word' id='word_1_304' title='bbox 864 4280 1111 4338; x_wconf 78' lang='lat' dir='ltr'>offerre.</span> <span class='ocrx_word' id='word_1_305' title='bbox 1156 4280 1312 4337; x_wconf 89' lang='lat' dir='ltr'>Cum</span> <span class='ocrx_word' id='word_1_306' title='bbox 1354 4294 1503 4354; x_wconf 81' lang='lat' dir='ltr'>ergo</span> <span class='ocrx_word' id='word_1_307' title='bbox 1540 4278 1603 4336; x_wconf 90' lang='lat' dir='ltr'>in</span> <span class='ocrx_word' id='word_1_308' title='bbox 1645 4281 1971 4338; x_wconf 87' lang='lat' dir='ltr'>contractu</span> <span class='ocrx_word' id='word_1_309' title='bbox 1999 4279 2275 4339; x_wconf 86' lang='lat' dir='ltr'>censuali</span> <span class='ocrx_word' id='word_1_310' title='bbox 2305 4279 2394 4339; x_wconf 89' lang='lat' dir='ltr'>in-</span> 
     </span>
     <span class='ocr_line' id='line_1_49' title="bbox 862 4369 2394 4449; baseline 0 -16"><span class='ocrx_word' id='word_1_311' title='bbox 862 4370 1171 4433; x_wconf 86' lang='lat' dir='ltr'>terveniat</span> <span class='ocrx_word' id='word_1_312' title='bbox 1208 4370 1438 4449; x_wconf 83' lang='lat' dir='ltr'>emptio</span> <span class='ocrx_word' id='word_1_313' title='bbox 1464 4416 1479 4445; x_wconf 96' lang='lat'>,</span> <span class='ocrx_word' id='word_1_314' title='bbox 1532 4388 1656 4449; x_wconf 88' lang='lat' dir='ltr'>qua</span> <span class='ocrx_word' id='word_1_315' title='bbox 1703 4369 2000 4448; x_wconf 89' lang='lat' dir='ltr'>primario</span> <span class='ocrx_word' id='word_1_316' title='bbox 2054 4375 2117 4432; x_wconf 89' lang='lat' dir='ltr'>et</span> <span class='ocrx_word' id='word_1_317' title='bbox 2161 4371 2394 4433; x_wconf 87' lang='lat' dir='ltr'>directe</span> 
     </span>
     <span class='ocr_line' id='line_1_50' title="bbox 862 4462 2393 4540; baseline 0 -18"><span class='ocrx_word' id='word_1_318' title='bbox 862 4463 1093 4524; x_wconf 90' lang='lat' dir='ltr'>emitur</span> <span class='ocrx_word' id='word_1_319' title='bbox 1119 4462 1507 4522; x_wconf 82' lang='lat' dir='ltr'>ususfructus</span> <span class='ocrx_word' id='word_1_320' title='bbox 1538 4462 1817 4540; x_wconf 88' lang='lat' dir='ltr'>partialis</span> <span class='ocrx_word' id='word_1_321' title='bbox 1846 4462 1935 4522; x_wconf 86' lang='lat' dir='ltr'>rei</span> <span class='ocrx_word' id='word_1_322' title='bbox 1957 4464 2232 4539; x_wconf 85' lang='lat' dir='ltr'>censitae,</span> <span class='ocrx_word' id='word_1_323' title='bbox 2267 4482 2393 4524; x_wconf 92' lang='lat' dir='ltr'>non</span> 
     </span>
     <span class='ocr_line' id='line_1_51' title="bbox 862 4553 2394 4633; baseline 0 -17"><span class='ocrx_word' id='word_1_324' title='bbox 862 4561 958 4617; x_wconf 89' lang='lat' dir='ltr'>est</span> <span class='ocrx_word' id='word_1_325' title='bbox 985 4573 1098 4615; x_wconf 89' lang='lat' dir='ltr'>cur</span> <span class='ocrx_word' id='word_1_326' title='bbox 1122 4559 1376 4633; x_wconf 88' lang='lat' dir='ltr'>pactum</span> <span class='ocrx_word' id='word_1_327' title='bbox 1406 4553 1482 4614; x_wconf 90' lang='lat' dir='ltr'>de</span> <span class='ocrx_word' id='word_1_328' title='bbox 1512 4554 2014 4616; x_wconf 83' lang='lat' dir='ltr'>retrovendendo</span> <span class='ocrx_word' id='word_1_329' title='bbox 2057 4574 2181 4616; x_wconf 92' lang='lat' dir='ltr'>non</span> <span class='ocrx_word' id='word_1_330' title='bbox 2211 4556 2394 4618; x_wconf 89' lang='lat' dir='ltr'>intel-</span> 
     </span>
     <span class='ocr_line' id='line_1_52' title="bbox 857 4646 2389 4727; baseline 0.001 -18"><span class='ocrx_word' id='word_1_331' title='bbox 857 4646 1109 4727; x_wconf 78' lang='lat' dir='ltr'>ligatur,</span> <span class='ocrx_word' id='word_1_332' title='bbox 1143 4648 1304 4709; x_wconf 89' lang='lat' dir='ltr'>sicut</span> <span class='ocrx_word' id='word_1_333' title='bbox 1331 4648 1391 4708; x_wconf 90' lang='lat' dir='ltr'>in</span> <span class='ocrx_word' id='word_1_334' title='bbox 1426 4648 1561 4708; x_wconf 89' lang='lat' dir='ltr'>aliis</span> <span class='ocrx_word' id='word_1_335' title='bbox 1591 4648 1812 4724; x_wconf 90' lang='lat' dir='ltr'>rebus,</span> <span class='ocrx_word' id='word_1_336' title='bbox 1860 4650 1930 4709; x_wconf 94' lang='lat' dir='ltr'>ut</span> <span class='ocrx_word' id='word_1_337' title='bbox 1957 4667 2081 4710; x_wconf 91' lang='lat' dir='ltr'>non</span> <span class='ocrx_word' id='word_1_338' title='bbox 2111 4648 2231 4708; x_wconf 92' lang='lat' dir='ltr'>nisi</span> <span class='ocrx_word' id='word_1_339' title='bbox 2259 4653 2389 4711; x_wconf 90' lang='lat' dir='ltr'>toto</span> 
     </span>
     <span class='ocr_line' id='line_1_53' title="bbox 857 4739 2389 4821; baseline 0.001 -19"><span class='ocrx_word' id='word_1_340' title='bbox 857 4742 1058 4821; x_wconf 89' lang='lat' dir='ltr'>pretio</span> <span class='ocrx_word' id='word_1_341' title='bbox 1088 4741 1336 4801; x_wconf 88' lang='lat' dir='ltr'>reddito</span> <span class='ocrx_word' id='word_1_342' title='bbox 1361 4739 1589 4802; x_wconf 84' lang='lat' dir='ltr'>debeat</span> <span class='ocrx_word' id='word_1_343' title='bbox 1606 4741 1854 4802; x_wconf 88' lang='lat' dir='ltr'>redimi.</span> <span class='ocrx_word' id='word_1_344' title='bbox 1889 4741 2066 4813; x_wconf 88' lang='lat' dir='ltr'>Quod</span> <span class='ocrx_word' id='word_1_345' title='bbox 2098 4741 2266 4801; x_wconf 91' lang='lat' dir='ltr'>enim</span> <span class='ocrx_word' id='word_1_346' title='bbox 2289 4762 2389 4803; x_wconf 88' lang='lat' dir='ltr'>res</span> 
     </span>
     <span class='ocr_line' id='line_1_54' title="bbox 855 4832 2390 4913; baseline 0.002 -21"><span class='ocrx_word' id='word_1_347' title='bbox 855 4834 1112 4895; x_wconf 77' lang='lat' dir='ltr'>vendita</span> <span class='ocrx_word' id='word_1_348' title='bbox 1141 4851 1214 4892; x_wconf 81' lang='lat' dir='ltr'>ex</span> <span class='ocrx_word' id='word_1_349' title='bbox 1242 4851 1307 4892; x_wconf 91' lang='lat' dir='ltr'>sc</span> <span class='ocrx_word' id='word_1_350' title='bbox 1338 4833 1539 4910; x_wconf 80' lang='lat' dir='ltr'>magis</span> <span class='ocrx_word' id='word_1_351' title='bbox 1569 4832 1826 4894; x_wconf 83' lang='lat' dir='ltr'>dividua</span> <span class='ocrx_word' id='word_1_352' title='bbox 1852 4834 1951 4908; x_wconf 88' lang='lat' dir='ltr'>sit,</span> <span class='ocrx_word' id='word_1_353' title='bbox 1987 4852 2176 4913; x_wconf 90' lang='lat' dir='ltr'>quam</span> <span class='ocrx_word' id='word_1_354' title='bbox 2207 4834 2390 4895; x_wconf 83' lang='lat' dir='ltr'>vinea</span> 
     </span>
     <span class='ocr_line' id='line_1_55' title="bbox 855 4925 2389 5005; baseline 0.001 -19"><span class='ocrx_word' id='word_1_355' title='bbox 855 4928 951 4987; x_wconf 69' lang='lat' dir='ltr'>vel</span> <span class='ocrx_word' id='word_1_356' title='bbox 1011 4928 1237 4987; x_wconf 88' lang='lat' dir='ltr'>domus</span> <span class='ocrx_word' id='word_1_357' title='bbox 1259 4973 1275 5003; x_wconf 94' lang='lat'>,</span> <span class='ocrx_word' id='word_1_358' title='bbox 1336 4943 1455 4986; x_wconf 86' lang='lat' dir='ltr'>non</span> <span class='ocrx_word' id='word_1_359' title='bbox 1514 4925 1733 4998; x_wconf 84' lang='lat' dir='ltr'>refert;</span> <span class='ocrx_word' id='word_1_360' title='bbox 1792 4945 1934 4986; x_wconf 87' lang='lat' dir='ltr'>cum</span> <span class='ocrx_word' id='word_1_361' title='bbox 1991 4927 2182 4986; x_wconf 88' lang='lat' dir='ltr'>etiam</span> <span class='ocrx_word' id='word_1_362' title='bbox 2235 4946 2389 5005; x_wconf 81' lang='lat' dir='ltr'>grex</span> 
     </span>
     <span class='ocr_line' id='line_1_56' title="bbox 855 5018 2382 5096; baseline 0 -16"><span class='ocrx_word' id='word_1_363' title='bbox 855 5021 1088 5095; x_wconf 84' lang='lat' dir='ltr'>ovium,</span> <span class='ocrx_word' id='word_1_364' title='bbox 1121 5022 1232 5079; x_wconf 92' lang='lat' dir='ltr'>aut</span> <span class='ocrx_word' id='word_1_365' title='bbox 1257 5023 1508 5079; x_wconf 88' lang='lat' dir='ltr'>centum</span> <span class='ocrx_word' id='word_1_366' title='bbox 1537 5018 1702 5079; x_wconf 86' lang='lat' dir='ltr'>dolia</span> <span class='ocrx_word' id='word_1_367' title='bbox 1731 5019 1858 5078; x_wconf 71' lang='lat' dir='ltr'>vini</span> <span class='ocrx_word' id='word_1_368' title='bbox 1879 5018 2212 5080; x_wconf 84' lang='lat' dir='ltr'>divisibilia</span> <span class='ocrx_word' id='word_1_369' title='bbox 2241 5020 2382 5096; x_wconf 85' lang='lat' dir='ltr'>sint,</span> 
     </span>
     <span class='ocr_line' id='line_1_57' title="bbox 854 5111 2388 5191; baseline 0.001 -19"><span class='ocrx_word' id='word_1_370' title='bbox 854 5119 916 5175; x_wconf 89' lang='lat' dir='ltr'>et</span> <span class='ocrx_word' id='word_1_371' title='bbox 960 5118 1173 5174; x_wconf 88' lang='lat' dir='ltr'>tamen</span> <span class='ocrx_word' id='word_1_372' title='bbox 1203 5112 1310 5191; x_wconf 89' lang='lat' dir='ltr'>qui</span> <span class='ocrx_word' id='word_1_373' title='bbox 1352 5111 1604 5172; x_wconf 89' lang='lat' dir='ltr'>emisset</span> <span class='ocrx_word' id='word_1_374' title='bbox 1646 5129 1789 5171; x_wconf 87' lang='lat' dir='ltr'>cum</span> <span class='ocrx_word' id='word_1_375' title='bbox 1836 5116 2017 5191; x_wconf 89' lang='lat' dir='ltr'>pacto</span> <span class='ocrx_word' id='word_1_376' title='bbox 2063 5118 2388 5173; x_wconf 87' lang='lat' dir='ltr'>retroven-</span> 
     </span>
     <span class='ocr_line' id='line_1_58' title="bbox 853 5203 2380 5285; baseline 0.002 -20"><span class='ocrx_word' id='word_1_377' title='bbox 853 5206 1064 5281; x_wconf 91' lang='lat' dir='ltr'>dendi,</span> <span class='ocrx_word' id='word_1_378' title='bbox 1100 5223 1224 5265; x_wconf 91' lang='lat' dir='ltr'>non</span> <span class='ocrx_word' id='word_1_379' title='bbox 1242 5209 1562 5266; x_wconf 89' lang='lat' dir='ltr'>teneretur</span> <span class='ocrx_word' id='word_1_380' title='bbox 1580 5203 1696 5264; x_wconf 90' lang='lat' dir='ltr'>nisi</span> <span class='ocrx_word' id='word_1_381' title='bbox 1716 5208 1847 5265; x_wconf 90' lang='lat' dir='ltr'>toto</span> <span class='ocrx_word' id='word_1_382' title='bbox 1875 5203 2076 5284; x_wconf 86' lang='lat' dir='ltr'>pretio</span> <span class='ocrx_word' id='word_1_383' title='bbox 2098 5210 2380 5285; x_wconf 79' lang='lat' dir='ltr'>accepte,</span> 
     </span>
     <span class='ocr_line' id='line_1_59' title="bbox 854 5297 2030 5378; baseline 0.001 -21"><span class='ocrx_word' id='word_1_384' title='bbox 854 5301 1097 5377; x_wconf 87' lang='lat' dir='ltr'>partem</span> <span class='ocrx_word' id='word_1_385' title='bbox 1125 5298 1402 5378; x_wconf 87' lang='lat' dir='ltr'>aliquam</span> <span class='ocrx_word' id='word_1_386' title='bbox 1426 5297 1654 5358; x_wconf 90' lang='lat' dir='ltr'>mercis</span> <span class='ocrx_word' id='word_1_387' title='bbox 1680 5297 2030 5358; x_wconf 87' lang='lat' dir='ltr'>restituere.</span> 
     </span>
    </p>

    <p class='ocr_par' dir='ltr' id='par_1_8' title="bbox 853 5389 2380 5561">
     <span class='ocr_line' id='line_1_60' title="bbox 933 5389 2380 5470; baseline 0.001 -19"><span class='ocrx_word' id='word_1_388' title='bbox 933 5390 1300 5451; x_wconf 79' lang='lat' dir='ltr'>confirmari</span> <span class='ocrx_word' id='word_1_389' title='bbox 1324 5395 1530 5470; x_wconf 87' lang='lat' dir='ltr'>potest</span> <span class='ocrx_word' id='word_1_390' title='bbox 1547 5391 1748 5469; x_wconf 90' lang='lat' dir='ltr'>primo</span> <span class='ocrx_word' id='word_1_391' title='bbox 1766 5391 1845 5451; x_wconf 87' lang='lat' dir='ltr'>ab</span> <span class='ocrx_word' id='word_1_392' title='bbox 1864 5391 2150 5468; x_wconf 84' lang='lat' dir='ltr'>exemplo</span> <span class='ocrx_word' id='word_1_393' title='bbox 2165 5389 2380 5469; x_wconf 90' lang='lat' dir='ltr'>pigno-</span> 
     </span>
     <span class='ocr_line' id='line_1_61' title="bbox 853 5482 2380 5561; baseline 0.001 -19"><span class='ocrx_word' id='word_1_394' title='bbox 853 5483 958 5559; x_wconf 79' lang='lat' dir='ltr'>riS,</span> <span class='ocrx_word' id='word_1_395' title='bbox 993 5483 1162 5561; x_wconf 91' lang='lat' dir='ltr'>quod</span> <span class='ocrx_word' id='word_1_396' title='bbox 1192 5482 1436 5543; x_wconf 85' lang='lat' dir='ltr'>etiamsi</span> <span class='ocrx_word' id='word_1_397' title='bbox 1464 5482 1772 5545; x_wconf 81' lang='lat' dir='ltr'>divisibile</span> <span class='ocrx_word' id='word_1_398' title='bbox 1799 5482 1899 5558; x_wconf 90' lang='lat' dir='ltr'>sit,</span> <span class='ocrx_word' id='word_1_399' title='bbox 1936 5486 2004 5543; x_wconf 91' lang='lat' dir='ltr'>ut</span> <span class='ocrx_word' id='word_1_400' title='bbox 2029 5483 2078 5544; x_wconf 90' lang='lat' dir='ltr'>si</span> <span class='ocrx_word' id='word_1_401' title='bbox 2102 5500 2216 5560; x_wconf 89' lang='lat' dir='ltr'>pro</span> <span class='ocrx_word' id='word_1_402' title='bbox 2244 5501 2380 5544; x_wconf 89' lang='lat' dir='ltr'>mu-</span> 
     </span>
    </p>
   </div>
   <div class='ocr_carea' id='block_1_7' title="bbox 2045 298 2933 362">
    <p class='ocr_par' dir='ltr' id='par_1_9' title="bbox 2045 298 2933 362">
     <span class='ocr_line' id='line_1_62' title="bbox 2045 298 2933 362; baseline -0.002 0"><span class='ocrx_word' id='word_1_403' title='bbox 2045 301 2148 361; x_wconf 76' lang='lat' dir='ltr'>DE</span> <span class='ocrx_word' id='word_1_404' title='bbox 2197 298 2548 362; x_wconf 80' lang='lat' dir='ltr'>JUs&#39;rl‘mA</span> <span class='ocrx_word' id='word_1_405' title='bbox 2593 299 2694 361; x_wconf 80' lang='grc' dir='ltr'>ΕΤ</span> <span class='ocrx_word' id='word_1_406' title='bbox 2735 299 2933 361; x_wconf 76' lang='lat' dir='ltr'>JURE</span> 
     </span>
    </p>
   </div>
   <div class='ocr_carea' id='block_1_8' title="bbox 2515 473 4023 2598">
    <p class='ocr_par' dir='ltr' id='par_1_10' title="bbox 2518 473 4020 1204">
     <span class='ocr_line' id='line_1_63' title="bbox 2524 473 4012 555; baseline -0.001 -19"><span class='ocrx_word' id='word_1_407' title='bbox 2524 480 2629 536; x_wconf 92' lang='lat' dir='ltr'>tuo</span> <span class='ocrx_word' id='word_1_408' title='bbox 2659 478 2909 536; x_wconf 89' lang='lat' dir='ltr'>centum</span> <span class='ocrx_word' id='word_1_409' title='bbox 2939 493 3270 535; x_wconf 82' lang='lat' dir='ltr'>aureorum</span> <span class='ocrx_word' id='word_1_410' title='bbox 3301 473 3533 536; x_wconf 81' lang='lat' dir='ltr'>dedisti</span> <span class='ocrx_word' id='word_1_411' title='bbox 3578 473 3638 534; x_wconf 93' lang='lat' dir='ltr'>in</span> <span class='ocrx_word' id='word_1_412' title='bbox 3666 475 3887 555; x_wconf 80' lang='lat' dir='ltr'>pignus</span> <span class='ocrx_word' id='word_1_413' title='bbox 3910 475 4012 535; x_wconf 88' lang='lat' dir='ltr'>duo</span> 
     </span>
     <span class='ocr_line' id='line_1_64' title="bbox 2522 568 4015 648; baseline 0 -18"><span class='ocrx_word' id='word_1_414' title='bbox 2522 587 2674 630; x_wconf 81' lang='lat' dir='ltr'>vasa</span> <span class='ocrx_word' id='word_1_415' title='bbox 2718 573 3016 648; x_wconf 88' lang='lat' dir='ltr'>argentea</span> <span class='ocrx_word' id='word_1_416' title='bbox 3038 614 3054 645; x_wconf 91' lang='lat'>,</span> <span class='ocrx_word' id='word_1_417' title='bbox 3110 587 3233 629; x_wconf 92' lang='lat' dir='ltr'>non</span> <span class='ocrx_word' id='word_1_418' title='bbox 3283 568 3522 647; x_wconf 90' lang='lat' dir='ltr'>poteris</span> <span class='ocrx_word' id='word_1_419' title='bbox 3576 568 3840 629; x_wconf 89' lang='lat' dir='ltr'>alterum</span> <span class='ocrx_word' id='word_1_420' title='bbox 3884 569 4015 630; x_wconf 82' lang='lat' dir='ltr'>redi-</span> 
     </span>
     <span class='ocr_line' id='line_1_65' title="bbox 2523 661 4015 742; baseline -0.001 -20"><span class='ocrx_word' id='word_1_421' title='bbox 2523 681 2693 722; x_wconf 87' lang='lat' dir='ltr'>mere</span> <span class='ocrx_word' id='word_1_422' title='bbox 2722 661 2982 722; x_wconf 88' lang='lat' dir='ltr'>redditis</span> <span class='ocrx_word' id='word_1_423' title='bbox 3019 661 3472 741; x_wconf 86' lang='lat' dir='ltr'>quinquaginta</span> <span class='ocrx_word' id='word_1_424' title='bbox 3520 662 3666 740; x_wconf 85' lang='lat' dir='ltr'>quia</span> <span class='ocrx_word' id='word_1_425' title='bbox 3712 666 4015 742; x_wconf 84' lang='lat' dir='ltr'>utrumque</span> 
     </span>
     <span class='ocr_line' id='line_1_66' title="bbox 2521 755 4015 834; baseline 0.002 -21"><span class='ocrx_word' id='word_1_426' title='bbox 2521 772 2632 814; x_wconf 80' lang='lat' dir='ltr'>vas</span> <span class='ocrx_word' id='word_1_427' title='bbox 2661 755 3005 834; x_wconf 90' lang='lat' dir='ltr'>obligatum</span> <span class='ocrx_word' id='word_1_428' title='bbox 3031 759 3246 817; x_wconf 89' lang='lat' dir='ltr'>manet</span> <span class='ocrx_word' id='word_1_429' title='bbox 3270 774 3385 833; x_wconf 91' lang='lat' dir='ltr'>pro</span> <span class='ocrx_word' id='word_1_430' title='bbox 3415 758 3546 816; x_wconf 91' lang='lat' dir='ltr'>toto</span> <span class='ocrx_word' id='word_1_431' title='bbox 3576 755 3814 830; x_wconf 90' lang='lat' dir='ltr'>debito,</span> <span class='ocrx_word' id='word_1_432' title='bbox 3844 762 3900 815; x_wconf 85' lang='lat' dir='ltr'>et</span> <span class='ocrx_word' id='word_1_433' title='bbox 3923 774 4015 834; x_wconf 84' lang='lat' dir='ltr'>pro</span> 
     </span>
     <span class='ocr_line' id='line_1_67' title="bbox 2519 847 4016 927; baseline 0 -20"><span class='ocrx_word' id='word_1_434' title='bbox 2519 847 2779 925; x_wconf 90' lang='lat' dir='ltr'>singulis</span> <span class='ocrx_word' id='word_1_435' title='bbox 2809 847 3110 926; x_wconf 66' lang='lat' dir='ltr'>partibus</span> <span class='ocrx_word' id='word_1_436' title='bbox 3167 847 3466 909; x_wconf 89' lang='lat' dir='ltr'>Similiter</span> <span class='ocrx_word' id='word_1_437' title='bbox 3512 866 3661 927; x_wconf 84' lang='lat' dir='ltr'>ergo</span> <span class='ocrx_word' id='word_1_438' title='bbox 3702 854 3871 909; x_wconf 78' lang='lat' dir='ltr'>totus</span> <span class='ocrx_word' id='word_1_439' title='bbox 3901 866 4016 907; x_wconf 84' lang='lat' dir='ltr'>cen·</span> 
     </span>
     <span class='ocr_line' id='line_1_68' title="bbox 2520 939 4018 1021; baseline 0 -21"><span class='ocrx_word' id='word_1_440' title='bbox 2520 959 2626 1000; x_wconf 91' lang='lat' dir='ltr'>sus</span> <span class='ocrx_word' id='word_1_441' title='bbox 2651 945 2867 1002; x_wconf 88' lang='lat' dir='ltr'>manet</span> <span class='ocrx_word' id='word_1_442' title='bbox 2893 939 3072 1020; x_wconf 85' lang='lat' dir='ltr'>quasi</span> <span class='ocrx_word' id='word_1_443' title='bbox 3101 940 3412 1019; x_wconf 86' lang='lat' dir='ltr'>obligatus</span> <span class='ocrx_word' id='word_1_444' title='bbox 3433 959 3547 1019; x_wconf 86' lang='lat' dir='ltr'>pro</span> <span class='ocrx_word' id='word_1_445' title='bbox 3571 946 3701 1002; x_wconf 86' lang='lat' dir='ltr'>toto</span> <span class='ocrx_word' id='word_1_446' title='bbox 3729 940 3942 1021; x_wconf 81' lang='lat' dir='ltr'>pretio,</span> <span class='ocrx_word' id='word_1_447' title='bbox 3969 946 4018 1001; x_wconf 83' lang='lat' dir='ltr'>et</span> 
     </span>
     <span class='ocr_line' id='line_1_69' title="bbox 2520 1032 4020 1112; baseline 0.001 -19"><span class='ocrx_word' id='word_1_448' title='bbox 2520 1036 2686 1093; x_wconf 91' lang='lat' dir='ltr'>totus</span> <span class='ocrx_word' id='word_1_449' title='bbox 2714 1032 2943 1110; x_wconf 88' lang='lat' dir='ltr'>poterit</span> <span class='ocrx_word' id='word_1_450' title='bbox 2968 1032 3219 1093; x_wconf 89' lang='lat' dir='ltr'>retineri</span> <span class='ocrx_word' id='word_1_451' title='bbox 3250 1032 3330 1093; x_wconf 91' lang='lat' dir='ltr'>ab</span> <span class='ocrx_word' id='word_1_452' title='bbox 3363 1037 3648 1112; x_wconf 88' lang='lat' dir='ltr'>emptore</span> <span class='ocrx_word' id='word_1_453' title='bbox 3669 1080 3687 1112; x_wconf 92' lang='lat'>,</span> <span class='ocrx_word' id='word_1_454' title='bbox 3730 1034 3924 1094; x_wconf 82' lang='lat' dir='ltr'>donec</span> <span class='ocrx_word' id='word_1_455' title='bbox 3945 1037 4020 1094; x_wconf 81' lang='lat' dir='ltr'>to-</span> 
     </span>
     <span class='ocr_line' id='line_1_70' title="bbox 2518 1125 3507 1204; baseline 0 -18"><span class='ocrx_word' id='word_1_456' title='bbox 2518 1128 2653 1186; x_wconf 90' lang='lat' dir='ltr'>tum</span> <span class='ocrx_word' id='word_1_457' title='bbox 2680 1125 2949 1204; x_wconf 91' lang='lat' dir='ltr'>pretium</span> <span class='ocrx_word' id='word_1_458' title='bbox 2975 1125 3094 1185; x_wconf 89' lang='lat' dir='ltr'>sibi</span> <span class='ocrx_word' id='word_1_459' title='bbox 3122 1125 3507 1189; x_wconf 85' lang='lat' dir='ltr'>restituatur.</span> 
     </span>
    </p>

    <p class='ocr_par' dir='ltr' id='par_1_11' title="bbox 2516 1219 4022 1855">
     <span class='ocr_line' id='line_1_71' title="bbox 2600 1219 4019 1299; baseline -0.002 -19"><span class='ocrx_word' id='word_1_460' title='bbox 2600 1219 3015 1280; x_wconf 76' lang='lat' dir='ltr'>confirmatur</span> <span class='ocrx_word' id='word_1_461' title='bbox 3041 1219 3337 1296; x_wconf 90' lang='lat' dir='ltr'>secundo,</span> <span class='ocrx_word' id='word_1_462' title='bbox 3371 1220 3520 1299; x_wconf 90' lang='lat' dir='ltr'>quia</span> <span class='ocrx_word' id='word_1_463' title='bbox 3547 1236 3744 1297; x_wconf 80' lang='lat' dir='ltr'>grave</span> <span class='ocrx_word' id='word_1_464' title='bbox 3774 1236 3922 1278; x_wconf 88' lang='lat' dir='ltr'>onus</span> <span class='ocrx_word' id='word_1_465' title='bbox 3946 1237 4019 1278; x_wconf 64' lang='lat' dir='ltr'>es·</span> 
     </span>
     <span class='ocr_line' id='line_1_72' title="bbox 2519 1311 4016 1390; baseline -0.001 -19"><span class='ocrx_word' id='word_1_466' title='bbox 2519 1316 2614 1372; x_wconf 92' lang='lat' dir='ltr'>set</span> <span class='ocrx_word' id='word_1_467' title='bbox 2642 1311 2909 1390; x_wconf 90' lang='lat' dir='ltr'>emptori</span> <span class='ocrx_word' id='word_1_468' title='bbox 2965 1311 3068 1390; x_wconf 89' lang='lat' dir='ltr'>qui</span> <span class='ocrx_word' id='word_1_469' title='bbox 3116 1312 3284 1372; x_wconf 89' lang='lat' dir='ltr'>mille</span> <span class='ocrx_word' id='word_1_470' title='bbox 3332 1312 3539 1372; x_wconf 90' lang='lat' dir='ltr'>aureis</span> <span class='ocrx_word' id='word_1_471' title='bbox 3585 1329 3846 1372; x_wconf 87' lang='lat' dir='ltr'>censum</span> <span class='ocrx_word' id='word_1_472' title='bbox 3873 1311 4016 1386; x_wconf 82' lang='lat' dir='ltr'>emit,</span> 
     </span>
     <span class='ocr_line' id='line_1_73' title="bbox 2520 1403 4019 1484; baseline 0 -20"><span class='ocrx_word' id='word_1_473' title='bbox 2520 1404 2745 1484; x_wconf 88' lang='lat' dir='ltr'>quibus</span> <span class='ocrx_word' id='word_1_474' title='bbox 2811 1405 3077 1465; x_wconf 88' lang='lat' dir='ltr'>fundum</span> <span class='ocrx_word' id='word_1_475' title='bbox 3100 1451 3116 1481; x_wconf 93' lang='lat'><strong>‚</strong></span> <span class='ocrx_word' id='word_1_476' title='bbox 3175 1406 3275 1466; x_wconf 82' lang='lat' dir='ltr'>vel</span> <span class='ocrx_word' id='word_1_477' title='bbox 3331 1406 3592 1467; x_wconf 87' lang='lat' dir='ltr'>domum</span> <span class='ocrx_word' id='word_1_478' title='bbox 3661 1403 4019 1466; x_wconf 74' lang='lat' dir='ltr'>fructiferam</span> 
     </span>
     <span class='ocr_line' id='line_1_74' title="bbox 2519 1497 4020 1578; baseline -0.001 -20"><span class='ocrx_word' id='word_1_479' title='bbox 2519 1516 2728 1558; x_wconf 91' lang='lat' dir='ltr'>emere</span> <span class='ocrx_word' id='word_1_480' title='bbox 2757 1498 3093 1576; x_wconf 88' lang='lat' dir='ltr'>potuisset,</span> <span class='ocrx_word' id='word_1_481' title='bbox 3144 1498 3197 1558; x_wconf 92' lang='lat' dir='ltr'>si</span> <span class='ocrx_word' id='word_1_482' title='bbox 3234 1503 3497 1578; x_wconf 86' lang='lat' dir='ltr'>cogatur</span> <span class='ocrx_word' id='word_1_483' title='bbox 3525 1497 3780 1559; x_wconf 88' lang='lat' dir='ltr'>tertiam</span> <span class='ocrx_word' id='word_1_484' title='bbox 3808 1503 4020 1576; x_wconf 84' lang='lat' dir='ltr'>partem</span> 
     </span>
     <span class='ocr_line' id='line_1_75' title="bbox 2518 1590 4020 1672; baseline -0.001 -20"><span class='ocrx_word' id='word_1_485' title='bbox 2518 1609 2740 1652; x_wconf 89' lang='lat' dir='ltr'>census</span> <span class='ocrx_word' id='word_1_486' title='bbox 2770 1590 3169 1670; x_wconf 86' lang='lat' dir='ltr'>extinguere,</span> <span class='ocrx_word' id='word_1_487' title='bbox 3204 1597 3463 1672; x_wconf 87' lang='lat' dir='ltr'>accepta</span> <span class='ocrx_word' id='word_1_488' title='bbox 3490 1591 3679 1652; x_wconf 88' lang='lat' dir='ltr'>tertia</span> <span class='ocrx_word' id='word_1_489' title='bbox 3709 1596 3882 1669; x_wconf 84' lang='lat' dir='ltr'>parte</span> <span class='ocrx_word' id='word_1_490' title='bbox 3908 1609 4020 1669; x_wconf 83' lang='lat' dir='ltr'>pre·</span> 
     </span>
     <span class='ocr_line' id='line_1_76' title="bbox 2516 1683 4022 1763; baseline 0.002 -20"><span class='ocrx_word' id='word_1_491' title='bbox 2516 1684 2620 1757; x_wconf 90' lang='lat' dir='ltr'>tii,</span> <span class='ocrx_word' id='word_1_492' title='bbox 2682 1684 2829 1763; x_wconf 91' lang='lat' dir='ltr'>quia</span> <span class='ocrx_word' id='word_1_493' title='bbox 2876 1702 3000 1744; x_wconf 91' lang='lat' dir='ltr'>non</span> <span class='ocrx_word' id='word_1_494' title='bbox 3048 1683 3134 1745; x_wconf 87' lang='lat' dir='ltr'>ita</span> <span class='ocrx_word' id='word_1_495' title='bbox 3176 1684 3356 1745; x_wconf 88' lang='lat' dir='ltr'>facile</span> <span class='ocrx_word' id='word_1_496' title='bbox 3412 1684 3647 1763; x_wconf 90' lang='lat' dir='ltr'>poterit</span> <span class='ocrx_word' id='word_1_497' title='bbox 3675 1702 3808 1743; x_wconf 88' lang='lat' dir='ltr'>rem</span> <span class='ocrx_word' id='word_1_498' title='bbox 3837 1683 4022 1746; x_wconf 75' lang='lat' dir='ltr'>fructi-</span> 
     </span>
     <span class='ocr_line' id='line_1_77' title="bbox 2516 1776 3132 1855; baseline 0.003 -18"><span class='ocrx_word' id='word_1_499' title='bbox 2516 1776 2714 1838; x_wconf 76' lang='lat' dir='ltr'>feram</span> <span class='ocrx_word' id='word_1_500' title='bbox 2743 1794 3132 1855; x_wconf 90' lang='lat' dir='ltr'>comparare.</span> 
     </span>
    </p>

    <p class='ocr_par' dir='ltr' id='par_1_12' title="bbox 2515 1868 4023 2598">
     <span class='ocr_line' id='line_1_78' title="bbox 2595 1868 4022 1950; baseline 0.001 -19"><span class='ocrx_word' id='word_1_501' title='bbox 2595 1869 2913 1950; x_wconf 90' lang='lat' dir='ltr'>Objiciunt</span> <span class='ocrx_word' id='word_1_502' title='bbox 2939 1870 3162 1947; x_wconf 92' lang='lat' dir='ltr'>primo,</span> <span class='ocrx_word' id='word_1_503' title='bbox 3197 1868 3345 1949; x_wconf 90' lang='lat' dir='ltr'>quia</span> <span class='ocrx_word' id='word_1_504' title='bbox 3373 1869 3676 1930; x_wconf 88' lang='lat' dir='ltr'>nimirum</span> <span class='ocrx_word' id='word_1_505' title='bbox 3706 1874 3861 1930; x_wconf 71' lang='lat' dir='ltr'>onas</span> <span class='ocrx_word' id='word_1_506' title='bbox 3887 1876 4022 1932; x_wconf 78' lang='lat' dir='ltr'>esset</span> 
     </span>
     <span class='ocr_line' id='line_1_79' title="bbox 2516 1962 4022 2042; baseline 0 -19"><span class='ocrx_word' id='word_1_507' title='bbox 2516 1962 2823 2023; x_wconf 83' lang='lat' dir='ltr'>venditori</span> <span class='ocrx_word' id='word_1_508' title='bbox 2855 1962 3113 2041; x_wconf 89' lang='lat' dir='ltr'>pauperi</span> <span class='ocrx_word' id='word_1_509' title='bbox 3139 2008 3154 2039; x_wconf 91' lang='lat'>,</span> <span class='ocrx_word' id='word_1_510' title='bbox 3205 1963 3258 2022; x_wconf 92' lang='lat' dir='ltr'>si</span> <span class='ocrx_word' id='word_1_511' title='bbox 3287 1979 3411 2022; x_wconf 92' lang='lat' dir='ltr'>non</span> <span class='ocrx_word' id='word_1_512' title='bbox 3441 1968 3662 2041; x_wconf 89' lang='lat' dir='ltr'>posset</span> <span class='ocrx_word' id='word_1_513' title='bbox 3695 1982 3810 2042; x_wconf 90' lang='lat' dir='ltr'>per</span> <span class='ocrx_word' id='word_1_514' title='bbox 3842 1970 4022 2042; x_wconf 80' lang='lat' dir='ltr'>partes</span> 
     </span>
     <span class='ocr_line' id='line_1_80' title="bbox 2517 2054 4020 2134; baseline -0.001 -18"><span class='ocrx_word' id='word_1_515' title='bbox 2517 2056 2825 2116; x_wconf 89' lang='lat' dir='ltr'>redimere</span> <span class='ocrx_word' id='word_1_516' title='bbox 2844 2102 2859 2131; x_wconf 96' lang='lat'>,</span> <span class='ocrx_word' id='word_1_517' title='bbox 2896 2072 3038 2115; x_wconf 89' lang='lat' dir='ltr'>cum</span> <span class='ocrx_word' id='word_1_518' title='bbox 3066 2054 3185 2134; x_wconf 91' lang='lat' dir='ltr'>ipsi</span> <span class='ocrx_word' id='word_1_519' title='bbox 3212 2055 3602 2132; x_wconf 89' lang='lat' dir='ltr'>impossibile</span> <span class='ocrx_word' id='word_1_520' title='bbox 3634 2056 3716 2118; x_wconf 88' lang='lat' dir='ltr'>sit</span> <span class='ocrx_word' id='word_1_521' title='bbox 3745 2073 4020 2116; x_wconf 81' lang='lat' dir='ltr'>summam</span> 
     </span>
     <span class='ocr_line' id='line_1_81' title="bbox 2515 2148 4021 2227; baseline 0.001 -19"><span class='ocrx_word' id='word_1_522' title='bbox 2515 2148 2826 2226; x_wconf 80' lang='lat' dir='ltr'>integram</span> <span class='ocrx_word' id='word_1_523' title='bbox 2862 2163 3277 2227; x_wconf 63' lang='lat' dir='ltr'>congregare-5</span> <span class='ocrx_word' id='word_1_524' title='bbox 3335 2165 3532 2227; x_wconf 88' lang='lat' dir='ltr'>quare</span> <span class='ocrx_word' id='word_1_525' title='bbox 3578 2148 3843 2227; x_wconf 87' lang='lat' dir='ltr'>perinde</span> <span class='ocrx_word' id='word_1_526' title='bbox 3888 2154 4021 2210; x_wconf 78' lang='lat' dir='ltr'>esset</span> 
     </span>
     <span class='ocr_line' id='line_1_82' title="bbox 2518 2240 4020 2320; baseline 0.001 -20"><span class='ocrx_word' id='word_1_527' title='bbox 2518 2258 2590 2301; x_wconf 88' lang='lat' dir='ltr'>ac</span> <span class='ocrx_word' id='word_1_528' title='bbox 2632 2240 2683 2300; x_wconf 89' lang='lat' dir='ltr'>si</span> <span class='ocrx_word' id='word_1_529' title='bbox 2726 2258 2986 2301; x_wconf 88' lang='lat' dir='ltr'>censum</span> <span class='ocrx_word' id='word_1_530' title='bbox 3015 2240 3488 2300; x_wconf 87' lang='lat' dir='ltr'>irredimibilem</span> <span class='ocrx_word' id='word_1_531' title='bbox 3519 2240 3827 2302; x_wconf 80' lang='lat' dir='ltr'>venderet</span> <span class='ocrx_word' id='word_1_532' title='bbox 3850 2243 4020 2320; x_wconf 82' lang='lat' dir='ltr'>pretio</span> 
     </span>
     <span class='ocr_line' id='line_1_83' title="bbox 2517 2332 4017 2413; baseline 0.001 -19"><span class='ocrx_word' id='word_1_533' title='bbox 2517 2332 2836 2394; x_wconf 87' lang='lat' dir='ltr'>communi</span> <span class='ocrx_word' id='word_1_534' title='bbox 2877 2350 3099 2393; x_wconf 88' lang='lat' dir='ltr'>census</span> <span class='ocrx_word' id='word_1_535' title='bbox 3141 2332 3539 2393; x_wconf 89' lang='lat' dir='ltr'>redimibilis.</span> <span class='ocrx_word' id='word_1_536' title='bbox 3584 2336 4017 2413; x_wconf 85' lang='lat' dir='ltr'>Respondetur,</span> 
     </span>
     <span class='ocr_line' id='line_1_84' title="bbox 2516 2425 4023 2507; baseline 0.002 -22"><span class='ocrx_word' id='word_1_537' title='bbox 2516 2425 2635 2488; x_wconf 88' lang='lat' dir='ltr'>boe</span> <span class='ocrx_word' id='word_1_538' title='bbox 2664 2430 3098 2504; x_wconf 88' lang='lat' dir='ltr'>argumentam</span> <span class='ocrx_word' id='word_1_539' title='bbox 3127 2426 3392 2504; x_wconf 85' lang='lat' dir='ltr'>probare</span> <span class='ocrx_word' id='word_1_540' title='bbox 3422 2426 3618 2488; x_wconf 88' lang='lat' dir='ltr'>etiam</span> <span class='ocrx_word' id='word_1_541' title='bbox 3637 2473 3657 2503; x_wconf 91' lang='lat'>,</span> <span class='ocrx_word' id='word_1_542' title='bbox 3710 2428 3877 2507; x_wconf 92' lang='lat' dir='ltr'>quod</span> <span class='ocrx_word' id='word_1_543' title='bbox 3901 2446 4023 2487; x_wconf 82' lang='lat' dir='ltr'>cen·</span> 
     </span>
     <span class='ocr_line' id='line_1_85' title="bbox 2516 2519 4020 2598; baseline 0.002 -19"><span class='ocrx_word' id='word_1_544' title='bbox 2516 2538 2620 2579; x_wconf 89' lang='lat' dir='ltr'>sus</span> <span class='ocrx_word' id='word_1_545' title='bbox 2661 2519 3024 2579; x_wconf 89' lang='lat' dir='ltr'>redimibilis</span> <span class='ocrx_word' id='word_1_546' title='bbox 3051 2520 3273 2597; x_wconf 89' lang='lat' dir='ltr'>majori</span> <span class='ocrx_word' id='word_1_547' title='bbox 3312 2520 3515 2598; x_wconf 90' lang='lat' dir='ltr'>pretio</span> <span class='ocrx_word' id='word_1_548' title='bbox 3546 2521 3858 2581; x_wconf 87' lang='lat' dir='ltr'>emendus</span> <span class='ocrx_word' id='word_1_549' title='bbox 3887 2527 4020 2582; x_wconf 60' lang='lat' dir='ltr'>esset</span> 
     </span>
    </p>
   </div>
   <div class='ocr_carea' id='block_1_9' title="bbox 2483 2611 4024 2691">
    <p class='ocr_par' dir='ltr' id='par_1_13' title="bbox 2483 2611 4024 2691">
     <span class='ocr_line' id='line_1_86' title="bbox 2483 2611 4024 2691; baseline 0.001 -20"><span class='ocrx_word' id='word_1_550' title='bbox 2483 2634 2492 2641; x_wconf 92' lang='lat'><strong>·</strong></span> <span class='ocrx_word' id='word_1_551' title='bbox 2516 2630 2553 2671; x_wconf 90' lang='lat' dir='ltr'>a</span> <span class='ocrx_word' id='word_1_552' title='bbox 2581 2611 2903 2672; x_wconf 83' lang='lat' dir='ltr'>venditore</span> <span class='ocrx_word' id='word_1_553' title='bbox 2933 2629 3206 2691; x_wconf 87' lang='lat' dir='ltr'>paupere</span> <span class='ocrx_word' id='word_1_554' title='bbox 3236 2630 3427 2691; x_wconf 84' lang='lat' dir='ltr'>quam</span> <span class='ocrx_word' id='word_1_555' title='bbox 3455 2630 3493 2672; x_wconf 90' lang='lat' dir='ltr'>a</span> <span class='ocrx_word' id='word_1_556' title='bbox 3518 2612 3740 2690; x_wconf 79' lang='lat' dir='ltr'>divite,</span> <span class='ocrx_word' id='word_1_557' title='bbox 3773 2632 3908 2674; x_wconf 85' lang='lat' dir='ltr'>cum</span> <span class='ocrx_word' id='word_1_558' title='bbox 3933 2614 4024 2673; x_wconf 87' lang='lat' dir='ltr'>mi·</span> 
     </span>
    </p>
   </div>
   <div class='ocr_carea' id='block_1_10' title="bbox 2481 2702 4020 5561">
    <p class='ocr_par' dir='ltr' id='par_1_14' title="bbox 2500 2702 4020 4156">
     <span class='ocr_line' id='line_1_87' title="bbox 2516 2702 4020 2784; baseline 0.002 -21"><span class='ocrx_word' id='word_1_559' title='bbox 2516 2721 2630 2764; x_wconf 86' lang='lat' dir='ltr'>nor</span> <span class='ocrx_word' id='word_1_560' title='bbox 2656 2703 2736 2765; x_wconf 91' lang='lat' dir='ltr'>sit</span> <span class='ocrx_word' id='word_1_561' title='bbox 2762 2722 2903 2782; x_wconf 90' lang='lat' dir='ltr'>spes</span> <span class='ocrx_word' id='word_1_562' title='bbox 2932 2702 3378 2782; x_wconf 83' lang='lat' dir='ltr'>redemptionis</span> <span class='ocrx_word' id='word_1_563' title='bbox 3412 2722 3426 2768; x_wconf 74' lang='grc' dir='ltr'>ε</span> <span class='ocrx_word' id='word_1_564' title='bbox 3472 2705 3649 2784; x_wconf 88' lang='lat' dir='ltr'>quod</span> <span class='ocrx_word' id='word_1_565' title='bbox 3689 2710 3896 2767; x_wconf 82' lang='lat' dir='ltr'>tamen</span> <span class='ocrx_word' id='word_1_566' title='bbox 3934 2707 4020 2766; x_wconf 84' lang='lat' dir='ltr'>ad-</span> 
     </span>
     <span class='ocr_line' id='line_1_88' title="bbox 2511 2796 4018 2877; baseline 0.002 -21"><span class='ocrx_word' id='word_1_567' title='bbox 2511 2796 2770 2857; x_wconf 85' lang='lat' dir='ltr'>versarii</span> <span class='ocrx_word' id='word_1_568' title='bbox 2818 2814 2942 2856; x_wconf 91' lang='lat' dir='ltr'>non</span> <span class='ocrx_word' id='word_1_569' title='bbox 2995 2796 3343 2857; x_wconf 89' lang='lat' dir='ltr'>concedent</span> <span class='ocrx_word' id='word_1_570' title='bbox 3375 2818 3389 2858; x_wconf 90' lang='lat'><strong>:</strong></span> <span class='ocrx_word' id='word_1_571' title='bbox 3449 2815 3650 2877; x_wconf 89' lang='lat' dir='ltr'>quare</span> <span class='ocrx_word' id='word_1_572' title='bbox 3710 2799 4018 2859; x_wconf 89' lang='lat' dir='ltr'>dicendum</span> 
     </span>
     <span class='ocr_line' id='line_1_89' title="bbox 2512 2889 4020 2968; baseline 0.001 -19"><span class='ocrx_word' id='word_1_573' title='bbox 2512 2893 2626 2965; x_wconf 89' lang='lat' dir='ltr'>est,</span> <span class='ocrx_word' id='word_1_574' title='bbox 2660 2889 2928 2968; x_wconf 90' lang='lat' dir='ltr'>pretium</span> <span class='ocrx_word' id='word_1_575' title='bbox 2978 2908 3102 2950; x_wconf 88' lang='lat' dir='ltr'>non</span> <span class='ocrx_word' id='word_1_576' title='bbox 3133 2908 3268 2950; x_wconf 89' lang='lat' dir='ltr'>esse</span> <span class='ocrx_word' id='word_1_577' title='bbox 3294 2890 3647 2951; x_wconf 84' lang='lat' dir='ltr'>taxandum</span> <span class='ocrx_word' id='word_1_578' title='bbox 3678 2910 3755 2951; x_wconf 87' lang='lat' dir='ltr'>ex</span> <span class='ocrx_word' id='word_1_579' title='bbox 3783 2892 4020 2953; x_wconf 82' lang='lat' dir='ltr'>circum-</span> 
     </span>
     <span class='ocr_line' id='line_1_90' title="bbox 2511 2981 4018 3060; baseline 0.001 -19"><span class='ocrx_word' id='word_1_580' title='bbox 2511 2981 2752 3043; x_wconf 89' lang='lat' dir='ltr'>stantiis</span> <span class='ocrx_word' id='word_1_581' title='bbox 2781 2981 3080 3060; x_wconf 86' lang='lat' dir='ltr'>emptoris</span> <span class='ocrx_word' id='word_1_582' title='bbox 3121 2981 3220 3041; x_wconf 84' lang='lat' dir='ltr'>vel</span> <span class='ocrx_word' id='word_1_583' title='bbox 3252 2981 3600 3043; x_wconf 84' lang='lat' dir='ltr'>venditoris</span> <span class='ocrx_word' id='word_1_584' title='bbox 3626 3030 3643 3058; x_wconf 94' lang='lat'>,</span> <span class='ocrx_word' id='word_1_585' title='bbox 3696 2984 3811 3044; x_wconf 89' lang='lat' dir='ltr'>sed</span> <span class='ocrx_word' id='word_1_586' title='bbox 3859 3004 3927 3043; x_wconf 81' lang='lat' dir='ltr'>ex</span> <span class='ocrx_word' id='word_1_587' title='bbox 3965 3004 4018 3043; x_wconf 85' lang='lat' dir='ltr'>re</span> 
     </span>
     <span class='ocr_line' id='line_1_91' title="bbox 2511 3074 4018 3156; baseline 0.001 -21"><span class='ocrx_word' id='word_1_588' title='bbox 2511 3093 2650 3154; x_wconf 83' lang='lat' dir='ltr'>quae</span> <span class='ocrx_word' id='word_1_589' title='bbox 2679 3074 2971 3135; x_wconf 87' lang='lat' dir='ltr'>venditur</span> <span class='ocrx_word' id='word_1_590' title='bbox 2999 3074 3098 3134; x_wconf 85' lang='lat' dir='ltr'>vel</span> <span class='ocrx_word' id='word_1_591' title='bbox 3127 3074 3374 3136; x_wconf 89' lang='lat' dir='ltr'>emitur.</span> <span class='ocrx_word' id='word_1_592' title='bbox 3424 3076 3528 3137; x_wconf 87' lang='lat' dir='ltr'>Sic</span> <span class='ocrx_word' id='word_1_593' title='bbox 3556 3076 3731 3135; x_wconf 91' lang='lat' dir='ltr'>enim</span> <span class='ocrx_word' id='word_1_594' title='bbox 3762 3078 3867 3156; x_wconf 88' lang='lat' dir='ltr'>qui</span> <span class='ocrx_word' id='word_1_595' title='bbox 3896 3097 4018 3137; x_wconf 77' lang='lat' dir='ltr'>ven·</span> 
     </span>
     <span class='ocr_line' id='line_1_92' title="bbox 2510 3165 4018 3250; baseline 0.003 -22"><span class='ocrx_word' id='word_1_596' title='bbox 2510 3166 2602 3229; x_wconf 91' lang='lat' dir='ltr'>dit</span> <span class='ocrx_word' id='word_1_597' title='bbox 2628 3186 2852 3246; x_wconf 86' lang='lat' dir='ltr'>agrum</span> <span class='ocrx_word' id='word_1_598' title='bbox 2881 3165 3150 3245; x_wconf 87' lang='lat' dir='ltr'>emptori</span> <span class='ocrx_word' id='word_1_599' title='bbox 3178 3168 3477 3246; x_wconf 87' lang='lat' dir='ltr'>pauperi,</span> <span class='ocrx_word' id='word_1_600' title='bbox 3523 3168 3631 3248; x_wconf 89' lang='lat' dir='ltr'>qui</span> <span class='ocrx_word' id='word_1_601' title='bbox 3663 3187 3792 3230; x_wconf 87' lang='lat' dir='ltr'>non</span> <span class='ocrx_word' id='word_1_602' title='bbox 3820 3171 4018 3250; x_wconf 79' lang='lat' dir='ltr'>poterit</span> 
     </span>
     <span class='ocr_line' id='line_1_93' title="bbox 2507 3258 4014 3341; baseline 0.003 -23"><span class='ocrx_word' id='word_1_603' title='bbox 2507 3259 2682 3319; x_wconf 92' lang='lat' dir='ltr'>illum</span> <span class='ocrx_word' id='word_1_604' title='bbox 2713 3278 2890 3338; x_wconf 85' lang='lat' dir='ltr'>aeque</span> <span class='ocrx_word' id='word_1_605' title='bbox 2921 3259 3080 3319; x_wconf 89' lang='lat' dir='ltr'>bene</span> <span class='ocrx_word' id='word_1_606' title='bbox 3111 3258 3315 3319; x_wconf 89' lang='lat' dir='ltr'>colere</span> <span class='ocrx_word' id='word_1_607' title='bbox 3346 3266 3414 3323; x_wconf 92' lang='lat' dir='ltr'>ut</span> <span class='ocrx_word' id='word_1_608' title='bbox 3440 3261 3683 3321; x_wconf 84' lang='lat' dir='ltr'>fructus</span> <span class='ocrx_word' id='word_1_609' title='bbox 3713 3263 4014 3341; x_wconf 76' lang='lat' dir='ltr'>percipiat,</span> 
     </span>
     <span class='ocr_line' id='line_1_94' title="bbox 2507 3351 4017 3435; baseline 0.003 -24"><span class='ocrx_word' id='word_1_610' title='bbox 2507 3370 2629 3412; x_wconf 92' lang='lat' dir='ltr'>non</span> <span class='ocrx_word' id='word_1_611' title='bbox 2660 3352 2800 3412; x_wconf 88' lang='lat' dir='ltr'>ideo</span> <span class='ocrx_word' id='word_1_612' title='bbox 2831 3351 3055 3411; x_wconf 84' lang='lat' dir='ltr'>minori</span> <span class='ocrx_word' id='word_1_613' title='bbox 3085 3351 3285 3429; x_wconf 90' lang='lat' dir='ltr'>pretio</span> <span class='ocrx_word' id='word_1_614' title='bbox 3318 3352 3506 3413; x_wconf 90' lang='lat' dir='ltr'>debet</span> <span class='ocrx_word' id='word_1_615' title='bbox 3532 3353 3851 3427; x_wconf 77' lang='lat' dir='ltr'>vendere;</span> <span class='ocrx_word' id='word_1_616' title='bbox 3893 3357 4017 3435; x_wconf 77' lang='lat' dir='ltr'>quia</span> 
     </span>
     <span class='ocr_line' id='line_1_95' title="bbox 2506 3444 4013 3524; baseline 0.004 -22"><span class='ocrx_word' id='word_1_617' title='bbox 2506 3463 2582 3506; x_wconf 84' lang='lat' dir='ltr'>ox</span> <span class='ocrx_word' id='word_1_618' title='bbox 2610 3464 2676 3505; x_wconf 89' lang='lat' dir='ltr'>se</span> <span class='ocrx_word' id='word_1_619' title='bbox 2722 3444 2833 3505; x_wconf 89' lang='lat' dir='ltr'>dat</span> <span class='ocrx_word' id='word_1_620' title='bbox 2876 3447 3072 3505; x_wconf 88' lang='lat' dir='ltr'>totam</span> <span class='ocrx_word' id='word_1_621' title='bbox 3118 3444 3290 3503; x_wconf 86' lang='lat' dir='ltr'>illam</span> <span class='ocrx_word' id='word_1_622' title='bbox 3337 3450 3714 3524; x_wconf 82' lang='lat' dir='ltr'>potestatem</span> <span class='ocrx_word' id='word_1_623' title='bbox 3770 3449 4013 3508; x_wconf 87' lang='lat' dir='ltr'>colendi.</span> 
     </span>
     <span class='ocr_line' id='line_1_96' title="bbox 2506 3537 4016 3620; baseline 0.001 -22"><span class='ocrx_word' id='word_1_624' title='bbox 2506 3537 2808 3599; x_wconf 88' lang='lat' dir='ltr'>Similiter</span> <span class='ocrx_word' id='word_1_625' title='bbox 2834 3555 2982 3615; x_wconf 86' lang='lat' dir='ltr'>ergo</span> <span class='ocrx_word' id='word_1_626' title='bbox 3005 3537 3108 3615; x_wconf 92' lang='lat' dir='ltr'>qui</span> <span class='ocrx_word' id='word_1_627' title='bbox 3137 3537 3428 3599; x_wconf 90' lang='lat' dir='ltr'>concedit</span> <span class='ocrx_word' id='word_1_628' title='bbox 3452 3538 3770 3600; x_wconf 81' lang='lat' dir='ltr'>venditori</span> <span class='ocrx_word' id='word_1_629' title='bbox 3795 3541 4016 3620; x_wconf 81' lang='lat' dir='ltr'>plenam</span> 
     </span>
     <span class='ocr_line' id='line_1_97' title="bbox 2503 3629 4014 3713; baseline 0.002 -22"><span class='ocrx_word' id='word_1_630' title='bbox 2503 3631 2864 3692; x_wconf 86' lang='lat' dir='ltr'>facultatem</span> <span class='ocrx_word' id='word_1_631' title='bbox 2895 3629 3288 3703; x_wconf 89' lang='lat' dir='ltr'>redimendi,</span> <span class='ocrx_word' id='word_1_632' title='bbox 3344 3635 3550 3708; x_wconf 86' lang='lat' dir='ltr'>potest</span> <span class='ocrx_word' id='word_1_633' title='bbox 3595 3633 3846 3711; x_wconf 81' lang='lat' dir='ltr'>aequale</span> <span class='ocrx_word' id='word_1_634' title='bbox 3889 3652 4014 3713; x_wconf 80' lang='lat' dir='ltr'>pre-</span> 
     </span>
     <span class='ocr_line' id='line_1_98' title="bbox 2502 3723 4017 3802; baseline 0.002 -19"><span class='ocrx_word' id='word_1_635' title='bbox 2502 3724 2658 3784; x_wconf 91' lang='lat' dir='ltr'>tium</span> <span class='ocrx_word' id='word_1_636' title='bbox 2687 3741 2801 3802; x_wconf 91' lang='lat' dir='ltr'>pro</span> <span class='ocrx_word' id='word_1_637' title='bbox 2832 3723 2937 3783; x_wconf 91' lang='lat' dir='ltr'>illa</span> <span class='ocrx_word' id='word_1_638' title='bbox 2965 3723 3260 3784; x_wconf 86' lang='lat' dir='ltr'>facultate</span> <span class='ocrx_word' id='word_1_639' title='bbox 3284 3728 3499 3802; x_wconf 66' lang='lat' dir='ltr'>petere</span> <span class='ocrx_word' id='word_1_640' title='bbox 3527 3770 3544 3800; x_wconf 94' lang='lat'>,</span> <span class='ocrx_word' id='word_1_641' title='bbox 3570 3724 3724 3786; x_wconf 86' lang='lat' dir='ltr'>licet</span> <span class='ocrx_word' id='word_1_642' title='bbox 3753 3727 4017 3787; x_wconf 74' lang='lat' dir='ltr'>venditor</span> 
     </span>
     <span class='ocr_line' id='line_1_99' title="bbox 2502 3815 4016 3897; baseline 0.001 -20"><span class='ocrx_word' id='word_1_643' title='bbox 2502 3835 2627 3877; x_wconf 91' lang='lat' dir='ltr'>non</span> <span class='ocrx_word' id='word_1_644' title='bbox 2656 3816 2737 3877; x_wconf 88' lang='lat' dir='ltr'>sit</span> <span class='ocrx_word' id='word_1_645' title='bbox 2764 3834 2875 3894; x_wconf 91' lang='lat' dir='ltr'>per</span> <span class='ocrx_word' id='word_1_646' title='bbox 2903 3815 3191 3876; x_wconf 88' lang='lat' dir='ltr'>accidens</span> <span class='ocrx_word' id='word_1_647' title='bbox 3212 3815 3654 3895; x_wconf 86' lang='lat' dir='ltr'>redempturus</span> <span class='ocrx_word' id='word_1_648' title='bbox 3674 3819 3828 3897; x_wconf 87' lang='lat' dir='ltr'>quia</span> <span class='ocrx_word' id='word_1_649' title='bbox 3849 3819 4016 3879; x_wconf 80' lang='lat' dir='ltr'>sacul-</span> 
     </span>
     <span class='ocr_line' id='line_1_100' title="bbox 2500 3907 4014 3989; baseline 0.001 -19"><span class='ocrx_word' id='word_1_650' title='bbox 2500 3914 2596 3970; x_wconf 85' lang='lat' dir='ltr'>tas</span> <span class='ocrx_word' id='word_1_651' title='bbox 2655 3908 2761 3970; x_wconf 90' lang='lat' dir='ltr'>illa</span> <span class='ocrx_word' id='word_1_652' title='bbox 2788 3926 2862 3969; x_wconf 89' lang='lat' dir='ltr'>ex</span> <span class='ocrx_word' id='word_1_653' title='bbox 2893 3927 2959 3968; x_wconf 92' lang='lat' dir='ltr'>se</span> <span class='ocrx_word' id='word_1_654' title='bbox 3006 3908 3162 3970; x_wconf 86' lang='lat' dir='ltr'>tanti</span> <span class='ocrx_word' id='word_1_655' title='bbox 3207 3907 3575 3986; x_wconf 70' lang='lat' dir='ltr'>aestimatur,</span> <span class='ocrx_word' id='word_1_656' title='bbox 3612 3916 3675 3971; x_wconf 86' lang='lat' dir='ltr'>et</span> <span class='ocrx_word' id='word_1_657' title='bbox 3721 3930 3838 3989; x_wconf 74' lang='lat' dir='ltr'>per</span> <span class='ocrx_word' id='word_1_658' title='bbox 3879 3913 4014 3971; x_wconf 80' lang='lat' dir='ltr'>acci·</span> 
     </span>
     <span class='ocr_line' id='line_1_101' title="bbox 2501 4001 4013 4085; baseline 0.001 -22"><span class='ocrx_word' id='word_1_659' title='bbox 2501 4002 2655 4063; x_wconf 87' lang='lat' dir='ltr'>dens</span> <span class='ocrx_word' id='word_1_660' title='bbox 2723 4004 2818 4063; x_wconf 90' lang='lat' dir='ltr'>est</span> <span class='ocrx_word' id='word_1_661' title='bbox 2888 4001 3054 4081; x_wconf 89' lang='lat' dir='ltr'>quod</span> <span class='ocrx_word' id='word_1_662' title='bbox 3135 4019 3259 4062; x_wconf 90' lang='lat' dir='ltr'>non</span> <span class='ocrx_word' id='word_1_663' title='bbox 3328 4001 3409 4063; x_wconf 90' lang='lat' dir='ltr'>sit</span> <span class='ocrx_word' id='word_1_664' title='bbox 3472 4001 3794 4065; x_wconf 84' lang='lat' dir='ltr'>venditori</span> <span class='ocrx_word' id='word_1_665' title='bbox 3859 4022 4013 4085; x_wconf 79' lang='lat' dir='ltr'>aeque</span> 
     </span>
     <span class='ocr_line' id='line_1_102' title="bbox 2502 4094 2687 4156; baseline 0 0"><span class='ocrx_word' id='word_1_666' title='bbox 2502 4094 2687 4156; x_wconf 88' lang='lat' dir='ltr'>utilis.</span> 
     </span>
    </p>

    <p class='ocr_par' dir='ltr' id='par_1_15' title="bbox 2481 4185 4011 5561">
     <span class='ocr_line' id='line_1_103' title="bbox 2577 4185 4011 4268; baseline 0.001 -19"><span class='ocrx_word' id='word_1_667' title='bbox 2577 4185 2776 4267; x_wconf 87' lang='lat' dir='ltr'>Objici</span> <span class='ocrx_word' id='word_1_668' title='bbox 2804 4189 3009 4267; x_wconf 88' lang='lat' dir='ltr'>potest</span> <span class='ocrx_word' id='word_1_669' title='bbox 3034 4187 3344 4263; x_wconf 88' lang='lat' dir='ltr'>secundo,</span> <span class='ocrx_word' id='word_1_670' title='bbox 3380 4206 3456 4247; x_wconf 86' lang='lat' dir='ltr'>ex</span> <span class='ocrx_word' id='word_1_671' title='bbox 3485 4187 3560 4247; x_wconf 90' lang='lat' dir='ltr'>iis</span> <span class='ocrx_word' id='word_1_672' title='bbox 3589 4207 3734 4268; x_wconf 82' lang='lat' dir='ltr'>quae</span> <span class='ocrx_word' id='word_1_673' title='bbox 3765 4190 4011 4250; x_wconf 81' lang='lat' dir='ltr'>diximus</span> 
     </span>
     <span class='ocr_line' id='line_1_104' title="bbox 2495 4279 4011 4359; baseline 0.001 -18"><span class='ocrx_word' id='word_1_674' title='bbox 2495 4284 2646 4341; x_wconf 84' lang='lat' dir='ltr'>sect.</span> <span class='ocrx_word' id='word_1_675' title='bbox 2679 4280 2951 4359; x_wconf 84' lang='lat' dir='ltr'>praeced.</span> <span class='ocrx_word' id='word_1_676' title='bbox 2988 4279 3157 4358; x_wconf 91' lang='lat' dir='ltr'>quod</span> <span class='ocrx_word' id='word_1_677' title='bbox 3184 4279 3450 4355; x_wconf 87' lang='lat' dir='ltr'>scilicet,</span> <span class='ocrx_word' id='word_1_678' title='bbox 3485 4281 3716 4359; x_wconf 87' lang='lat' dir='ltr'>singuli</span> <span class='ocrx_word' id='word_1_679' title='bbox 3749 4282 4011 4344; x_wconf 68' lang='lat' dir='ltr'>haeredos</span> 
     </span>
     <span class='ocr_line' id='line_1_105' title="bbox 2495 4371 4009 4452; baseline 0.003 -20"><span class='ocrx_word' id='word_1_680' title='bbox 2495 4373 2656 4434; x_wconf 90' lang='lat' dir='ltr'>inter</span> <span class='ocrx_word' id='word_1_681' title='bbox 2686 4390 2844 4452; x_wconf 89' lang='lat' dir='ltr'>quos</span> <span class='ocrx_word' id='word_1_682' title='bbox 2873 4371 3176 4433; x_wconf 85' lang='lat' dir='ltr'>dividitur</span> <span class='ocrx_word' id='word_1_683' title='bbox 3202 4372 3433 4432; x_wconf 86' lang='lat' dir='ltr'>fundus</span> <span class='ocrx_word' id='word_1_684' title='bbox 3453 4374 3753 4451; x_wconf 86' lang='lat' dir='ltr'>censitus,</span> <span class='ocrx_word' id='word_1_685' title='bbox 3789 4395 3910 4436; x_wconf 89' lang='lat' dir='ltr'>nou</span> <span class='ocrx_word' id='word_1_686' title='bbox 3936 4384 4009 4437; x_wconf 83' lang='lat' dir='ltr'>te·</span> 
     </span>
     <span class='ocr_line' id='line_1_106' title="bbox 2495 4464 4006 4547; baseline 0.003 -22"><span class='ocrx_word' id='word_1_687' title='bbox 2495 4470 2722 4526; x_wconf 86' lang='lat' dir='ltr'>nentur</span> <span class='ocrx_word' id='word_1_688' title='bbox 2751 4465 2831 4524; x_wconf 89' lang='lat' dir='ltr'>ad</span> <span class='ocrx_word' id='word_1_689' title='bbox 2859 4470 3060 4526; x_wconf 87' lang='lat' dir='ltr'>totum</span> <span class='ocrx_word' id='word_1_690' title='bbox 3089 4484 3368 4542; x_wconf 89' lang='lat' dir='ltr'>censum,</span> <span class='ocrx_word' id='word_1_691' title='bbox 3402 4464 3513 4525; x_wconf 87' lang='lat' dir='ltr'>sed</span> <span class='ocrx_word' id='word_1_692' title='bbox 3541 4465 3621 4525; x_wconf 88' lang='lat' dir='ltr'>ad</span> <span class='ocrx_word' id='word_1_693' title='bbox 3643 4473 3892 4545; x_wconf 82' lang='lat' dir='ltr'>partem</span> <span class='ocrx_word' id='word_1_694' title='bbox 3910 4486 4006 4547; x_wconf 86' lang='lat' dir='ltr'>pro</span> 
     </span>
     <span class='ocr_line' id='line_1_107' title="bbox 2493 4557 4006 4641; baseline 0.001 -22"><span class='ocrx_word' id='word_1_695' title='bbox 2493 4563 2652 4634; x_wconf 86' lang='lat' dir='ltr'>rata,</span> <span class='ocrx_word' id='word_1_696' title='bbox 2688 4576 2809 4637; x_wconf 89' lang='lat' dir='ltr'>quo</span> <span class='ocrx_word' id='word_1_697' title='bbox 2842 4576 2988 4618; x_wconf 87' lang='lat' dir='ltr'>casu</span> <span class='ocrx_word' id='word_1_698' title='bbox 3021 4557 3494 4619; x_wconf 89' lang='lat' dir='ltr'>concedendum</span> <span class='ocrx_word' id='word_1_699' title='bbox 3524 4558 3816 4638; x_wconf 81' lang='lat' dir='ltr'>videtur,</span> <span class='ocrx_word' id='word_1_700' title='bbox 3859 4561 4006 4641; x_wconf 87' lang='lat' dir='ltr'>quod</span> 
     </span>
     <span class='ocr_line' id='line_1_108' title="bbox 2494 4651 4008 4729; baseline 0.003 -18"><span class='ocrx_word' id='word_1_701' title='bbox 2494 4651 2717 4729; x_wconf 84' lang='lat' dir='ltr'>singuli</span> <span class='ocrx_word' id='word_1_702' title='bbox 2768 4655 3028 4729; x_wconf 87' lang='lat' dir='ltr'>possunt</span> <span class='ocrx_word' id='word_1_703' title='bbox 3071 4655 3316 4729; x_wconf 87' lang='lat' dir='ltr'>partem</span> <span class='ocrx_word' id='word_1_704' title='bbox 3370 4668 3593 4711; x_wconf 88' lang='lat' dir='ltr'>census</span> <span class='ocrx_word' id='word_1_705' title='bbox 3644 4651 3765 4712; x_wconf 89' lang='lat' dir='ltr'>sibi</span> <span class='ocrx_word' id='word_1_706' title='bbox 3818 4673 4008 4715; x_wconf 50' lang='lat' dir='ltr'>corre*</span> 
     </span>
     <span class='ocr_line' id='line_1_109' title="bbox 2492 4742 4006 4822; baseline -0.001 -17"><span class='ocrx_word' id='word_1_707' title='bbox 2492 4742 2856 4822; x_wconf 86' lang='lat' dir='ltr'>spondentis</span> <span class='ocrx_word' id='word_1_708' title='bbox 2877 4742 3242 4820; x_wconf 86' lang='lat' dir='ltr'>extinguere</span> <span class='ocrx_word' id='word_1_709' title='bbox 3262 4789 3277 4818; x_wconf 91' lang='lat'>,</span> <span class='ocrx_word' id='word_1_710' title='bbox 3313 4743 3458 4804; x_wconf 86' lang='lat' dir='ltr'>data</span> <span class='ocrx_word' id='word_1_711' title='bbox 3477 4748 3655 4822; x_wconf 86' lang='lat' dir='ltr'>part-e</span> <span class='ocrx_word' id='word_1_712' title='bbox 3676 4747 3866 4822; x_wconf 74' lang='lat' dir='ltr'>pretii</span> <span class='ocrx_word' id='word_1_713' title='bbox 3892 4764 4006 4806; x_wconf 88' lang='lat' dir='ltr'>cor-</span> 
     </span>
     <span class='ocr_line' id='line_1_110' title="bbox 2491 4835 4006 4914; baseline 0.001 -17"><span class='ocrx_word' id='word_1_714' title='bbox 2491 4836 2908 4913; x_wconf 78' lang='lat' dir='ltr'>respondente</span> <span class='ocrx_word' id='word_1_715' title='bbox 2957 4835 3182 4896; x_wconf 82' lang='lat' dir='ltr'>roditui</span> <span class='ocrx_word' id='word_1_716' title='bbox 3224 4855 3413 4914; x_wconf 88' lang='lat' dir='ltr'>quem</span> <span class='ocrx_word' id='word_1_717' title='bbox 3468 4836 3585 4914; x_wconf 90' lang='lat' dir='ltr'>ipsi</span> <span class='ocrx_word' id='word_1_718' title='bbox 3632 4837 3878 4898; x_wconf 74' lang='lat' dir='ltr'>solvere</span> <span class='ocrx_word' id='word_1_719' title='bbox 3916 4838 4006 4898; x_wconf 87' lang='lat' dir='ltr'>de-</span> 
     </span>
     <span class='ocr_line' id='line_1_111' title="bbox 2489 4927 4003 5009; baseline 0.003 -22"><span class='ocrx_word' id='word_1_720' title='bbox 2489 4930 2670 5005; x_wconf 87' lang='lat' dir='ltr'>bent,</span> <span class='ocrx_word' id='word_1_721' title='bbox 2705 4933 2893 5007; x_wconf 85' lang='lat' dir='ltr'>atque</span> <span class='ocrx_word' id='word_1_722' title='bbox 2923 4927 3080 4988; x_wconf 89' lang='lat' dir='ltr'>adeo</span> <span class='ocrx_word' id='word_1_723' title='bbox 3111 4929 3387 4989; x_wconf 83' lang='lat' dir='ltr'>creditor</span> <span class='ocrx_word' id='word_1_724' title='bbox 3412 4934 3662 4990; x_wconf 87' lang='lat' dir='ltr'>tenetur</span> <span class='ocrx_word' id='word_1_725' title='bbox 3686 4935 4003 5009; x_wconf 82' lang='lat' dir='ltr'>acceptare</span> 
     </span>
     <span class='ocr_line' id='line_1_112' title="bbox 2488 5021 4003 5102; baseline 0.002 -22"><span class='ocrx_word' id='word_1_726' title='bbox 2488 5026 2731 5100; x_wconf 88' lang='lat' dir='ltr'>partem</span> <span class='ocrx_word' id='word_1_727' title='bbox 2774 5021 2959 5098; x_wconf 90' lang='lat' dir='ltr'>pretii</span> <span class='ocrx_word' id='word_1_728' title='bbox 2985 5021 3068 5081; x_wconf 88' lang='lat' dir='ltr'>ad</span> <span class='ocrx_word' id='word_1_729' title='bbox 3097 5021 3588 5098; x_wconf 85' lang='lat' dir='ltr'>extinguendum</span> <span class='ocrx_word' id='word_1_730' title='bbox 3615 5040 3877 5082; x_wconf 88' lang='lat' dir='ltr'>censum</span> <span class='ocrx_word' id='word_1_731' title='bbox 3904 5041 4003 5102; x_wconf 85' lang='lat' dir='ltr'>pro</span> 
     </span>
     <span class='ocr_line' id='line_1_113' title="bbox 2488 5113 4001 5193; baseline 0.001 -19"><span class='ocrx_word' id='word_1_732' title='bbox 2488 5120 2685 5193; x_wconf 86' lang='lat' dir='ltr'>parte.</span> <span class='ocrx_word' id='word_1_733' title='bbox 2741 5113 3176 5193; x_wconf 86' lang='lat' dir='ltr'>Respondetur</span> <span class='ocrx_word' id='word_1_734' title='bbox 3215 5120 3428 5173; x_wconf 85' lang='lat' dir='ltr'>tamen</span> <span class='ocrx_word' id='word_1_735' title='bbox 3452 5159 3468 5189; x_wconf 93' lang='lat'>,</span> <span class='ocrx_word' id='word_1_736' title='bbox 3537 5113 3656 5174; x_wconf 89' lang='lat' dir='ltr'>hoc</span> <span class='ocrx_word' id='word_1_737' title='bbox 3706 5134 3837 5174; x_wconf 89' lang='lat' dir='ltr'>non</span> <span class='ocrx_word' id='word_1_738' title='bbox 3884 5133 4001 5175; x_wconf 69' lang='lat' dir='ltr'>aese</span> 
     </span>
     <span class='ocr_line' id='line_1_114' title="bbox 2487 5205 3999 5284; baseline 0.002 -18"><span class='ocrx_word' id='word_1_739' title='bbox 2487 5211 2705 5266; x_wconf 89' lang='lat' dir='ltr'>contra</span> <span class='ocrx_word' id='word_1_740' title='bbox 2731 5209 3009 5267; x_wconf 88' lang='lat' dir='ltr'>nostram</span> <span class='ocrx_word' id='word_1_741' title='bbox 3040 5205 3390 5267; x_wconf 88' lang='lat' dir='ltr'>doctrinam</span> <span class='ocrx_word' id='word_1_742' title='bbox 3423 5224 3438 5263; x_wconf 76' lang='grc' dir='ltr'><strong><em>ε</em></strong></span> <span class='ocrx_word' id='word_1_743' title='bbox 3490 5207 3639 5284; x_wconf 84' lang='lat' dir='ltr'>quia</span> <span class='ocrx_word' id='word_1_744' title='bbox 3666 5206 3730 5265; x_wconf 88' lang='lat' dir='ltr'>in</span> <span class='ocrx_word' id='word_1_745' title='bbox 3762 5227 3839 5268; x_wconf 84' lang='lat' dir='ltr'>eo</span> <span class='ocrx_word' id='word_1_746' title='bbox 3869 5227 3999 5268; x_wconf 80' lang='lat' dir='ltr'>casn</span> 
     </span>
     <span class='ocr_line' id='line_1_115' title="bbox 2484 5289 3997 5379; baseline -0.001 -21"><span class='ocrx_word' id='word_1_747' title='bbox 2484 5298 2713 5376; x_wconf 86' lang='lat' dir='ltr'>singuli</span> <span class='ocrx_word' id='word_1_748' title='bbox 2738 5296 3014 5358; x_wconf 90' lang='lat' dir='ltr'>reddunt</span> <span class='ocrx_word' id='word_1_749' title='bbox 3040 5289 3240 5359; x_wconf 85' lang='lat' dir='ltr'>totum</span> <span class='ocrx_word' id='word_1_750' title='bbox 3271 5298 3542 5375; x_wconf 85' lang='lat' dir='ltr'>pretium</span> <span class='ocrx_word' id='word_1_751' title='bbox 3573 5316 3799 5359; x_wconf 86' lang='lat' dir='ltr'>census</span> <span class='ocrx_word' id='word_1_752' title='bbox 3827 5316 3997 5379; x_wconf 87' lang='lat' dir='ltr'>quem</span> 
     </span>
     <span class='ocr_line' id='line_1_116' title="bbox 2482 5389 3995 5470; baseline 0.001 -20"><span class='ocrx_word' id='word_1_753' title='bbox 2482 5391 2707 5470; x_wconf 82' lang='lat' dir='ltr'>singuli</span> <span class='ocrx_word' id='word_1_754' title='bbox 2730 5389 2980 5466; x_wconf 90' lang='lat' dir='ltr'>debent,</span> <span class='ocrx_word' id='word_1_755' title='bbox 3011 5409 3155 5451; x_wconf 92' lang='lat' dir='ltr'>cum</span> <span class='ocrx_word' id='word_1_756' title='bbox 3172 5395 3428 5468; x_wconf 84' lang='lat' dir='ltr'>propter</span> <span class='ocrx_word' id='word_1_757' title='bbox 3445 5390 3818 5453; x_wconf 79' lang='lat' dir='ltr'>divisionem</span> <span class='ocrx_word' id='word_1_758' title='bbox 3837 5391 3995 5453; x_wconf 81' lang='lat' dir='ltr'>tundi</span> 
     </span>
     <span class='ocr_line' id='line_1_117' title="bbox 2481 5482 3994 5561; baseline 0 -18"><span class='ocrx_word' id='word_1_759' title='bbox 2481 5487 2724 5546; x_wconf 62' lang='lat' dir='ltr'>caeterae</span> <span class='ocrx_word' id='word_1_760' title='bbox 2754 5487 2962 5561; x_wconf 88' lang='lat' dir='ltr'>partes</span> <span class='ocrx_word' id='word_1_761' title='bbox 2987 5482 3163 5544; x_wconf 90' lang='lat' dir='ltr'>fundi</span> <span class='ocrx_word' id='word_1_762' title='bbox 3185 5482 3445 5561; x_wconf 86' lang='lat' dir='ltr'>perinde</span> <span class='ocrx_word' id='word_1_763' title='bbox 3476 5502 3542 5543; x_wconf 86' lang='lat' dir='ltr'>se</span> <span class='ocrx_word' id='word_1_764' title='bbox 3563 5483 3836 5545; x_wconf 81' lang='lat' dir='ltr'>habeant</span> <span class='ocrx_word' id='word_1_765' title='bbox 3867 5483 3994 5544; x_wconf 82' lang='lat' dir='ltr'>huie</span> 
     </span>
    </p>
   </div>
   <div class='ocr_carea' id='block_1_11' title="bbox 4069 4217 4117 4420">
    <p class='ocr_par' dir='ltr' id='par_1_16' title="bbox 4069 4217 4117 4420">
     <span class='ocr_line' id='line_1_118' title="bbox 4069 4217 4117 4420; textangle 90"><span class='ocrx_word' id='word_1_766' title='bbox 4069 4327 4117 4420; x_wconf 59' lang='lat' dir='ltr'>KZ</span> <span class='ocrx_word' id='word_1_767' title='bbox 4113 4217 4116 4256; x_wconf 29' lang='lat' dir='ltr'>„e</span> 
     </span>
    </p>
   </div>
  </div>
 </body>
</html>
