4263 6376
565 5334 652 5376 llen

674 1112 752 1171 78

617 1238 738 1329 cerm

663 4283 740 4339 70

607 4406 762 4469 Pptest,

743 1239 831 1281 sde

577 1303 869 1397 pmiiiucss'ssri
920 1297 1146 1353 eventu
1166 1293 1265 1352 vel
1296 1294 1373 1353 de
1404 1295 1664 1355 veritate
1685 1294 1772 1353 rei
1806 1312 1995 1373 quam
2027 1294 2404 1356 affirmabat.

786 4405 820 4447 si

741 4465 796 4501 iat

629 4473 740 4513 lncw

616 4514 818 4558 dubitare.

661 5211 740 5269 80

656 5336 828 5390 isipo

926 378 1043 434 52¹4

926 570 1115 630 quam
1147 552 1311 631 quod
1351 552 1511 612 alter
1540 552 1834 613 affirmat.
1870 552 2049 614 Unde
2076 570 2218 612 cum
2233 551 2455 611 eadem

921 645 1324 723 proportione
1337 644 1565 722 poterit
1576 646 1759 705 statui
1776 646 1993 723 triplus
2007 663 2318 719 excessuS,
2329 643 2454 703 imo

924 741 987 797 et
1000 735 1339 815 aliquando
1357 741 1609 798 centum
1628 741 1847 798 contra
1864 737 2083 797 decem
2108 737 2208 797 vel
2237 754 2308 796 co
2318 739 2456 795 ntra

921 829 1217 907 quinque,
1253 828 1402 908 quia
1431 829 1600 888 idem
1631 847 1921 890 excessus
1950 833 2216 908 apparet
2234 828 2454 905 inpro-

920 920 1241 983 habilitate
1271 920 1457 1002 hujus
1502 922 1697 1000 partis
1726 941 1917 1002 supra
1945 921 2454 1001 probabilitatem

921 1013 1105 1074 illius,

1001 1106 1272 1167 Dubium
1318 1108 1591 1186 primum
1646 1112 1708 1169 et
1767 1108 2152 1187 praecipuum
2202 1114 2316 1185 est,
2372 1128 2452 1170 an

922 1200 1117 1277 possit
1143 1199 1387 1260 lucrum
1440 1201 1748 1280 accipere,
1783 1201 1887 1280 qui
1946 1206 2154 1262 certus
2211 1207 2346 1263 erat
2373 1202 2451 1262 de

1000 1386 1407 1448 Consentiunt
1434 1405 1673 1463 omneS,
1725 1406 1848 1447 non
1900 1405 2106 1465 posse,
2144 1387 2450 1465 regulari-

918 1482 1015 1537 ter
1041 1477 1378 1556 loquendo,
1413 1487 1480 1539 ut
1507 1480 1737 1540 fatetur
1766 1479 2047 1541 Sanchez
2097 1479 2248 1539 dub.
2300 1497 2439 1542 xm.

921 1587 1091 1631 num.
1149 1574 1207 1631 8.
1260 1572 1364 1650 qui
1397 1571 1572 1633 addit
1622 1572 1797 1632 illum
1857 1590 1991 1632 esse
2040 1580 2306 1648 certum,
2342 1574 2450 1652 qui

918 1662 1037 1722 scit
1062 1682 1174 1741 per
1203 1664 1531 1725 scientiam
1573 1666 1671 1724 vel
1714 1664 2192 1742 experientiam,
2226 1665 2326 1725 vel
2355 1666 2450 1725 di·-

917 1755 1124 1815 vinam
1154 1757 1621 1818 revelationem.
1676 1758 1799 1818 Sed
1847 1775 2037 1835 supra
2091 1757 2337 1836 agendo
2369 1758 2447 1819 de

915 1846 1064 1908 ludo
1112 1849 1405 1925 indicavi,
1439 1850 1717 1910 divinam
1773 1850 2219 1911 revelationem
2262 1870 2446 1929 posse

918 1959 1052 2000 esse
1091 1941 1424 2018 duplicem,
1460 1943 1722 2003 alteram
1753 1962 1878 2022 qua
1934 1961 2009 2002 ex
2064 1943 2445 2005 revelatione

915 2031 1074 2092 scias
1096 2051 1217 2094 non
1257 2052 1437 2112 posse
1484 2035 1617 2095 fieri
1649 2035 1712 2094 id
1742 2036 1908 2114 quod
1941 2036 2095 2096 alter
2123 2037 2398 2097 affirmat
2427 2058 2440 2097 ε

917 2124 1200 2203 alteram,
1248 2145 1372 2206 qua
1427 2128 1607 2204 seiae,
1657 2128 1802 2189 licet
1855 2146 1953 2187 res
2010 2129 2205 2207 possit
2263 2130 2445 2190 aliter

918 2217 1189 2293 evenire,
1222 2220 1501 2281 futurum
1529 2224 1741 2281 tamen
1772 2221 1849 2280 de
1878 2221 2042 2282 facto
2074 2221 2243 2299 quod
2276 2223 2441 2282 affir-

916 2329 1073 2384 mas,
1107 2312 1284 2372 verbi
1310 2314 1534 2389 gratia,
1569 2316 1823 2373 Petrum
1846 2332 1985 2374 cras
2015 2316 2278 2374 Romam
2300 2334 2444 2393 per-

915 2408 1272 2466 venturum.
1306 2407 1382 2465 Et
1409 2405 1686 2484 quidem,
1738 2406 1788 2466 si
1844 2406 1921 2466 de
1964 2407 2170 2485 prima
2209 2407 2444 2468 revela-

914 2493 1082 2555 tione
1124 2500 1186 2556 et
1213 2498 1582 2559 certitudine
1610 2516 1815 2559 sermo
1834 2499 1932 2574 sit,
1966 2499 2210 2559 facilius
2267 2500 2442 2561 intel-

912 2587 1458 2667 ligiturdestruere
1490 2592 1910 2670 aequalitatem
1941 2591 2127 2671 hujus
2157 2598 2443 2654 contrac-

913 2684 1036 2756 tuS,
1068 2700 1211 2741 cum
1241 2702 1354 2761 per
1380 2683 1551 2743 illam
1579 2688 1821 2748 constet
1840 2683 2305 2763 deimpotentia
2333 2705 2441 2746 an-

913 2774 1222 2836 tecedenti
1254 2776 1333 2835 ad
1389 2776 1783 2837 lucrandum.
1835 2778 2180 2855 Loquendo
2229 2784 2441 2839 autem

915 2866 993 2925 de
1024 2867 1302 2928 secunda
1330 2870 1732 2945 revelatione,
1767 2887 1892 2929 non
1947 2869 2126 2930 facile
2183 2877 2444 2950 apparet

913 2958 1236 3037 injustitia,
1270 2979 1413 3021 cum
1443 2961 1652 3022 adhuc
1678 2962 1778 3022 ille
1808 2962 1966 3022 alius
2019 2964 2307 3042 acquirat
2339 2983 2441 3024 ve-

912 3069 1047 3111 ram
1075 3054 1420 3129 potentiam
1446 3054 1752 3131 lucrandi,
1801 3060 1863 3115 et
1909 3055 2164 3135 quidem
2222 3061 2444 3135 poten-

909 3143 1083 3222 tiam,
1118 3163 1258 3225 quae
1287 3145 1350 3206 in
1379 3147 1696 3208 communi
1728 3148 2023 3227 opinione
2069 3150 2230 3211 tanti
2276 3150 2442 3211 aesti-

910 3242 1116 3298 metur
1144 3243 1448 3318 quantum
1477 3258 1588 3318 pro
1617 3241 1723 3301 illa
1776 3242 1981 3302 datur.
2041 3242 2442 3303 Confirmari-

912 3350 1033 3411 que
1063 3335 1268 3409 potest
1294 3350 1369 3392 ex
1399 3351 1590 3394 censu
1619 3334 1907 3409 vitaliti0,
1941 3334 2048 3412 qui
2095 3354 2219 3395 non
2268 3336 2439 3395 vide-

910 3430 1011 3484 tur
1050 3425 1470 3500 damnandus,
1521 3426 1570 3486 si
1626 3426 1785 3487 torte
1816 3426 1920 3505 qui
1964 3426 2141 3487 illum
2196 3429 2434 3505 vendit,

911 3517 1069 3579 sciat
1095 3536 1170 3577 ex
1227 3518 1606 3579 revelatione
1662 3524 2009 3598 emptorem
2065 3521 2440 3582 moriturum

911 3609 1113 3687 primo
1143 3629 1333 3673 anno.
1366 3613 1492 3672 Cur
1518 3630 1668 3691 ergo
1724 3612 2022 3673 revelatio
2080 3613 2159 3673 de
2213 3619 2440 3675 eventu

907 3704 1116 3765 futuro
1143 3704 1464 3782 impediet,
1489 3724 1566 3765 ne
1593 3705 1759 3766 licite
1788 3706 2020 3783 possim
2050 3725 2162 3784 pro
2194 3726 2266 3766 ea
2298 3726 2442 3786 par-

904 3799 964 3856 te
1019 3797 1350 3875 spondere,
1409 3797 1660 3877 quando
1743 3799 1965 3859 saltem
2015 3801 2436 3860 communiter

909 3888 1252 3966 ignoratur,
1286 3896 1348 3951 et
1375 3909 1517 3968 spes
1547 3909 1685 3969 quae
1715 3891 2075 3951 adversario
2115 3892 2300 3952 datur
2346 3894 2435 3952 lu-

908 3980 1121 4040 crandi
1151 3982 1307 4042 tanti
1334 3983 1752 4043 communiter
1805 3984 2198 4045 aestimatur?
2256 3988 2439 4045 Reso-

906 4073 1059 4134 lutio
1088 4079 1298 4135 tamen
1329 4075 1515 4155 hujus
1546 4076 1929 4137 difficultatis
1983 4077 2217 4154 pendet
2247 4097 2320 4138 ex
2350 4078 2439 4138 di-

913 4166 1129 4226 cendis
1159 4186 1271 4245 pro
1302 4167 1617 4229 decisione
1649 4168 1824 4228 dubii
1852 4170 2234 4249 principalis,

993 4260 1402 4322 Consentiunt
1431 4262 1726 4335 secundo,
1762 4263 1931 4342 quod
1959 4262 2106 4326 licet
2135 4282 2173 4323 a
2201 4263 2436 4343 princi-

909 4353 1012 4433 pio
1035 4358 1242 4414 certus
1256 4373 1424 4415 esses
1451 4356 1529 4416 de
1549 4356 1807 4417 veritate
1820 4356 1906 4415 rei
1926 4374 2115 4435 quam
2144 4358 2435 4431 sustines;

909 4446 962 4506 si
1010 4449 1217 4506 tamen
1262 4452 1501 4524 postea,
1529 4448 1725 4509 altero
1755 4448 2159 4526 pertinaciter
2198 4456 2442 4511 contra-

910 4537 1155 4600 dicente
1186 4543 1248 4600 et
1272 4540 1520 4601 volente
1554 4541 1883 4621 spondere,
1917 4542 2178 4619 incipias
2224 4544 2439 4603 formi-

910 4632 1063 4692 dare
1095 4637 1156 4694 et
1183 4632 1493 4710 dubitare,
1528 4635 1861 4696 advertens
1914 4635 2246 4713 contigisse
2288 4637 2442 4697 alias

909 4729 979 4787 ut
1007 4726 1309 4804 deceptus
1339 4728 1531 4788 fueris
1560 4728 1747 4788 etiam
1775 4728 1837 4787 in
1868 4728 1941 4787 iis
1972 4747 2111 4807 quoe
2153 4729 2267 4789 tibi
2320 4732 2441 4808 pri-

911 4839 984 4880 us
1016 4825 1189 4881 certa
1232 4820 1644 4900 apparebant,
1679 4821 1912 4898 poteris
1953 4827 2103 4881 tunc
2148 4822 2312 4883 licite
2350 4825 2445 4884 lu-

910 4913 1075 4973 crari
1105 4918 1364 4992 propter
1390 4913 1661 4992 aliquale
1717 4914 1865 4973 illud
1921 4915 2292 4993 periculum,
2342 4918 2442 4977 cui

910 5005 971 5065 in
1006 5010 1115 5066 tua
1143 5006 1605 5067 existimatione
1646 5010 1708 5066 te
1757 5007 2117 5085 exposuisti,
2152 5008 2238 5068 ita
2267 5010 2441 5071 Moli-

910 5117 988 5157 na
1018 5099 1187 5160 dicta
1214 5099 1373 5178 disp.
1418 5102 1716 5161 508.ante
1743 5100 1957 5159 finem.

990 5192 1400 5253 Consentiunt
1445 5192 1652 5268 terti0,
1687 5192 1734 5251 si
1768 5198 1994 5270 putans
2024 5198 2083 5254 te
2140 5212 2275 5254 esse
2304 5214 2438 5255 cer-

907 5290 1041 5347 tum
1062 5286 1394 5365 spondeaS,
1428 5290 1644 5363 postea
1673 5288 1882 5346 tamen
1907 5286 2188 5347 invenias
2209 5292 2267 5347 te
2316 5307 2436 5347 non

565 5368 860 5484 svpa'eonffe-
910 5377 1165 5456 quidem
1196 5378 1529 5456 deceptum
1560 5377 1727 5438 circa
1773 5378 2234 5454 certitudinem,
2294 5398 2440 5439 nam

565 5448 863 5550 ,2¹33dess
911 5469 1323 5531 fundamenta
1369 5489 1508 5550 quae
1555 5471 1834 5531 habebas
1869 5490 1988 5529 non
2016 5472 2442 5533 'sufficiebant

565 5551 849 5594 certitudinem
911 5581 1128 5622 revera
1163 5563 1240 5622 ad
1271 5564 1730 5640 certitudinem,
1764 5583 1946 5643 posse
1980 5568 2037 5625 te
2065 5565 2308 5625 lucrum
2338 5585 2440 5625 re·

2083 376 2183 435 DE
2226 372 2583 435 JUSTlTIA
2629 372 2730 430 ΕΤ
2773 371 2974 431 JURE

2554 548 2773 609 tinere.
2812 546 2971 619 Quia
3014 547 3157 607 licet
3183 546 3550 624 peccaveris
3602 551 3833 626 propter
3871 569 3990 612 cons·

2552 641 2845 700 cientiam
2870 658 3220 714 erroneam,
3255 638 3577 717 spondens
3597 658 3730 699 cum
3757 643 3990 702 cer-titud}

2551 753 2629 793 ne
2652 733 3087 812 apprehensa:
3121 737 3480 794 contractus
3509 739 3717 800 tamen
3743 734 3797 793 in
3832 753 3884 794 se
3904 743 3991 797 erat

2542 827 2772 905 justuS,
2804 845 2948 886 cum
2978 844 3321 905 exponeres
3347 831 3410 886 te
3439 825 3732 903 pericu10‚
3751 825 3870 886 licet
3889 828 3991 887 illud

2552 919 2964 1002 ignoraveris,
2999 919 3084 981 ita
3114 919 3344 980 Molina
3368 919 3454 978 ibi
3485 922 3550 978 et
3577 918 3680 977 alii
3699 937 3835 997 quos
3851 922 3990 986 affert.

2548 1016 2610 1072 et
2636 1012 2921 1091 sequitur
2936 1012 3214 1073 Sanchez
3244 1012 3412 1073 dicto
3442 1011 3596 1071 dub.
3642 1028 3772 1071 xm.
3795 1031 3930 1072 num.
3950 1019 3990 1074 9.
4113 1075 4116 1094 ,

2629 1104 2975 1166 Difficultas
3003 1109 3118 1181 est,
3177 1104 3428 1185 quando
3460 1104 3699 1164 habens
3748 1105 3994 1166 certitudi·
4066 1099 4116 1172 81²

2551 1215 2696 1257 nem
2727 1201 3110 1276 protestatur
3136 1198 3311 1258 alteri
3365 1216 3432 1257 se
3476 1215 3616 1257 esse
3670 1202 3992 1273 certnm,net
4047 1234 4064 1266 r

2548 1289 2705 1350 velle
2734 1295 2843 1351 aut
2868 1308 3052 1369 posse
3106 1290 3436 1369 spondere,
3471 1290 3625 1369 quia
3675 1288 3812 1348 nulli
3844 1308 3896 1348 se
3928 1309 3993 1350 ex·
4051 1321 4056 1324 ·

2548 1382 2722 1460 ponit
2749 1383 3024 1460 periculo
3050 1402 3065 1454 ;
3102 1387 3165 1444 et
3191 1388 3404 1443 tamen
3451 1383 3558 1442 ille
3587 1383 3740 1442 alius
3754 1385 3993 1444 contendit
4019 1405 4066 1432 ω

2546 1479 2608 1535 et
2629 1476 2758 1535 vult
2786 1476 3095 1554 spondere
3126 1495 3248 1535 non
3278 1477 3571 1537 obstante
3611 1475 3928 1536 certitudine
3950 1477 3995 1535 il-

2540 1567 2622 1643 la,
2658 1586 2737 1627 an
2767 1570 2963 1647 possit
2990 1569 3240 1647 sponsio
3263 1570 3585 1646 acceptari
3614 1575 3674 1629 et
3701 1570 3911 1628 retineri
3931 1570 3994 1628 lu-

2545 1662 2764 1721 crum?
2844 1662 3178 1723 Affirmant
3269 1680 3395 1723 non
3465 1662 3693 1741 pauci,
3740 1664 3990 1738 Navarrns,

2541 1754 2897 1814 Ludovicus
2968 1758 3172 1834 Lopez
3204 1802 3220 1831 ,
3298 1755 3560 1816 Medina
3593 1801 3610 1829 ,
3668 1755 3810 1833 qu'os
3867 1756 3992 1814 affert

2544 1851 2607 1907 et
2659 1846 2942 1926 sequitur
2996 1848 3279 1909 Sanchez
3341 1849 3427 1908 ibi
3476 1867 3591 1909 nu.
3655 1851 3743 1907 11.
3813 1847 3993 1908 Villalo-

2542 1938 2657 1999 bos
2686 1939 2874 1999 etiam
2910 1939 2972 1999 in
3004 1940 3249 2001 Summa
3306 1946 3456 2001 tom.
3493 1942 3575 2001 11.
3623 1943 3790 2000 tract.
3829 1956 3988 2000 xxvm.

2541 2030 2822 2092 difficult.
2844 2036 2902 2092 6.
2938 2052 3044 2094 nu.
3082 2038 3211 2095 2.et
3237 2034 3442 2094 Diana
3471 2037 3633 2093 tom.
3669 2033 3909 2093 illm-aet.
3932 2050 3987 2092 ιι.

2538 2124 2855 2186 miscellan.
2886 2127 3070 2188 resol.
3107 2129 3244 2188 186.
3276 2127 3389 2199 Qui
3440 2126 3718 2204 probant
3743 2126 3867 2204 quia
3887 2131 3988 2186 tunc

2541 2218 2711 2277 nulla
2739 2223 2834 2279 est
2858 2218 3027 2279 fraus
3057 2224 3168 2280 aut
3193 2219 3444 2298 injuria,
3479 2225 3550 2279 et
3582 2218 3700 2278 sibi
3750 2218 3902 2278 debet
3935 2219 3990 2276 al-

2539 2314 2636 2371 ter
2654 2310 2962 2388 imputare
2992 2331 3171 2371 suam
3202 2313 3652 2374 temeritatem.

2617 2404 2735 2463 Alii
2793 2409 3002 2465 tamen
3060 2405 3498 2465 universaliter
3570 2409 3808 2483 negant,
3860 2421 3986 2482 posse
4067 2418 4102 2472 a}

2540 2514 2682 2555 eum
2713 2498 2819 2575 qui
2841 2502 3048 2559 certus
3077 2504 3172 2559 est
3187 2498 3442 2572 lucrari,
3467 2500 3750 2568 Alcozer,
3780 2503 3833 2557 ct
3854 2499 3990 2556 Pran-
4036 2543 4117 2584 Μ

2538 2589 2739 2649 ciscus
2768 2591 2991 2650 Garzia
3031 2591 3200 2669 apud
3250 2592 3483 2652 Sanch.
3545 2611 3610 2652 n.
3644 2595 3742 2664 10,
3784 2596 3837 2650 et
3863 2588 3990 2648 latius
4016 2587 4117 2648 md,

2537 2682 2770 2742 Molina
2802 2684 2970 2744 dicta
3004 2684 3164 2762 disp.
3216 2688 3357 2745 508.
3394 2685 3506 2743 ubi
3537 2685 3805 2754 adverte,
3832 2682 3989 2742 salma
4074 2659 4104 2688 ²

2537 2776 2769 2836 Bonae.
2828 2776 2989 2854 disp.
3053 2794 3121 2837 11.
3177 2775 3247 2836 de
3271 2776 3671 2837 contractibus
3702 2782 3887 2855 quaest.
3926 2790 3987 2832 ιιι.

2537 2873 2752 2946 punct.
2789 2885 2829 2928 1.
2878 2888 2983 2930 nu.
3021 2873 3113 2931 18.
3149 2870 3329 2930 citari
3358 2888 3472 2947 pro
3505 2869 3805 2930 sententia
3827 2885 3991 2945 praece·

2541 2959 2714 3021 denti
2742 2964 2911 3022 LeSS.
2959 2980 3097 3040 cap.
3145 2979 3313 3023 xxx-'L
3351 2961 3505 3023 dub.
3547 2979 3594 3024 ι.
3629 2962 3732 3022 ubi
3765 2959 3990 3020 nihillale

2539 3052 2708 3124 dicit,
2745 3058 2807 3114 et
2859 3055 3061 3132 magis
3089 3056 3243 3115 salso
3287 3056 3471 3116 citari
3501 3054 3795 3116 Molinam
3817 3057 3869 3114 et
3887 3055 3991 3112 Gar·

2537 3145 2721 3221 ziam,
2757 3147 2863 3225 qui
2908 3147 3115 3226 potius
3162 3148 3331 3208 illam
3379 3148 3660 3227 primam
3703 3145 3989 3207 sententiam

2536 3239 2928 3318 impugnant,
2983 3245 3045 3301 et
3093 3241 3256 3302 hanc
3287 3242 3662 3301 ¹secundam
3707 3244 3888 3319 aperte
3917 3237 3985 3296 de

2539 3336 2701 3392 cent.
2739 3332 3058 3393 Filliucius
3087 3334 3275 3394 etiam
3324 3337 3511 3395 tract.
3548 3350 3777 3395 xxxvii.
3816 3346 3986 3408 canu.

2537 3443 2600 3484 n.
2634 3428 2730 3485 24.
2767 3425 2919 3485 dicit
2947 3427 3216 3503 primam
3258 3427 3645 3488 sententiam
3691 3423 3990 3505 prohabilem

2536 3535 2694 3594 esse,
2731 3519 3076 3579 secundam
3107 3524 3315 3581 tamen
3336 3539 3473 3580 esse
3488 3521 3699 3599 magis
3719 3520 3932 3598 justam
3951 3520 3990 3573 ά

2536 3611 2690 3671 mihi
2720 3612 2932 3688 etiam,
2983 3613 3208 3675 stando
3256 3615 3319 3673 in
3345 3614 3622 3690 ratione,
3668 3613 3990 3673 videturne-

2536 3704 2656 3764 lius
2687 3705 2969 3767 fundata.

2619 3800 2735 3858 Pro
2766 3797 2945 3877 cujus
2992 3798 3361 3876 probatione
3411 3802 3477 3859 et
3505 3798 3887 3878 explicatione
3920 3794 3992 3854 ad·

2536 3895 2738 3963 verto,
2765 3890 3079 3968 justitiam
3122 3895 3185 3952 et
3222 3892 3657 3970 aequalitatem
3698 3894 3755 3952 in
3783 3892 3864 3951 his
3892 3906 3991 3949 eon-

2536 3983 2838 4043 tractibus
2884 3985 3165 4044 onerosis
3213 3984 3444 4044 debere
3476 3986 3717 4046 attendi
3746 4002 3869 4045 eum
3890 3997 3987 4061 pro-

2537 4076 2824 4153 portione
2855 4076 2935 4135 ad
2965 4081 3356 4137 contractum
3386 4078 3726 4157 emptionis
3752 4082 3808 4137 et
3831 4074 3986 4134 vendi-

2534 4169 2744 4244 tionis,
2796 4186 2985 4249 quem
3029 4188 3249 4230 omnes
3289 4170 3395 4230 alii
3436 4171 3784 4232 imitantur.
3813 4172 3871 4231 In
3893 4183 3991 4225 ven·

2536 4262 2774 4323 ditione
2845 4268 3058 4323 autem
3112 4263 3385 4324 diximus
3453 4264 3851 4333 venditorem,
3894 4259 3991 4318 lieet

2537 4374 2664 4415 non
2719 4358 3009 4416 teneatur
3066 4356 3473 4417 manifestare
3527 4357 3683 4418 vitia
3727 4354 3992 4415 exuinseea

2537 4449 2650 4523 rei,
2686 4449 2942 4527 quando
2971 4449 3048 4508 de
3080 4449 3200 4508 illis
3230 4467 3352 4509 non
3374 4448 3809 4527 interrogatur,
3829 4444 3992 4506 debere

2537 4546 2750 4603 tamen
2807 4542 3209 4603 manifestare
3291 4541 3577 4603 defectus
3631 4542 3946 4603 intrinsecos
3979 4554 3989 4591 t

2540 4653 2734 4715 quare
2784 4635 2831 4695 si
2881 4635 3101 4695 vendis
3143 4653 3463 4713 gemmam
3495 4654 3688 4715 quam
3726 4638 3992 4713 putasesse

2541 4746 2757 4788 veram
2787 4730 2850 4787 et
2878 4731 3120 4806 emptor
3152 4716 3341 4788 etiam
3363 4746 3584 4787 veram
3614 4732 3799 4806 putat,
3828 4730 3992 4800 etpos-
4107 4706 4116 4787 1

2540 4825 2642 4882 tea
2674 4825 2975 4899 appareat
3005 4820 3182 4895 falsa,
3217 4820 3499 4881 venditio
3530 4817 3926 4881 fuitinvalida.
3949 4813 3994 4873 Si
4111 4838 4116 4943 1

2541 4918 2751 4974 autem
2780 4913 2902 4973 scis
2929 4932 3065 4973 esse
3096 4913 3339 4987 falsam,
3363 4913 3560 4973 debes
3588 4914 3650 4973 id
3672 4911 3993 4972 manifestare
4111 4950 4116 4987 4

2543 5007 2774 5068 ementi
2818 5011 2889 5067 ut
2916 5025 3155 5067 veram.
3191 5007 3254 5068 Si
3302 5006 3579 5082 dubitas,
3612 5007 3793 5067 debes
3837 5001 3994 5063 utdu-
4111 5006 4116 5093 2

2540 5100 2712 5161 biam
2745 5099 3042 5174 vendere,
3096 5102 3158 5159 et
3183 5104 3336 5159 tunc
3363 5099 3436 5160 fit
3480 5104 3824 5161 contractus
3856 5097 3993 5155 fortu-

2542 5213 2662 5266 nae,
2699 5192 3012 5252 diminuto
3042 5192 3267 5270 preti0,
3293 5193 3422 5269 qui,
3459 5192 3612 5253 licet
3639 5198 3836 5271 postea
3857 5204 3992 5265 appa·

2543 5291 2681 5347 reat
2710 5304 2848 5345 esse
2870 5286 3116 5361 falsam,
3150 5284 3395 5345 validus
3426 5289 3524 5345 est
3550 5289 3796 5364 propter
3815 5279 3992 5361 perica-

2542 5380 2675 5440 lum
2734 5379 2834 5439 cui
2887 5382 3150 5453 uterque
3195 5377 3259 5436 in
3310 5376 3504 5437 dnbio
3552 5397 3622 5437 se
3667 5368 3987 5454 emman&

2542 5471 2814 5550 denique
2870 5475 3039 5531 certo
3096 5470 3216 5529 scis
3262 5489 3396 5529 esse
3427 5470 3674 5546 falsam,
3719 5475 3778 5530 et
3812 5470 3990 5541 emptor

2544 5565 2761 5626 credat
2816 5582 2949 5624 esse
2992 5581 3230 5639 veram,
3283 5562 3476 5624 debes
3517 5565 3732 5625 vitium
3768 5556 3988 5621 manifes-
