4263 6376
39 1267 103 1324 42

32 1563 92 1592 Β.

1220 252 1690 314 DISPUTA'PIO
1736 255 1953 329 xxm,
2002 255 2277 317 SECTIO
2323 257 2426 316 lx.
3312 262 3388 320 33

215 427 460 507 aliquod
497 446 627 489 non
661 429 1038 508 exjustitia,
1096 429 1206 489 sed
1245 448 1318 490 ex
1347 428 1751 507 gratitudine,

216 524 280 580 ut
306 519 461 598 ipsi,
497 525 564 580 et
592 521 672 580 iis
703 522 809 601 qui
839 522 921 582 ad
951 540 1095 581 eum
1126 522 1441 599 pertinent
1464 569 1479 598 ,
1521 523 1756 582 bonum

213 613 539 674 retribuas
576 615 761 676 Unde
780 615 1054 693 religiosi
1075 615 1284 690 etiam,
1307 615 1453 676 licet
1479 615 1754 693 alioquin

216 722 329 765 non
364 706 611 783 possint
641 726 798 786 pure
830 708 1064 768 donare
1085 755 1099 783 ,
1134 711 1393 786 possunt
1420 711 1652 784 tamen,
1694 711 1755 768 et

214 798 438 859 debent
465 800 634 876 grati
670 818 806 860 esse
836 819 956 861 non
980 800 1181 861 solum
1212 800 1618 875 benefactori,
1645 801 1748 860 sed

215 889 342 967 ejus
371 890 563 950 etiam
595 892 887 968 posteris,
911 911 986 952 ne
1006 892 1391 952 benefactori
1410 894 1507 952 vel
1536 893 1754 952 funda-

213 983 326 1043 tori
352 984 585 1061 ingrati
616 1003 755 1044 esse
784 984 1135 1046 videantur.
1170 986 1246 1045 Et
1274 985 1409 1045 haec
1436 985 1604 1046 dicta
1633 985 1754 1045 suf-

214 1076 422 1136 ficiant
447 1075 529 1135 de
559 1076 772 1154 prima
802 1077 1105 1137 divisione
1138 1077 1490 1139 donationis
1519 1079 1581 1137 in
1609 1097 1750 1157 gra·

215 1168 429 1229 tuitam
459 1174 524 1229 et
554 1171 1144 1230 remuneratoriam.

293 1262 588 1322 Secundo
605 1262 808 1322 dividi
827 1262 986 1323 solet
1004 1262 1258 1323 donatio
1277 1261 1339 1321 in
1353 1261 1758 1323 donationem

33 1392 174 1443 hm.
218 1372 455 1432 puram,
489 1354 555 1413 in
588 1373 719 1434 qua
748 1355 918 1416 nulla
943 1355 1232 1416 limitatio
1263 1355 1537 1435 ponitur,
1570 1359 1758 1434 atque

32 1444 160 1539 “effi
219 1446 353 1507 ideo
381 1448 600 1508 statim
632 1448 936 1523 debetur,
994 1449 1161 1527 quod
1198 1452 1410 1510 tamen
1440 1448 1762 1509 moraliter

211 1539 626 1619 judicandum
659 1545 792 1616 est,
835 1541 980 1619 quia
1009 1559 1134 1601 non
1167 1540 1355 1601 debet
1384 1541 1593 1600 venire
1625 1558 1759 1601 cre-

220 1632 375 1692 ditor
403 1650 553 1692 cum
587 1650 780 1692 sacco
809 1633 888 1691 ad
918 1633 1199 1693 debitum
1226 1633 1434 1693 statim
1463 1632 1763 1710 recipien-

219 1724 362 1786 dum
384 1771 400 1801 ‚
451 1730 525 1786 ut
553 1725 792 1785 dicitur
839 1724 900 1785 in
935 1727 1052 1803 leg.
1092 1724 1261 1799 Quod
1283 1723 1562 1800 dicimus,
1597 1726 1659 1785 ff.
1693 1723 1763 1787 de

216 1816 624 1890 solutionibus;
661 1817 772 1877 sed
796 1817 1035 1897 judic-io
1060 1817 1384 1895 prudentis
1404 1835 1478 1875 ex
1499 1815 1761 1875 circum-

218 1910 453 1971 stantiis
483 1909 923 1970 arbitrandum
943 1914 1037 1969 est
1050 1915 1318 1988 tempuS.
1351 1907 1614 1969 Donatio
1637 1925 1761 1966 non

219 2022 368 2081 pura
396 2003 522 2063 alia
547 2007 648 2063 est
677 2002 1112 2062 conditionalis
1136 2052 1149 2076 ,
1213 2002 1334 2060 alia
1365 2001 1426 2059 in
1450 1999 1637 2060 diem.
1673 2002 1760 2059 De

220 2095 745 2156 conditionalibus
767 2095 1002 2155 dictum
1024 2100 1118 2155 est
1137 2095 1285 2154 satis
1306 2093 1756 2171 disp.!praeced.

219 2194 362 2249 sect.
395 2205 535 2248 xm.
571 2187 822 2266 agendo
853 2187 930 2247 de
951 2192 1275 2248 contractu
1305 2186 1754 2247 conditionatO.

219 2282 475 2344 Donatio
525 2282 590 2340 in
641 2281 810 2340 diem
841 2280 1177 2358 aliquando
1209 2285 1304 2340 est
1340 2278 1400 2339 in
1431 2278 1597 2338 diem
1628 2296 1761 2338 cer-

219 2380 346 2435 tum
370 2421 388 2451 ,
448 2375 559 2454 qui
590 2377 765 2433 certo
793 2373 1038 2433 futurus
1068 2378 1198 2448 est,
1252 2372 1360 2432 sed
1390 2372 1757 2449 ignoramus

222 2467 465 2547 quando
496 2467 622 2527 erit
644 2512 660 2542 ,
716 2470 784 2526 ut
809 2464 858 2525 si
890 2465 1216 2543 promittas
1253 2465 1315 2523 in
1348 2464 1513 2523 diem
1544 2464 1760 2523 mortis

222 2565 360 2635 tuae,
392 2560 491 2619 vel
521 2559 606 2620 ad
639 2558 860 2617 decem
891 2576 1087 2617 annos
1109 2562 1250 2636 post
1263 2561 1528 2618 mortem
1551 2560 1718 2616 tuam
1744 2573 1757 2619 ἰ

221 2652 281 2712 in
309 2672 430 2733 quo
460 2671 616 2712 casu
647 2651 901 2711 donatio
932 2650 1143 2711 differt
1168 2669 1205 2710 a
1231 2651 1437 2729 legato
1466 2670 1477 2709 :
1503 2668 1649 2707 nam
1679 2649 1760 2707 le-

222 2751 429 2823 gatum
462 2744 585 2805 hoc
616 2744 809 2803 modo
840 2743 1074 2803 factum
1107 2743 1455 2818 evanescit,
1507 2741 1555 2802 si
1587 2742 1758 2819 lega-

221 2838 407 2898 tarius
435 2837 750 2897 moriatur
778 2841 1117 2914 antequam
1147 2839 1408 2896 testator
1431 2881 1445 2910 ,
1506 2834 1759 2894 donatio

225 2950 363 2991 vero
394 2949 520 2991 non
552 2931 821 3010 expirat,
855 2929 962 2989 sed
993 2929 1435 2990 transmittitur
1462 2927 1542 2988 ad
1574 2928 1765 2987 haere-

224 3023 328 3083 des
356 3023 696 3097 donatarii,
730 3028 801 3083 ut
827 3022 951 3082 late
982 3021 1209 3099 probat
1236 3021 1465 3081 Melina
1497 3037 1540 3081 1.
1578 3024 1640 3081 et
1667 3025 1754 3081 to.

225 3116 375 3195 disp.
409 3119 551 3177 205.
587 3121 654 3176 et
683 3131 749 3175 11.
784 3118 936 3174 tom.
970 3114 1131 3193 disp.
1167 3117 1305 3175 284.
1341 3132 1514 3174 num.
1549 3116 1608 3173 2.
1643 3111 1759 3184 Qui

227 3211 406 3270 etiam
434 3210 601 3270 bene
633 3210 948 3283 observat,
985 3226 1158 3268 num.
1192 3211 1251 3268 4.
1285 3206 1455 3267 aliud
1484 3224 1620 3267 esse
1641 3253 1656 3282 ,
1712 3205 1760 3264 si

226 3304 582 3382 promittam
602 3349 617 3380 ,
679 3300 827 3361 dabo
873 3300 983 3360 tibi
1021 3306 1276 3362 centum
1330 3319 1458 3360 cum
1513 3298 1757 3375 moriar,

226 3395 389 3456 aliud
417 3414 593 3472 vern,
626 3393 681 3454 si
712 3394 941 3470 dicam,
976 3391 1124 3453 dabo
1151 3392 1261 3453 tibi
1286 3396 1538 3454 centum
1564 3392 1618 3452 si
1641 3412 1765 3451 mo-

227 3488 349 3546 rim·
397 3507 423 3547 .·
478 3506 629 3547 nam
660 3487 833 3566 prior
861 3490 956 3547 est
991 3486 1055 3545 in
1085 3486 1252 3546 diem
1276 3532 1290 3561 ,
1343 3504 1458 3546 nec
1499 3485 1765 3545 debetur

231 3585 365 3641 ante
392 3586 670 3642 mortem
703 3600 716 3639 :
751 3579 1063 3659 posterior
1097 3583 1192 3640 est
1220 3578 1669 3652 conditionata,
1704 3582 1766 3638 et

230 3673 483 3736 debetur
512 3674 750 3750 statim,
786 3673 932 3751 quia
961 3672 1233 3733 conditio
1264 3676 1432 3732 certo
1465 3676 1524 3732 et
1553 3689 1766 3731 neccs-

230 3767 384 3827 sario
429 3767 645 3827 sutura
693 3784 817 3826 non
865 3765 1191 3843 suspendit
1217 3764 1661 3843 obligationem
1693 3783 1766 3821 ex

230 3860 343 3938 leg.
375 3859 451 3919 Si
461 3859 738 3941 pupillus
765 3905 780 3935 ,
812 3859 870 3936 ἓ.
910 3857 1146 3933 Quisub
1174 3857 1499 3917 conditione
1520 3904 1535 3934 ,
1586 3857 1653 3918 ff.
1688 3857 1764 3915 de

231 3951 434 4013 donat.
464 3953 523 4031 ἓ.
566 3951 961 4028 conditiones,
996 3952 1186 4012 instit.
1221 3949 1291 4010 de
1317 3949 1623 4011 verborum
1652 3949 1762 4010 ob-

231 4044 394 4123 ligat.

306 4138 437 4197 Alia
469 4143 568 4198 est
598 4136 881 4212 donatio,
906 4137 1001 4195 vel
1033 4136 1362 4215 promissio
1392 4135 1454 4195 in
1485 4135 1651 4194 diem
1681 4133 1767 4194 in-

232 4235 484 4305 certum,
517 4233 593 4289 ut
619 4229 669 4288 si
701 4230 1064 4307 promittam
1094 4229 1193 4288 vel
1225 4228 1452 4288 donem
1481 4229 1544 4287 in
1574 4227 1763 4302 diem,

234 4341 346 4401 qua
378 4341 640 4383 uxorem
668 4323 941 4398 duxeris,
978 4327 1038 4383 et
1066 4322 1201 4382 haec
1233 4326 1526 4382 censetur
1551 4320 1769 4381 condi-

234 4415 492 4488 tionalis‚
527 4415 694 4475 sicut
721 4415 768 4474 si
803 4416 1008 4475 dicam
1045 4435 1058 4474 :
1085 4414 1370 4494 promitto
1399 4412 1491 4473 vel
1515 4412 1685 4488 done,
1718 4412 1773 4472 si

235 4527 464 4568 uxorem
496 4507 741 4567 dureris
765 4555 779 4582 ,
814 4508 936 4585 leg.
977 4507 1091 4582 Qui
1109 4506 1403 4586 promisit,
1442 4508 1501 4566 [f.
1538 4505 1606 4565 de
1633 4525 1769 4564 con-

234 4600 437 4660 ditione
465 4600 742 4674 indebiti,
777 4605 840 4660 et
868 4601 988 4675 leg.
1025 4598 1429 4678 Quodcumque
1452 4645 1466 4673 ,
1523 4600 1578 4675 ξ.
1635 4597 1770 4657 Non

235 4693 428 4759 solum.
465 4696 527 4754 ff.
564 4691 633 4751 de
661 4691 964 4752 verborum
993 4690 1238 4770 obliqot.
1272 4690 1501 4768 Excipe
1531 4695 1764 4764 tamen,

238 4786 340 4845 nisi
371 4787 502 4845 dies
533 4787 634 4845 ille
665 4785 936 4845 incertus
967 4783 1288 4861 appositus
1317 4782 1609 4842 fuissetin
1635 4801 1771 4860 gra·

237 4878 378 4937 tiam
409 4885 471 4938 et
500 4878 784 4937 favorem
813 4875 1199 4954 promissarii
1230 4921 1244 4951 ‚
1306 4875 1401 4933 vel
1433 4874 1765 4949 donatarii,

241 4979 302 5030 ut
350 4972 400 5030 si
443 4969 776 5049 promittas
823 4967 1306 5045 consanguineas
1371 4967 1638 5027 ducenta
1707 4966 1770 5025 in

239 5062 415 5140 diem,
450 5083 576 5142 qua
608 5062 911 5140 nupserit,
935 5080 1011 5120 ne
1045 5061 1148 5120 illa
1175 5065 1385 5121 autem
1415 5064 1762 5119 consumat.

240 5156 488 5228 Quando
520 5162 737 5216 autem
754 5159 1173 5233 praesumatur
1193 5153 1326 5213 dies
1344 5151 1629 5230 apposita
1646 5152 1766 5212 hoc

238 5249 415 5308 modo
445 5250 649 5309 solum
679 5249 741 5308 in
789 5248 1071 5307 favorem
1113 5245 1533 5324 promissarii,
1582 5249 1770 5323 atque

241 5339 370 5400 ideo
400 5359 474 5400 ex
504 5340 941 5420 promissione,
961 5339 1055 5399 vel
1087 5337 1423 5398 donatione
1452 5338 1772 5398 transmit·-

548 5437 707 5495 Τοκ.
745 5433 875 5494 vn.

1856 434 2024 492 tatur
2045 432 2149 512 jus
2199 433 2279 493 ad
2310 434 2443 512 ejus
2470 433 2753 495 haere'des
2778 481 2793 511 ,
2843 434 3132 497 videatur
3159 437 3392 498 Molina

1857 523 2021 585 dicta
2051 525 2209 604 disp.
2245 530 2382 587 284.
2419 548 2479 588 n.
2513 530 2572 589 5.

1938 618 2146 678 Tertio
2178 619 2369 679 dividi
2414 620 2569 681 solet
2612 620 2865 682 donatio
2894 621 2957 681 in
2989 622 3392 683 donationem

1861 727 2047 770 causa
2077 711 2330 788 mortis,
2383 716 2442 773 et
2472 713 2535 771 in
2567 712 2967 773 donationem
2997 714 3161 776 inter
3189 716 3387 776 vivos·
3506 719 3511 723 ’

1859 803 2166 863 Caeterum
2196 823 2338 864 cum
2370 804 2621 865 donatio
2653 824 2841 866 causa
2870 808 3088 868 mortis
3117 807 3395 869 imitetur

1857 895 1987 955 fere
2035 895 2095 955 in
2127 898 2416 957 omnibns
2445 898 2699 958 ultimas
2728 900 3080 961 voluntates
3105 948 3120 977 ,
3166 920 3394 980 oppor-

1854 988 2066 1049 tunius
2095 990 2173 1049 de
2202 990 2338 1068 ipsa
2365 991 2642 1051 dicemus
2673 991 2902 1071 disput.
2937 994 3252 1072 sequenti,
3288 993 3395 1054 ubi

1856 1080 1934 1140 de
1963 1084 2374 1161 testamentis,
2400 1089 2462 1146 et
2489 1084 2720 1145 ultimis
2737 1085 3160 1147 voluntatibus
3186 1105 3392 1147 sermo

1856 1173 1994 1236 erit.

2341 1601 2765 1687 saevo
2831 1605 2910 1689 X.

1865 1903 2004 1978 Qnoe
2018 1922 2287 1985 personoe
2311 1903 2530 1966 donare
2544 1906 2773 1987 possint
2797 1953 2812 1982 ,
2864 1916 2920 1968 et
2965 1908 3026 1967 in
3056 1928 3172 1989 qua
3201 1929 3391 1990 quan-

2541 2011 2726 2073 litate.

1941 2279 2071 2339 Hoc
2100 2279 2231 2339 fere
2270 2279 2647 2356 explicatum
2693 2284 2786 2342 est
2832 2300 3019 2360 supra
3061 2286 3212 2343 sect.
3250 2299 3388 2344 vm.

1862 2369 1938 2429 de
1969 2370 2063 2444 iis,
2098 2370 2205 2448 qui
2234 2371 2598 2448 promittere
2627 2377 2910 2449 possunt,-
2935 2373 3200 2434 etlatius
3229 2373 3389 2452 disp.
3466 2426 3542 2480 Qu,
3560 2426 3713 2470 donare

3509 2492 3648 2535 posan

1859 2462 2241 2542 praecedenti
2270 2469 2420 2524 sect.
2454 2480 2514 2524 x.
2550 2464 2628 2524 de
2660 2465 2732 2525 iis
2763 2466 2871 2544 qui
2898 2470 3161 2545 possunt
3192 2467 3395 2528 valide

1861 2573 1973 2634 per
2001 2559 2389 2616 contractum
2420 2574 2485 2617 se
2516 2557 2796 2636 obligare
2832 2580 2844 2620 :
2879 2559 2919 2618 ii
2952 2561 3117 2619 enim
3147 2560 3259 2620 soli
3290 2560 3398 2620 do-

1862 2667 2010 2707 nare
2040 2654 2319 2727 possunt.
2381 2650 2559 2712 Unde
2588 2651 2864 2712 breviter
2912 2652 3246 2713 dicendum
3278 2656 3393 2727 est,

1863 2758 1975 2800 nec
2005 2740 2306 2802 infantem
2337 2760 2451 2801 nec
2481 2747 2799 2804 carentem
2846 2764 2961 2805 usu
2992 2745 3256 2806 rationis
3287 2746 3397 2806 do-

1863 2852 2012 2893 nare
2042 2852 2249 2912 posse,
2287 2853 2484 2913 neque
2518 2835 2703 2895 etiam
2736 2836 3068 2915 prodigum
3094 2884 3109 2913 ,
3160 2839 3262 2898 cui
3290 2838 3399 2897 ad-

1861 2926 2234 2988 ministratio
2281 2946 2320 2987 a
2356 2927 2570 3007 judice
2618 2928 2950 2991 interdicta
2998 2936 3092 2992 est
3112 2978 3127 3006 ‚
3193 2949 3398 3010 neque

1864 3020 2052 3080 etiam
2089 3019 2481 3096 impuberem
2512 3022 2644 3081 sine
2675 3026 2900 3083 tutore.
2954 3025 3042 3083 De
3069 3024 3398 3085 filiisfami-

1860 3113 1974 3173 lias
2004 3112 2241 3173 dictum
2270 3113 2396 3174 late
2427 3118 2521 3175 est
2548 3133 2738 3194 supra
2754 3115 2912 3196 disp.
2940 3133 3092 3177 xxn.
3120 3121 3270 3178 sect.
3299 3121 3393 3179 10.

1862 3206 1968 3266 ubi
1996 3206 2186 3267 etiam
2215 3206 2293 3265 de
2322 3207 2669 3268 minoribus
2696 3255 2711 3285 ,
2767 3210 2871 3287 qui
2904 3214 3259 3271 curatorem
3287 3211 3402 3271 ha-

1862 3299 2014 3358 bent
2036 3344 2050 3372 ,
2111 3298 2190 3357 de
2242 3298 2471 3377 quibus
2496 3303 2708 3360 tamen
2737 3300 2898 3362 bene
2928 3302 3199 3364 advertit
3225 3305 3396 3364 Les5.

1864 3409 2000 3469 cap.
2035 3392 2252 3462 xv111.
2289 3391 2439 3452 dub.
2473 3408 2557 3453 x1.
2593 3411 2764 3453 num.
2795 3397 2893 3455 81.
2929 3413 3071 3455 cum
3102 3396 3260 3470 aliis,
3294 3395 3403 3455 ha-

1862 3484 2012 3544 bere
2060 3483 2197 3543 illos
2240 3484 2499 3544 tacitum
2542 3486 2849 3547 curatoris
2898 3505 3275 3548 consensum
3319 3487 3401 3549 ad

1866 3577 2228 3637 donandum
2251 3576 2431 3655 juxta
2461 3576 2558 3636 sui
2586 3581 2785 3638 status
2814 3579 3237 3640 conditionem
3261 3627 3276 3658 ,
3338 3580 3402 3639 in

1864 3670 2054 3730 rebus
2083 3669 2524 3729 communibus
2550 3715 2564 3743 ,
2616 3669 2777 3730 sicut
2805 3672 2906 3730 alii
2938 3671 3221 3750 ejusdem
3250 3689 3400 3733 con-

1867 3761 2117 3822 ditionis
2148 3760 2354 3821 tacere
2384 3761 2607 3822 solent.
2644 3762 2935 3823 Siautem
2953 3763 3191 3843 absque
3212 3765 3405 3824 licen-

1866 3855 1952 3915 tia
1981 3853 2285 3915 curatoris
2316 3853 2643 3916 donaverit
2668 3855 2893 3931 minor,
2919 3856 3282 3918 donatarius
3312 3875 3404 3917 re-

1865 3948 2064 4009 tinere
2094 3946 2359 4025 poterit,
2410 3945 2610 4006 donec
2641 3965 2675 4005 a
2723 3952 3011 4011 curatore
3057 3954 3400 4028 repetatur,

1866 4040 1965 4099 vel
1997 4040 2076 4098 ab
2107 4039 2240 4116 ipso
2266 4039 2531 4113 minore,
2567 4039 2710 4117 quia
2744 4039 2821 4099 de
2850 4059 2963 4101 suo
2995 4041 3286 4118 donavit,
3337 4045 3406 4103 ut

1867 4151 2011 4193 cum
2039 4131 2272 4192 Molina
2295 4131 2453 4211 disp.
2486 4135 2623 4192 224.
2658 4135 2796 4193 261.
2824 4137 2887 4194 et
2905 4138 3044 4196 277.
3068 4135 3407 4196 docetLes-

1868 4227 1995 4287 sius
2034 4224 2290 4284 ibidem.
2344 4227 2433 4285 De
2462 4224 2853 4286 beneficariis
2878 4272 2893 4302 ,
2948 4227 3262 4307 quomodo
3293 4228 3408 4288 do-

1869 4336 2019 4377 nare
2048 4318 2288 4396 possint
2331 4335 2404 4375 ex
2437 4317 2729 4378 Ecclesiae
2773 4318 3078 4380 reditibus
3103 4366 3119 4395 ‚
3171 4321 3409 4382 dictum

1870 4415 1963 4470 est
1991 4411 2113 4469 late
2146 4409 2308 4488 disp.
2348 4426 2433 4469 lv.
2470 4416 2621 4469 sect.
2657 4413 2714 4470 3.
2764 4410 2841 4469 de
2874 4411 3099 4473 debitis
3145 4417 3407 4490 gravato

1870 4504 2080 4578 ctiam,
2115 4521 2195 4561 an
2227 4503 2289 4560 in
2323 4502 2758 4580 praejudicium
2802 4505 3185 4565 creditorum
3215 4505 3408 4566 dona·

1870 4615 1936 4655 re
1969 4595 2182 4673 possit,
2216 4600 2278 4655 et
2306 4614 2381 4654 an
2416 4595 2780 4655 donatarius
2809 4596 2975 4657 licite
2994 4598 3228 4659 donum
3249 4599 3408 4659 acci-

1870 4688 2004 4767 piat
2032 4688 2127 4747 vel
2161 4688 2465 4763 retineat,
2490 4725 2491 4730 κ
2519 4688 2788 4748 diximus
2816 4708 3007 4767 supra
3036 4691 3265 4770 disput.
3301 4708 3402 4752 xx.

1870 4787 2019 4840 sect.
2045 4783 2104 4840 6.
2141 4782 2227 4839 De
2261 4798 2448 4839 uxore
2480 4781 2690 4854 etiam,
2717 4799 2818 4856 an,
2846 4788 2908 4842 et
2923 4783 3238 4860 quomodo
3271 4802 3408 4861 pos-

1869 4873 1950 4933 sit
1976 4872 2212 4932 donare
2260 4873 2322 4931 in
2357 4873 2785 4950 eleemosynas
2811 4920 2825 4948 ,
2876 4874 2974 4934 vel
3005 4875 3157 4935 alias
3181 4922 3196 4950 ,
3250 4876 3410 4936 dixi-

1871 4984 2009 5025 mus
2031 4965 2191 5043 disp.
2226 4981 2353 5025 Χνῐ.
2388 4973 2538 5027 sect.
2566 4969 2625 5025 4.
2660 4983 2739 5024 an
2769 4983 2917 5027 vero
2948 4969 3144 5045 possit
3172 4969 3407 5029 donare

1872 5077 2061 5120 causa
2081 5058 2321 5133 mortiS,
2356 5058 2636 5118 dicemus
2656 5058 2819 5118 infra
2847 5060 3096 5137 agendo
3121 5061 3197 5120 de
3226 5066 3410 5122 testa-

1870 5151 2117 5226 mentiS,
2153 5155 2215 5211 et
2243 5150 2320 5209 de
2349 5151 2655 5229 religiosis
2681 5151 2806 5212 late
2836 5151 2994 5231 disp.
3031 5169 3125 5214 111.
3159 5160 3310 5215 sect.
3345 5159 3405 5215 7.

1871 5250 1934 5306 ct
1960 5243 2387 5323 sequentibus,
2414 5244 2521 5303 ubi
2552 5245 2741 5305 etiam
2770 5244 2973 5304 visum
3007 5249 3121 5321 est,
3157 5265 3414 5325 quomo·

1870 5336 1950 5398 do
1980 5340 2044 5396 et
2071 5340 2376 5416 quantum
2406 5338 2700 5413 praelatus
2721 5337 3029 5414 regularis
3051 5338 3286 5401 donare
3308 5359 3413 5418 po-

3544 2302 3657 2361 143

3652 2485 3684 2523 i.
