4263 6376
1349 356 1823 418 mSPU'rA'rlo
1865 355 2081 433 XXIII,
2130 354 2404 417 SECTIO
2448 356 2608 417 vlu.
3483 346 3560 406 23

381 527 638 590 mittere
666 530 1057 611 diligentiam
1086 532 1531 595 adhibendam.
1579 533 1642 595 Si
1674 551 1796 594 non
1819 531 1924 613 ju-

382 621 562 697 rasti,
596 628 747 685 tunc
768 625 916 703 jure
945 625 1248 686 canonico
1272 673 1288 703 ,
1322 630 1386 687 et
1412 625 1475 686 in
1504 625 1798 688 tribunali
1830 643 1926 687 ec-

384 714 734 778 clesiastico
763 718 1068 795 liberaris,
1104 718 1250 797 quia
1281 720 1552 779 censeris
1570 719 1925 797 promisisse

385 808 592 868 solum
617 814 680 870 te
709 814 1075 871 curaturum
1109 831 1122 872 :
1155 812 1219 870 in
1248 811 1543 872 tribunali
1573 815 1782 871 autem
1810 828 1927 871 ste-

386 900 585 960 culari
616 919 743 962 non
782 903 1068 963 liberaris
1108 922 1146 962 a
1190 922 1418 983 poena,
1473 904 1621 984 quia
1662 905 1927 983 promis-

385 991 479 1053 sio
509 993 610 1053 illa
644 1012 769 1055 non
798 1001 1087 1057 censetur
1113 1015 1247 1056 esse
1270 997 1348 1056 de
1372 996 1791 1075 procurandO,
1815 996 1926 1057 sed

385 1085 467 1145 de
522 1087 656 1147 sola
712 1105 902 1165 poena
922 1134 938 1164 ,
1000 1107 1194 1168 quare
1245 1089 1416 1150 illam
1469 1090 1748 1166 debebiS,
1808 1089 1926 1149 nisi

385 1178 724 1240 difficultas
767 1180 1038 1242 faciendi
1084 1182 1458 1261 contigerit,
1507 1201 1632 1243 non
1679 1183 1741 1242 in
1791 1182 1924 1260 ipso

384 1271 537 1332 facti
566 1270 754 1332 alieni
781 1272 1195 1351 promissore,
1237 1275 1392 1336 sed
1377 1294 1438 1335 in
1488 1293 1562 1336 eo
1592 1274 1697 1354 qui
1727 1274 1927 1335 factu-

385 1382 498 1425 rus
525 1369 642 1426 est.

466 1457 593 1518 Alii
636 1461 849 1519 tamen
896 1459 1283 1538 probabilius
1333 1459 1581 1535 dicunt,
1641 1412 1925 1522 adbibita

385 1548 721 1611 sufficienti
747 1550 1090 1629 diligentia,
1117 1553 1560 1630 promissorem
1579 1570 1705 1613 non
1734 1552 1926 1612 debe-

384 1659 456 1702 re
486 1660 765 1720 poenam,
800 1662 955 1723 quos
983 1646 1301 1724 congerit,
1353 1650 1417 1708 et
1454 1645 1736 1724 sequitur
1763 1645 1921 1707 San·

384 1734 542 1796 chez
568 1736 736 1797 dicto
765 1737 872 1797 lib.
909 1738 955 1798 Ι.
991 1736 1149 1817 disp.
1202 1755 1347 1800 xxv,
1395 1757 1501 1799 nu.
1533 1740 1593 1799 3.
1629 1738 1774 1818 quia
1809 1745 1924 1799 noc

385 1832 486 1889 est
503 1829 688 1906 juxta
714 1834 1002 1890 naturam
1030 1847 1236 1909 poenae
1259 1878 1276 1907 ,
1329 1833 1401 1892 ut
1444 1836 1757 1909 supponat
1796 1831 1922 1891 cul·

347 1938 561 2000 ·pam,
596 1938 745 1999 ergo
786 1921 841 1982 si
886 1922 1267 2000 promittitur
1308 1942 1481 1984 mera
1526 1942 1753 2003 poena,
1798 1942 1923 1984 non

383 2012 809 2092 promittitur,
860 2014 977 2075 nisi
1022 2016 1418 2095 praecedente
1448 2017 1830 2096 negligentia
1859 2017 1922 2075 in

383 2106 716 2185 diligentia
742 2106 1125 2185 adhibenda,
1159 2113 1231 2170 ut
1257 2109 1570 2188 colligitur
1595 2128 1670 2169 ex
1697 2109 1821 2188 leg.
1856 2111 1925 2170 fi-

383 2199 539 2273 nali,
572 2200 629 2278 §.
663 2199 826 2260 Idem
836 2200 1023 2280 juris,
1058 2202 1121 2262 ff.
1154 2201 1236 2262 ad
1259 2202 1370 2282 leq.
1405 2201 1692 2263 Rhodiam
1720 2202 1790 2262 de
1815 2202 1924 2283 ja-

381 2301 508 2353 ctu.
543 2297 608 2353 et
632 2292 754 2370 leg.
789 2309 857 2353 11.
894 2294 957 2354 ff.
993 2294 1215 2374 Siquis
1255 2294 1506 2355 cantion.
1541 2295 1717 2369 Quod
1746 2296 1924 2358 intel-

379 2384 594 2464 ligunt
614 2385 814 2461 multi,
847 2385 1090 2447 etiamsi
1119 2387 1457 2465 promissor
1486 2387 1713 2450 dixerit
1741 2409 1756 2463 ;
1781 2408 1922 2470 pro·

382 2478 558 2538 mitto
593 2477 841 2539 Petrum
880 2497 1009 2539 cum
1048 2480 1256 2559 effectu
1288 2481 1586 2561 facturum
1610 2528 1625 2558 ,
1678 2481 1923 2562 adjecta

384 2570 620 2631 deinde
666 2589 893 2649 prena,
955 2572 1031 2633 de
1089 2592 1213 2653 quo
1257 2573 1569 2635 immerito
1616 2574 1925 2636 dubitavit

383 2663 625 2726 Molina
651 2681 796 2723 cum
833 2664 972 2724 aliis
1013 2684 1026 2726 ε
1061 2665 1208 2743 quia
1257 2665 1620 2744 promittere
1668 2668 1921 2728 Petrum

384 2756 726 2832 facturum,
761 2761 824 2816 et
849 2757 1213 2834 promittere
1243 2761 1495 2819 Petrum
1525 2777 1669 2820 cum
1697 2759 1920 2821 effectu

384 2849 703 2910 facturum
734 2867 859 2910 non
889 2848 1182 2913 videntur
1207 2849 1414 2930 reipsa
1441 2852 1692 2913 differre
1720 2899 1735 2929 ,
1778 2870 1922 2913 cum

383 2942 596 3004 omnis
624 2943 728 3022 qui
757 2942 907 3004 facit
933 2961 1076 3004 cum
1106 2946 1329 3006 effectu
1370 2944 1561 3007 faciat
1582 2992 1597 3023 ‚
1645 2946 1791 3007 licet
1825 2965 1923 3007 se-

385 3036 602 3097 cunda
628 3036 897 3109 formula
936 3037 1139 3115 magis
1185 3037 1248 3097 id
1295 3039 1622 3116 exprimat.
1658 3041 1788 3101 Hoc
1833 3044 1921 3100 ta-

386 3146 535 3190 men
564 3126 952 3208 intelligitur,
984 3129 1235 3209 quando
1255 3132 1597 3210 promissor
1616 3151 1741 3194 non
1771 3132 1922 3193 scie-

382 3222 498 3284 bat
517 3225 653 3303 jam
682 3240 748 3283 se
777 3222 929 3283 nihil
957 3240 994 3283 a
1022 3225 1206 3285 Petro
1234 3225 1635 3288 obtenturum
1661 3273 1676 3303 ,
1710 3232 1819 3289 aut
1844 3227 1921 3287 de

384 3315 510 3377 hoc
539 3315 887 3391 dubitabat,
921 3333 1045 3395 quo
1073 3334 1224 3377 casu
1239 3318 1406 3378 mala
1426 3319 1551 3382 fide
1574 3338 1718 3381 cum
1747 3324 1922 3382 tanta

385 3408 853 3470 asseveratione
882 3409 1170 3487 promisit
1211 3410 1447 3472 factum
1488 3413 1760 3473 alienum
1785 3460 1800 3490 ,
1830 3419 1925 3476 at-

385 3519 511 3582 que
537 3502 684 3562 ideo
713 3501 961 3579 decepit
985 3502 1455 3579 promissarium
1486 3506 1583 3567 cui
1599 3506 1718 3568 fuit
1735 3524 1926 3568 causa

386 3593 698 3656 subeundi
721 3598 1108 3656 contractum
1129 3612 1485 3673 onerosum,
1515 3602 1585 3660 ut
1610 3600 1663 3659 si
1691 3599 1927 3679 promi-

385 3688 472 3748 sit
497 3705 564 3746 se
593 3687 995 3747 obtenturum
1021 3687 1110 3749 illi
1139 3688 1413 3749 officium
1446 3709 1484 3750 a
1515 3684 1693 3770 rege,
1739 3693 1789 3752 si
1819 3692 1921 3753 Ti-

385 3780 544 3841 tiam
572 3796 832 3841 uxorem
862 3779 1138 3856 duceret,
1172 3781 1375 3842 sciens
1402 3784 1502 3844 vel
1531 3784 1826 3847 dubitans
1848 3786 1922 3846 dc

385 3872 889 3952 impossibilitate
918 3876 1027 3934 aut
1064 3872 1542 3952 incertitudine,
1595 3867 1787 3958 quare
1832 3879 1925 3940 in—

387 3965 556 4045 iuste
583 3964 698 4025 ruit.
724 3983 915 4025 causa
944 3966 1111 4044 quod
1144 3969 1362 4028 Petrus
1383 3986 1458 4029 ea
1477 3988 1587 4048 spe
1608 3972 1926 4034 matrimo-

389 4058 567 4118 nium
595 4057 802 4132 iniret,
836 4062 1024 4138 atque
1051 4059 1192 4119 ideo
1211 4059 1526 4122 tenebitur
1544 4062 1634 4124 illi
1659 4064 1740 4124 ad
1771 4065 1928 4126 aesti-

389 4151 735 4212 mationem
749 4149 839 4209 rei
864 4152 1210 4230 promissae.
1229 4152 1407 4225 Quod
1430 4154 1596 4215 idem
1618 4158 1921 4234 procedit,

393 4243 642 4325 quoties
679 4247 926 4305 constat
972 4244 1051 4305 de
1089 4244 1433 4308 intentione
1479 4250 1922 4327 promittentis,

392 4335 565 4418 quod
590 4335 791 4397 voluit
816 4334 878 4396 in
910 4337 1078 4397 omni
1104 4343 1332 4400 eventu
1371 4339 1448 4399 ad
1492 4359 1744 4420 poenam
1773 4343 1929 4404 obli-

392 4430 554 4510 gari,
588 4432 653 4490 et
703 4429 1062 4491 indemnem
1104 4449 1356 4495 servare
1398 4435 1874 4513 promissarium
1911 4454 1924 4495 :

387 4524 523 4604 jam
553 4521 720 4582 enim
753 4527 898 4583 tunc
927 4542 1053 4585 non
1091 4525 1286 4588 voluit
1327 4529 1528 4589 solum
1566 4528 1930 4607 promittere

392 4633 672 4696 pomam,
697 4615 808 4675 sed
836 4615 1037 4695 magis
1065 4618 1260 4697 voluit
1284 4621 1630 4702 fidejubere
1656 4668 1670 4698 ,
1703 4623 1801 4683 vel
1833 4641 1933 4684 as-

397 4725 692 4769 securare
721 4707 957 4769 factum
974 4710 1271 4772 alienum.

146 4817 166 4874 ς
193 4816 265 4873 13
480 4803 682 4876 Petes,
714 4820 795 4860 an
823 4801 876 4861 si
904 4804 1251 4880 promittas,
1272 4805 1373 4866 vel
1401 4806 1596 4868 dones
1619 4826 1754 4868 rem
1782 4809 1936 4870 alie-

89 4943 221 4992 w
256 4942 295 4983 3
399 4911 587 4970 nam,
649 4912 841 4973 quam
897 4897 1200 4957 credebas
1237 4916 1370 4958 esse
1417 4903 1614 4978 tuam,
1665 4902 1934 4962 tenearis

61 4999 327 5098 &mugnus-
403 4986 736 5048 donatario
784 4987 862 5047 de
920 4987 1272 5051 evictione?
1326 4992 1537 5072 Aliqui
1594 4993 1931 5071 affirmant,

45 5119 92 5157 2.
79 5116 164 5142 3.,
195 5083 352 5145 ..ι-ά..
402 5079 658 5159 quando
688 5081 1011 5158 praecessit
1047 5083 1381 5161 promissio
1413 5089 1476 5146 et
1514 5087 1796 5165 sequitur
1824 5087 1936 5148 do-

83 5161 162 5197 ι*
186 5163 318 5199 ’ω’
402 5173 595 5247 natio,
632 5190 791 5251 quos
819 5172 1010 5235 refert
1054 5175 1283 5236 Molina
1316 5177 1478 5256 disp.
1528 5182 1666 5240 252.
1703 5180 1932 5241 colum.

399 5268 459 5326 3.
492 5263 626 5344 ipse
657 5269 866 5326 tamen
897 5267 1119 5328 melius
1148 5274 1370 5348 negat,
1414 5272 1561 5351 quia
1589 5290 1732 5333 cum
1763 5292 1838 5333 ex
1864 5271 1940 5332 li-

398 5357 726 5419 beralitate
758 5359 1093 5438 procedat,
1148 5381 1268 5423 non
1303 5365 1744 5441 proesumitur'
1728 5384 1792 5425 in
1824 5365 1940 5426 do-

401 5451 743 5526 naute,ve1
773 5451 1173 5529 promittente
1202 5455 1461 5517 intentio
1478 5475 1544 5517 se
1574 5458 1653 5518 ad
1684 5458 1941 5519 evictio-

403 5560 546 5602 nem
586 5535 934 5621 obligandi.
993 5546 1126 5607 Hoc
1177 5550 1390 5609 tamen
1444 5548 1632 5627 fallit,
1686 5551 1938 5630 quando

2025 532 2360 612 promisisti
2393 549 2585 593 unum
2614 549 2845 612 equum
2873 530 2937 590 in
2966 544 3220 608 genere,
3253 528 3318 587 et
3343 526 3563 603 postea

2025 620 2252 687 dedisti
2284 645 2501 701 unum,
2537 643 2725 704 quem
2756 624 3058 684 credebas
3090 626 3286 695 tuum,
3311 634 3455 678 cum
3472 633 3562 676 es·

2026 723 2121 779 set
2147 719 2388 779 alienus
2413 738 2428 791 ;
2463 724 2612 780 tunc
2641 717 2807 777 enim
2838 735 2912 777 ex
2942 716 3005 777 vi
3035 713 3263 793 prioris
3290 708 3558 789 promis·

2024 813 2215 872 sionis
2243 812 2435 872 debes
2464 811 2614 872 dare
2645 812 2837 871 alium
2885 826 3116 889 equum
3143 852 3160 883 ,
3218 809 3287 865 ut
3331 804 3562 864 fatetur

2023 903 2193 963 idem
2219 904 2451 966 Molina
2478 905 2584 965 ibi.

2104 997 2435 1058 Dubitat-ur
2459 996 2644 1058 tertio
2666 995 2836 1057 circa
2852 993 3182 1055 materiam
3203 987 3557 1070 promissio·
3707 992 3821 1052 119

2028 1090 2147 1165 nis,
2179 1107 2258 1149 an
2288 1091 2585 1169 quaelibet
2608 1088 2911 1164 materia,
2958 1105 3098 1166 quae
3128 1086 3191 1145 in
3219 1084 3382 1145 furto
3412 1099 3561 1142 cen·
3607 1116 3706 1170 Qua
3735 1122 3842 1215 „⁸35
3844 1118 3906 1216 ,ἧς

2026 1186 2199 1244 setur
2225 1182 2475 1261 gravis,
2509 1187 2842 1243 censeatur
2868 1180 3057 1241 etiam
3086 1177 3294 1257 gravis
3321 1177 3385 1236 in
3413 1192 3560 1254 pro·
3607 1172 3662 1214 ⁸¹²
3696 1184 3795 1236 ΒΨ

2022 1275 2317 1334 missione
2345 1275 2652 1350 humana,
2686 1280 2756 1338 ut
2785 1273 2919 1352 ejus
2954 1272 3205 1358 violatio
3235 1270 3315 1331 sit
3340 1285 3559 1348 pecca·
3620 1226 3795 1331 Ρῗτῗῗῧῗ
3782 1238 3891 1323 {⁰⁰⁰

2023 1372 2156 1427 tum
2184 1369 2490 1444 mortale,
2526 1367 2778 1447 quando
2826 1365 3173 1446 promissor
3198 1362 3468 1423 intendit
3492 1377 3559 1420 se
3644 1332 3858 1429 ,ἑζῖᾚ

2023 1472 2148 1520 non
2178 1460 2380 1521 solum
2411 1479 2486 1521 ex
2514 1460 2837 1535 fidelitate,
2871 1458 2983 1519 sed
3013 1458 3203 1518 etiam
3234 1452 3562 1535 exjustitia

2022 1554 2303 1631 obligare
2333 1553 2362 1613 ‘2
2406 1553 2614 1614 Prima
2658 1551 2968 1613 sententia
3014 1550 3319 1624 affirmat,
3368 1563 3558 1626 quam

2021 1652 2193 1709 tenet
2219 1648 2530 1707 Navarrus
2556 1645 2621 1705 in
2651 1644 2897 1706 Summa
2922 1662 3059 1723 cap.
3094 1657 3274 1703 xvm.
3303 1657 3473 1700 num.
3493 1642 3553 1699 4.

2024 1741 2176 1801 alias
2203 1744 2263 1803 9.
2310 1740 2410 1800 cui
2460 1738 2811 1801 consentire
2839 1737 3089 1798 videtur
3135 1737 3417 1796 Navarra
3444 1730 3552 1792 lib.

2020 1836 2095 1895 11.
2129 1832 2200 1893 de
2224 1832 2584 1893 restitutione
2612 1849 2749 1909 cap.
2784 1847 2853 1892 11.
2907 1830 3057 1890 dub.
3096 1845 3179 1889 vl.
3223 1824 3555 1888 corollario

2021 1930 2080 1988 3.
2121 1945 2294 1986 num.
2328 1928 2466 1988 329.
2499 1924 2607 2004 qui
2635 1924 2805 2000 dicit,
2839 1923 3307 2002 promittentem
3334 1918 3559 1978 libera-

2019 2020 2162 2082 liter
2189 2037 2381 2079 unam
2408 2018 2665 2078 missam
2689 2063 2706 2094 ,
2760 2015 3027 2095 obligari
3056 2014 3172 2074 sub
3198 2011 3470 2086 mortali,
3503 2009 3555 2069 si

2021 2112 2301 2172 animum
2330 2110 2649 2190 obligandi
2677 2128 2743 2170 se
2772 2109 2994 2170 habuit
3024 2126 3038 2169 z
3073 2106 3238 2187 quod
3270 2104 3439 2165 idem
3458 2106 3555 2165 ‘te-

2021 2211 2128 2266 net
2153 2205 2472 2265 Bonacina
2518 2203 2675 2281 disp.
2727 2204 2832 2263 111.
2883 2200 2953 2262 de
2996 2206 3279 2261 cont-raet.
3328 2200 3549 2277 quaest.

2020 2314 2107 2360 x1.
2142 2302 2352 2376 punct.
2389 2299 2445 2358 1.
2480 2315 2651 2357 num.
2685 2298 2744 2357 8.
2770 2294 2891 2355 Alii
2919 2298 3132 2355 tamen
3155 2291 3390 2365 dicunt,
3424 2306 3553 2349 ma-

2014 2391 2220 2471 jorem
2271 2389 2600 2451 materiam
2652 2388 2890 2469 requiri
2950 2388 3031 2447 ad
3105 2383 3553 2464 obligationem

2020 2501 2280 2562 gravem
2319 2500 2394 2542 ex
2432 2481 2847 2560 promissione
2899 2478 3196 2558 gratuita,
3254 2493 3443 2555 quam
3487 2475 3552 2534 in

2021 2578 2346 2637 contractu
2392 2591 2696 2650 oneros0‚
2749 2573 2848 2633 vel
2895 2572 3086 2633 furto,
3146 2572 3240 2631 Ita
3279 2568 3553 2630 Thomas

2022 2668 2252 2731 Sanch.
2285 2667 2393 2729 lib.
2425 2669 2471 2728 1.
2506 2665 2576 2727 de
2617 2665 2877 2727 matrim.
2913 2664 3076 2743 disp.
3113 2680 3173 2724 v.
3228 2680 3400 2722 num.
3447 2664 3547 2721 24.

2016 2761 2370 2824 Ludovicus
2421 2763 2625 2838 Lopez
2666 2776 2709 2820 1.
2742 2762 2903 2838 part.
2959 2754 3355 2830 Instructorz‘i,
3407 2771 3545 2832 cal).

2021 2857 2158 2917 ¹80.
2191 2855 2246 2933 ἓ.
2280 2846 2338 2915 3.
2371 2853 2732 2932 requiritur,
2786 2856 2849 2912 et
2886 2851 2994 2912 lib.
3030 2867 3100 2911 11.
3134 2848 3205 2910 de
3239 2845 3553 2908 contracti·

2020 2948 2123 3008 bus
2151 2966 2289 3026 cap.
2324 2947 2436 3009 ult.
2469 2947 2523 3025 ἓ.
2558 2949 2640 3006 At
2665 2961 2838 3020 veru,
2871 2944 2950 3004 ad
2981 2945 3196 3020 finem,
3230 2941 3338 3002 ubi
3367 2939 3554 3001 affert

2018 3044 2326 3105 Joannem
2356 3038 2521 3101 dela
2549 3040 2719 3099 Pena
2746 3037 3076 3110 dicentem,
3099 3036 3318 3096 decem
3333 3051 3553 3112 argen-

2018 3142 2156 3199 teos
2184 3152 2307 3195 non
2338 3150 2473 3194 esse
2502 3132 2830 3193 materiam
2859 3148 3120 3211 gravem
3149 3129 3212 3191 in
3243 3125 3551 3208 ejusmodi

2020 3228 2432 3310 promissione
2454 3274 2470 3303 ,
2501 3243 2682 3287 secus
2710 3243 2856 3285 vero
2880 3271 2894 3299 ‚
2927 3225 2978 3284 si
3008 3228 3261 3285 centum
3290 3219 3552 3300 promit-

2022 3326 2325 3384 terentur.
2383 3319 2686 3380 Eamdem
2737 3316 3111 3378 sententiam
3154 3319 3327 3376 tenet
3377 3316 3549 3375 Less.

2024 3434 2162 3493 cap.
2197 3414 2410 3476 XVIII.
2445 3412 2595 3473 dub.
2631 3427 2769 3473 vm.
2803 3429 2910 3471 nu.
2942 3413 3041 3471 56.
3088 3407 3440 3488 Rodriquez
3490 3405 3553 3465 in

2023 3508 2268 3569 Summa
2293 3510 2447 3568 tom.
2480 3507 2583 3568 IV.
2618 3522 2754 3582 cap.
2791 3518 2939 3564 cvn.
2992 3520 3098 3562 nu.
3130 3505 3191 3562 4.
3241 3499 3556 3561 Malderus

2022 3602 2085 3663 in
2114 3600 2403 3681 praesenti
2434 3602 2614 3659 tract.
2649 3600 2698 3660 Ι.
2732 3596 2803 3658 de
2827 3595 3073 3656 lustitia
3102 3612 3241 3672 cap.
3278 3609 3339 3655 1x
3398 3592 3547 3654 dub.

2022 3699 2079 3758 8.
2116 3699 2177 3755 et
2203 3694 2401 3755 Diana
2430 3694 2475 3752 I.
2510 3695 2660 3752 tom.
2685 3699 2858 3751 tract.
2899 3705 2993 3750 111.
3029 3686 3268 3748 miscell.
3309 3688 3553 3757 Quanto

2026 3792 2236 3848 autem
2265 3786 2468 3863 major
2511 3783 2776 3844 materia
2819 3781 3182 3860 requiratur
3211 3779 3290 3839 ad
3322 3778 3556 3856 obliga-

2023 3881 2258 3942 tionem
2289 3894 2547 3956 gravem
2576 3894 2648 3934 ex
2692 3874 2801 3936 tali
2827 3873 3238 3952 promissione
3263 3918 3278 3946 ‚
3310 3870 3558 3932 Lessius

2025 3973 2197 4048 dicit,
2230 3971 2283 4031 si
2311 3970 2389 4031 ad
2410 3970 2644 4029 furtum
2666 3967 3006 4047 requiritur
3025 3983 3186 4026 unus
3201 3982 3450 4040 aureus,
3474 3962 3558 4025 ad

2023 4063 2501 4146 promissionem
2533 4059 2759 4141 requiri
2778 4060 2987 4139 plures
3007 4076 3250 4119 aureos,
3277 4056 3558 4120 Sanchez

2026 4158 2198 4235 dicit,
2249 4154 2597 4235 quadruplo
2653 4152 2956 4232 majorem
2994 4151 3322 4214 materiam
3349 4148 3561 4228 requi-

2024 4252 2284 4330 riquam
2305 4247 2565 4324 infurt0‚
2590 4246 2757 4326 quod
2779 4244 2968 4307 etiam
2991 4244 3298 4323 approbat
3324 4241 3562 4305 Malde-

2027 4364 2155 4406 rua.
2178 4341 2679 4404 Fundamentum
2696 4338 3085 4419 praecipuum
3115 4341 3228 4413 est,
3254 4336 3399 4416 quia
3435 4352 3560 4396 non

2027 4439 2319 4498 censetur
2344 4435 2430 4496 ita
2457 4433 2732 4513 graviter
2759 4450 2824 4493 se
2854 4431 3196 4511 promissor
3220 4428 3381 4490 velle
3410 4427 3562 4489 obli-

2029 4547 2203 4610 gare,
2247 4532 2312 4590 et
2338 4546 2481 4588 cum
2511 4531 2685 4589 tanto
2714 4525 2945 4604 rigore.
2982 4523 3186 4585 Primo
3209 4570 3224 4598 ‚
3258 4522 3409 4601 quia
3436 4538 3562 4582 non

2032 4627 2127 4683 est
2153 4622 2240 4683 ita
2267 4624 2528 4695 certum,
2561 4617 2954 4679 intercedere
2988 4615 3439 4694 obligationem
3461 4611 3565 4693 ju-

2030 4715 2215 4777 stitioe
2244 4715 2403 4775 sicut
2430 4713 2493 4773 in
2523 4713 2708 4774 furt0.
2757 4708 3084 4785 Secundo,
3131 4709 3279 4788 quia
3323 4707 3564 4768 violans

2031 4809 2224 4870 fidem
2256 4825 2377 4868 non
2408 4806 2613 4867 aufert
2640 4823 2775 4865 rem
2803 4804 3074 4865 alienam
3097 4803 3256 4863 sicut
3274 4802 3395 4862 fur.
3420 4801 3564 4861 Ter-

2032 4902 2142 4978 tio,
2197 4900 2343 4980 quia
2395 4900 2601 4959 minus
2648 4901 3116 4976 conqueruntur
3157 4893 3441 4956 homines
3488 4891 3566 4953 dc

2033 4994 2158 5054 fide
2185 4993 2416 5054 violata
2447 5009 2635 5071 quam
2664 4991 2744 5050 de
2772 4991 2959 5051 furto,
2993 4992 3223 5064 Quarto
3244 5033 3260 5063 ,
3311 4985 3457 5065 quia
3484 4985 3570 5047 si-

2035 5090 2143 5147 cut
2169 5089 2354 5148 Pater
2380 5086 2477 5145 vel
2507 5083 2768 5145 maritus
2797 5099 2923 5143 non
2952 5081 3037 5143 ita
3053 5079 3453 5160 graviterest
3478 5078 3568 5139 in·

2037 5179 2203 5240 vitus
2231 5179 2294 5238 in
2325 5178 2488 5239 furto
2528 5177 2798 5238 filiorum
2822 5222 2838 5251 ,
2884 5175 2985 5235 vel
3029 5173 3237 5235 uxoris
3262 5218 3277 5248 ,
3328 5171 3417 5233 sic
3453 5188 3569 5232 nec

2038 5263 2221 5352 prom
2228 5271 2483 5333 tssarius
2502 5271 2691 5331 debet
2703 5287 2848 5329 cum
2858 5267 3080 5329 eodem
3097 5267 3303 5346 rigore
3320 5263 3569 5344 exigere

2039 5365 2208 5443 quod
2240 5364 2354 5425 sibi
2384 5363 2727 5425 liberaliter
2751 5361 3128 5441 promissum
3157 5361 3252 5420 est
3273 5404 3289 5434 ,
3332 5357 3495 5420 Sicut
3520 5356 3573 5418 si

2038 5475 2114 5518 ex
2144 5459 2465 5519 contractu
2495 5473 2757 5517 oneroso
2788 5453 3142 5515 deberetur.

2117 5552 2251 5629 Ego
2279 5554 2454 5628 puto,
2490 5549 2608 5610 hoc
2635 5552 2835 5610 totum
2865 5546 3143 5626 pendere
3163 5544 3352 5607 etiam
3380 5563 3457 5605 cx
3484 5543 3574 5604 in·
3723 5548 3838 5608 ¹20
