4263 6376
577 5292 688 5350 119

500 5415 562 5457 Αῐι
581 5415 708 5467 possit
730 5427 753 5456 a

508 5475 653 5516 matre.
676 5468 741 5509 vel

495 5520 757 5563 ascendenti-

481 5576 555 5615 bus
577 5573 772 5618 materni·

778 341 855 401 92

776 518 959 580 sitam
988 539 1319 598 personam
1359 526 1456 585 cui
1513 527 1622 588 dat
1659 532 1729 588 ut
1779 528 1888 590 det
1915 529 2056 606 illis,
2091 535 2156 591 et
2196 530 2302 608 qui

774 611 929 672 dant
961 631 1035 672 ex
1064 615 1382 679 voluntate
1414 618 1621 680 dantis
1650 639 1682 679 a
1715 639 1838 699 quo
1881 626 2298 699 acceperunt:

776 721 902 764 non
923 705 1087 766 enim
1115 708 1274 770 facio
1303 713 1553 790 proprie
1582 732 1695 792 per
1721 714 1936 790 alium,
1970 716 2072 794 qui
2102 715 2165 774 id
2199 733 2307 774 ne-

777 815 897 876 que
926 816 1066 859 meo
1115 801 1385 879 nomine,
1419 823 1621 884 neque
1671 825 1747 866 ex
1798 825 1940 868 meo
1997 807 2299 867 mandato

778 889 943 951 facit.
960 892 1029 951 In
1061 898 1272 955 nostro
1305 901 1513 957 autem
1540 916 1689 959 casu
1743 904 2007 962 testator
2050 919 2165 961 nec
2195 918 2307 979 per

778 1001 866 1058 se,
924 1002 1038 1045 nec
1100 1005 1212 1064 per
1282 988 1711 1067 interpositam
1781 1011 2114 1071 personam
2199 992 2310 1052 dat

780 1077 1233 1139 usumfructum
1281 1081 1407 1141 filio
1465 1084 1695 1161 spurio,
1731 1086 1840 1145 sed
1871 1086 2002 1165 ipse
2048 1084 2308 1146 haeredi-

779 1169 971 1228 tatem
1000 1171 1115 1230 soli
1148 1172 1379 1250 nepoti,
1413 1173 1512 1234 lex
1543 1182 1750 1238 autem
1798 1179 1907 1240 dat
1951 1179 2306 1239 usumfruc-

778 1263 912 1320 tum
967 1263 1130 1340 patri
1183 1266 1395 1343 spurio
1454 1267 1607 1328 nihil
1663 1270 1744 1330 ad
1800 1271 1860 1331 id
1928 1275 2309 1350 cooperante

777 1356 1107 1418 testatore:
1170 1375 1364 1436 quare
1419 1360 1583 1421 filius
1647 1365 1896 1442 spurius
1952 1364 2123 1425 nullo
2180 1381 2311 1424 mo-

781 1445 862 1506 do
908 1449 1152 1527 accepit
1193 1450 1367 1511 illum
1409 1455 1862 1518 usumfructum
1904 1476 1944 1517 a
1987 1461 2306 1531 testatore,

782 1539 891 1598 sed
922 1540 1089 1602 solus
1122 1560 1338 1620 nepos,
1375 1550 1437 1607 et
1475 1546 1609 1626 ipse
1636 1548 1837 1610 solum
1883 1549 2126 1626 accepit
2153 1567 2191 1606 a
2219 1547 2309 1607 le-

782 1649 860 1708 ge
890 1649 964 1690 ex
999 1633 1177 1693 bonis
1203 1636 1333 1697 filii.
1370 1640 1546 1709 Quod
1606 1646 1816 1701 autem
1871 1646 2134 1704 testator
2189 1641 2310 1700 hoc

785 1723 1140 1803 intenderit,
1190 1732 1390 1790 totum
1438 1738 1653 1795 manet
1681 1735 1741 1794 in
1772 1735 2138 1810 intentione,
2171 1750 2310 1812 quae

785 1834 908 1876 non
940 1822 1144 1895 potest
1170 1821 1415 1883 variare
1441 1826 1772 1887 essentium
1804 1832 2003 1903 actuS,
2053 1832 2117 1888 et
2146 1827 2309 1886 face-

785 1926 853 1969 re
882 1911 1050 1989 quod
1082 1913 1270 1975 fiilius
1288 1934 1434 1976 vere
1465 1919 1729 1998 accipiat
1751 1938 1790 1980 a
1815 1927 2013 1999 patre,
2042 1918 2208 1999 quod
2233 1918 2315 1977 si-

787 2020 864 2062 ne
887 2003 992 2063 tali
1021 2004 1362 2068 intentione
1392 2028 1515 2070 non
1554 2011 1867 2074 diceretur
1893 2013 1974 2073 ab
2023 2031 2097 2072 eo
2149 2010 2315 2071 acci-

786 2113 957 2173 pere,
990 2097 1100 2158 sed
1121 2118 1158 2159 a
1185 2100 1344 2178 lege.

867 2192 995 2250 Nec
1009 2190 1104 2251 his
1120 2192 1327 2256 obstat
1354 2196 1523 2275 quod
1556 2197 1825 2259 diximus
1846 2200 2121 2261 sectione
2152 2217 2314 2277 prae-

787 2282 1030 2345 cedenti
1062 2284 1139 2344 de
1160 2286 1482 2350 occidente
1512 2293 1895 2369 testatorem,
1920 2291 2088 2370 quod
2120 2308 2316 2369 quan·

788 2375 868 2436 de
898 2376 1061 2436 filius
1085 2379 1379 2441 occisoris
1399 2385 1494 2444 est
1523 2382 1724 2443 haeres
1753 2384 1961 2460 occisi,
1997 2384 2317 2444 ususfruc-

788 2472 889 2530 tus
918 2468 1107 2531 debet
1133 2472 1434 2551 applicari
1454 2479 1628 2551 risco,
1672 2496 1749 2536 ne
1778 2482 1959 2555 pater
1984 2496 2056 2537 ex
2088 2477 2315 2537 delicto

786 2560 1030 2622 lucrum
1059 2564 1460 2644 capiat,quod
1491 2572 1700 2629 tamen
1726 2570 1971 2630 lucrum
2014 2569 2317 2631 indirecte

790 2653 991 2713 solum
1025 2656 1405 2735 acquiritur.
1442 2661 1825 2739 Responderi
1874 2663 2040 2723 enim
2088 2667 2312 2742 potest,

791 2746 1275 2827 prohibitionem
1319 2751 1487 2813 illam
1517 2755 1718 2834 magis
1745 2756 1869 2816 late
1903 2760 2140 2835 patere,
2174 2776 2317 2817 cum

792 2839 1199 2920 prohibeatur
1259 2845 1498 2906 occisor
1519 2847 1710 2907 ullum
1740 2848 1983 2909 lucrum
2012 2869 2087 2908 ex
2112 2850 2321 2914 .'delic-

791 2937 857 2995 to
885 2951 998 2995 suo
1037 2952 1284 3013 capere,
1332 2941 1398 2998 ut
1426 2938 1653 3001 dicitur
1680 2941 1743 3001 in
1785 2941 1826 3002 l.
1860 2943 1972 3003 ult.
2008 2944 2072 3003 ff.
2105 2942 2176 3003 de
2226 2943 2319 3003 bo·

792 3025 882 3086 nis
908 3025 1334 3102 damnatorium,
1371 3031 1430 3090 in
1462 3032 1581 3092 illis
1606 3034 1852 3096 verbis:
1924 3059 1952 3092 «
2011 3039 2323 3098 Praeterea

795 3137 870 3181 ex
898 3119 995 3196 iis,
1028 3138 1149 3201 que
1179 3139 1292 3201 per
1317 3124 1622 3204 flagitium
1677 3126 2010 3191 damnatus
2053 3129 2324 3210 acquisi-

791 3213 902 3287 vit,
935 3214 1249 3292 portiones
1276 3216 1616 3280 liberorum
1646 3239 1772 3282 non
1814 3227 2151 3300 augentur,
2190 3247 2217 3282 υ
2258 3226 2322 3284 et

795 3306 1232 3385 subjungitur:
1274 3330 1300 3364 «
1329 3311 1485 3371 Nam
1513 3312 1600 3373 ita
1630 3313 1810 3374 divus
1868 3316 2010 3377 Pius
2063 3316 2325 3396 rescrip-

797 3399 897 3460 sit.
930 3421 960 3457 η
999 3399 1177 3462 Unde
1203 3402 1533 3481 colligitur,
1566 3407 1714 3467 fisco
1739 3408 2042 3487 applicari
2074 3410 2325 3473 solitum

801 3490 1104 3571 quidquid
1147 3512 1222 3553 ex
1269 3494 1493 3558 delicto
1522 3497 1626 3559 illo
1661 3500 1902 3562 occisor
1952 3502 2322 3565 lucraretur.

800 3585 870 3646 In
898 3589 1109 3646 nostro
1139 3590 1347 3648 autem
1377 3607 1525 3651 casu
1554 3591 1652 3652 lex
1683 3611 1805 3653 non
1828 3597 1923 3654 est
1946 3594 2034 3655 ita
2068 3613 2327 3674 genera-

802 3676 901 3753 lis,
934 3678 1041 3738 sed
1075 3680 1274 3741 solum
1331 3683 1626 3760 prohibet
1677 3687 1959 3764 spurium
2011 3687 2248 3767 aliquid
2292 3707 2329 3749 a

804 3774 983 3849 patre
1011 3772 1318 3851 accipere,
1336 3779 1405 3836 ut
1423 3776 1660 3840 dictum
1689 3784 1783 3841 est

885 3862 1157 3925 Adverte
1211 3869 1445 3944 tamen,
1479 3888 1664 3930 avum
1696 3877 1843 3933 tunc
1897 3876 2099 3935 solum
2148 3894 2331 3954 posse

671 4014 732 4055 sin
807 3962 1098 4035 nepotem
1150 3960 1454 4039 spurium,
1488 3963 1689 4024 velex
1718 3967 1928 4043 spurio
1982 3968 2327 4045 instituere,

646 4069 773 4109 accim
807 4050 1059 4128 quando
1077 4050 1229 4112 alios
1250 4053 1558 4131 legitimos
1588 4057 1870 4120 haeredes
1889 4079 2011 4121 non
2045 4061 2329 4138 haberet,

807 4142 914 4221 qui
939 4145 1288 4206 necessario
1321 4146 1373 4206 ci
1422 4150 1782 4227 succedant,
1816 4153 1924 4213 sed
1980 4158 2195 4231 posset
2219 4172 2331 4232 pro

803 4236 986 4299 libito
1013 4242 1377 4300 extraneum
1410 4241 1754 4305 instituere.
1790 4248 1878 4306 Dc
1906 4246 2336 4309 alimentisve-

809 4346 901 4404 r0,
935 4347 1016 4390 an
1048 4334 1110 4391 et
1135 4333 1451 4410 quomodo
1482 4336 1698 4412 possit,
1739 4341 1802 4397 et
1830 4337 2059 4399 debeat
2084 4339 2336 4417 spurius

809 4440 848 4481 a
875 4428 1050 4499 patre
1076 4424 1382 4502 accipere,
1416 4427 1697 4489 dicemus
1723 4435 1874 4491 sect.
1924 4450 2057 4510 seq.
2093 4432 2338 4492 Adver-

809 4520 869 4575 te
912 4515 1128 4576 ultimo
1158 4517 1220 4576 iu
1247 4518 1322 4578 iis
1350 4519 1619 4595 casibuS,
1656 4522 1882 4601 quibus
1912 4526 2163 4602 spurius
2209 4544 2338 4585 non

812 4613 1072 4686 potesta
1100 4614 1296 4687 patre,
1332 4612 1427 4672 vel
1473 4616 1952 4693 consanguineis
1980 4618 2177 4696 patris
2216 4618 2337 4677 ins·

810 4700 948 4762 titui
979 4701 1075 4761 vel
1104 4703 1411 4782 accipere,
1434 4724 1554 4766 non
1572 4726 1753 4786 posse
1775 4710 1964 4771 etiam
1987 4711 2100 4772 hos
2130 4730 2169 4772 a
2192 4731 2340 4789 spu·-

814 4793 907 4855 rio
927 4794 1235 4872 accipere,
1270 4801 1332 4858 et
1360 4817 1392 4858 e
1438 4804 1652 4860 contra
1699 4802 1922 4862 eodem
1951 4804 2162 4880 modo,
2214 4822 2340 4883 quo

815 4891 1024 4965 potest
1051 4888 1355 4967 accipere,
1390 4911 1573 4969 posse
1602 4895 1788 4955 etiam
1821 4899 1884 4956 et
1913 4896 2027 4956 hos
2056 4898 2340 4976 accipere

817 4978 897 5039 ab
927 4979 1054 5055 ille,
1088 4982 1352 5045 utdocet
1369 4985 1598 5046 Melina
1628 4987 1787 5066 disp.
1822 4990 2108 5050 LLXVII.
2137 4989 2338 5050 concl.

817 5088 900 5132 xi.
939 5074 1127 5152 Vasq.
1160 5075 1294 5154 d.§.
1330 5090 1439 5139 vn.
1477 5079 1628 5139 dub.
1659 5097 1763 5143 xv.
1809 5086 1871 5143 ct
1922 5082 2060 5142 aliis
2106 5082 2341 5144 relatis·

820 5166 1051 5229 Sanch.
1084 5169 1148 5232 d.
1172 5189 1227 5230 c.
1263 5187 1355 5232 111.
1390 5172 1540 5234 dub.
1578 5191 1714 5236 xtv.

900 5265 1232 5342 Hucusque
1288 5265 1524 5327 dictum
1554 5273 1666 5345 est,
1729 5268 2041 5348 quomodo
2099 5268 2347 5346 spurius

818 5359 1033 5437 possit,
1068 5361 1166 5420 vel
1196 5379 1318 5420 non
1348 5361 1545 5440 possit
1572 5381 1606 5420 a
1638 5365 1812 5439 patre
1833 5363 1928 5421 vel
1951 5361 2349 5422 ascendenti-

819 5452 936 5513 bus
966 5453 1237 5532 patcrnis
1267 5454 1550 5532 accipere
1599 5475 1611 5515 ε
1665 5473 1828 5515 nunc
1858 5454 2199 5514 videndum
2229 5458 2343 5528 est,

823 5564 926 5623 an,
962 5550 1023 5607 et
1041 5547 1355 5629 quomodo
1375 5547 1572 5627 possit
1599 5565 1632 5605 a
1656 5551 1876 5623 matre,
1910 5546 2006 5609 vel
2030 5546 2110 5606 ab
2133 5565 2348 5607 ascen·

1932 353 2033 412 DE
2075 353 2432 415 JUSTlTIA
2476 355 2577 414 ET
2618 357 2817 417 JURE

2403 530 2714 602 dentibuS‚
2768 527 3399 611 aut'consanguineis
3445 532 3741 594 maternis
3769 531 3936 592 acci-

2403 624 2596 701 pere?
2624 624 2841 704 dequo
2869 625 2992 685 late
3020 629 3215 704 agunt
3235 628 3466 704 Vasqu.
3502 625 3565 684 d.
3600 642 3736 703 cap.
3771 642 3833 684 v.
3867 622 3937 683 de

2403 723 2626 777 testam.
2660 717 2716 796 ἓ.
2752 721 2809 780 8.
2863 724 2923 779 et
2952 718 3181 780 Sanch.
3235 718 3296 780 d.
3351 737 3488 797 cap.
3526 719 3627 778 111.
3682 716 3833 777 dub.
3868 733 3929 777 x.

2404 814 2467 869 et
2494 829 2670 889 seqq.
2731 811 2841 870 sed
2870 815 3002 872 tota
3056 829 3274 871 eorum
3331 811 3617 872 doctrina
3653 809 3938 888 procedit

2397 900 2578 981 juxta
2606 903 2774 981 leges
2803 904 3130 982 IlispanaS,
3183 922 3339 983 quas
3368 903 3716 981 explicant,
3766 906 3831 962 et
3858 901 3937 960 de

2405 994 2631 1074 quibus
2659 995 2855 1054 videri
2887 999 3166 1074 possunt.
3230 996 3317 1055 De
3339 995 3483 1072 jure
3524 999 3737 1055 autem
3766 1011 3940 1054 com-

2406 1087 2580 1147 muni
2607 1107 2706 1147 res
2737 1088 2871 1148 haec
2899 1092 2996 1149 est
3033 1087 3184 1148 satis
3212 1086 3479 1147 obscura
3530 1107 3544 1148 :
3598 1104 3742 1146 nam
3772 1103 3940 1147 com-

2407 1180 2613 1240 munis
2626 1181 2933 1242 sententia
2948 1180 3278 1241 doctorum
3295 1179 3467 1255 dicit,
3490 1179 3736 1257 spurios
3758 1195 3941 1258 posse

2408 1272 2594 1333 matri
2634 1273 2994 1348 succedere,
3039 1273 3291 1352 quando
3338 1290 3462 1332 non
3508 1276 3654 1333 sunt
3682 1290 3757 1331 ex
3788 1289 3940 1332 con-

2407 1364 2619 1425 cubitu
2653 1364 2897 1443 legibus
2925 1365 3246 1440 damnato,
3282 1365 3388 1443 qui
3420 1369 3630 1424 autem
3650 1369 3714 1426 et
3741 1361 3945 1443 qualis

2410 1456 2489 1517 sit
2531 1457 2899 1518 concubitus
2927 1457 3171 1535 legibus
3202 1458 3559 1533 damnatuS,
3616 1476 3741 1518 non
3790 1456 3944 1517 satis

2411 1554 2657 1610 constat
2687 1570 2700 1610 ε
2753 1551 2911 1610 varii
2939 1551 3130 1626 enim,
3166 1556 3229 1611 et
3256 1551 3429 1610 varie
3462 1553 3936 1612 enumerantur.

2410 1642 2641 1704 Molina
2687 1642 2846 1721 disp.
2899 1660 3123 1704 cnxvn.
3157 1644 3214 1722 ἓ.
3264 1641 3458 1703 Hodie
3502 1651 3714 1719 tamen,
3765 1642 3941 1716 dicit,

2413 1734 2652 1796 nullum
2697 1736 2894 1795 filium
2941 1735 3225 1813 spurium
3274 1753 3455 1812 posse
3504 1735 3688 1796 matri
3735 1751 3947 1795 succe-

2412 1826 2583 1904 dere,
2643 1827 2759 1887 nisi
2793 1827 2897 1887 ubi
2919 1827 3064 1907 jure
3094 1827 3410 1887 invenitur
3437 1827 3717 1907 exceptio
3750 1828 3941 1902 facta,

2410 1925 2599 2000 prout
2624 1920 2827 1981 solum
2855 1921 2926 1981 fit
2952 1920 3028 1980 de
3076 1921 3201 1980 filio
3258 1921 3470 1998 spurio
3518 1939 3592 1980 ex
3620 1924 3819 1981 matre
3849 1937 3949 1980 so-

2412 2015 2564 2088 luta,
2600 2019 2661 2073 et
2688 2031 2812 2073 uon
2843 2013 3086 2088 illustri,
3139 2016 3203 2073 et
3231 2018 3408 2090 patre
3439 2014 3677 2074 incerto
3707 2011 3943 2092 genito,

2414 2106 2477 2167 in
2507 2107 2546 2166 l.
2578 2105 2656 2166 Si
2677 2126 2795 2186 qua
2822 2106 3098 2181 illustras,
3131 2108 3198 2167 C.
3232 2104 3312 2166 ad
3339 2105 3623 2186 Orfician.
3658 2110 3720 2167 et
3746 2106 3802 2184 ἓ.
3827 2104 3949 2165 No·

2413 2198 2661 2275 vissime,
2706 2201 2855 2259 lnst.
2889 2198 2958 2259 de
2986 2198 3297 2262 Senatusc.
3352 2197 3673 2278 Orficiuno,
3722 2196 3948 2276 reliqui

2413 2296 2625 2353 autem
2654 2291 3021 2353 concubitus
3051 2291 3331 2351 damnati
3359 2295 3507 2351 sunt
3534 2289 3764 2370 dejure
3781 2306 3949 2350 com-

2414 2386 2624 2457 muni;
2660 2403 2808 2463 ergo
2839 2384 2984 2445 licet
3003 2383 3181 2463 juxta
3202 2383 3637 2444 limitationem
3660 2382 3819 2461 juris
3849 2400 3951 2441 ca-

2418 2478 2623 2538 nonici
2659 2477 2793 2557 jam
2851 2477 3142 2539 dicantur
3192 2476 3302 2537 filii
3360 2476 3548 2536 etiam
3608 2475 3946 2550 naturales,

2417 2570 2660 2650 quoties
2714 2589 2839 2632 non
2896 2573 3031 2632 erat
3084 2569 3605 2648 impedimentum
3645 2568 3951 2628 dirimens

2417 2663 2579 2725 inter
2604 2666 2917 2742 parentes,
2963 2665 3026 2724 et
3049 2662 3190 2723 ideo
3221 2661 3283 2722 hi
3325 2661 3567 2740 possint
3594 2660 3776 2721 matri
3809 2678 3953 2720 suc-

2418 2756 2664 2830 cedere,
2698 2756 2860 2817 sicut
2887 2761 2950 2816 et
2976 2755 3140 2832 patri
3174 2775 3186 2815 :
3221 2755 3308 2815 illi
3324 2760 3535 2816 tamen
3567 2771 3808 2828 omnes,
3842 2750 3950 2832 qui

2419 2867 2562 2910 cum
2619 2849 3063 2928 impedimento
3118 2847 3432 2908 dirimenti
3480 2846 3675 2923 geniti
3716 2851 3779 2907 et
3817 2843 3950 2905 nati

2420 2947 2585 3017 sunt,
2643 2947 2830 3003 erunt
2856 2960 2932 3001 ex
2978 2940 3311 3001 concubitu
3351 2939 3672 3015 damnato,
3734 2943 3797 3000 et
3826 2955 3954 2998 non

2419 3038 2714 3117 poterunt
2753 3033 3059 3095 matribus
3093 3033 3431 3094 succedere
3475 3032 3553 3092 de
3597 3030 3738 3110 jure
3785 3048 3956 3092 com·

2420 3127 2617 3190 muni.
2670 3126 2849 3200 Quod
2877 3145 3093 3187 rursus
3121 3125 3366 3205 probat,
3418 3123 3567 3204 quia
3594 3122 3758 3183 filius
3781 3169 3797 3200 ,
3845 3121 3954 3203 qui

2421 3222 2581 3303 patri
2613 3239 2737 3282 non
2766 3225 2974 3299 potest
2999 3217 3359 3294 succedere,
3396 3236 3518 3279 non
3538 3220 3743 3296 potest
3765 3216 3956 3277 etiam

2423 3315 2632 3390 matri,
2680 3314 2795 3375 nisi
2818 3314 2962 3391 jure
3006 3311 3373 3389 excipiatur,
3418 3309 3529 3370 sed
3572 3327 3697 3369 non
3729 3309 3961 3387 excipi-

2424 3414 2527 3471 tur
2553 3410 2843 3485 respectu
2882 3402 3293 3467 successionis
3335 3408 3662 3476 maternae,
3713 3401 3828 3462 nisi
3859 3420 3962 3462 ca·

2425 3520 2531 3561 sus
2557 3500 2659 3560 ille
2690 3498 3072 3577 assignatus;
3135 3514 3284 3575 ergo
3316 3495 3378 3554 in
3421 3493 3559 3555 aliis
3598 3512 3721 3555 non
3752 3499 3964 3572 potest

2427 3594 2587 3655 ullus
2615 3592 2863 3672 spurius
2899 3590 3236 3652 succedere
3279 3588 3639 3649 matricum
3680 3586 3745 3647 in
3790 3587 3960 3648 nullo

2427 3685 2625 3766 possit
2650 3684 2815 3763 patri
2842 3683 3201 3744 succedere.

2509 3778 2621 3838 Hic
2664 3776 2980 3837 discursus
3028 3774 3179 3835 mihi
3240 3775 3516 3852 placeret
3573 3774 3851 3849 omnino,
3911 3772 3966 3832 si

2432 3869 2806 3951 principium
2832 3868 3008 3944 illud,
3057 3866 3227 3946 quod
3262 3871 3327 3927 ut
3369 3871 3613 3927 certum
3643 3865 3961 3944 supponit,

2431 3964 2728 4045 probaret
2761 3962 2919 4022 bene
2941 3959 3083 4039 jure
3113 3959 3450 4034 communi,
3487 3958 3655 4038 quod
3684 3958 3847 4018 filius
3878 3957 3969 4017 in-

2433 4075 2631 4136 capax
2674 4053 3053 4116 suc-cedendi
3085 4053 3269 4131 patri,
3316 4052 3395 4113 sit
3435 4070 3505 4112 eo
3538 4052 3672 4129 ipso
3703 4051 3965 4129 incapax

2433 4147 2807 4210 succedendi
2866 4146 3074 4221 matri,
3136 4145 3251 4206 nisi
3310 4144 3675 4223 excipiatur.
3737 4146 3824 4204 De
3863 4144 3968 4205 illo

2435 4242 2601 4304 enim
2630 4239 2875 4301 dubitat
2900 4241 3071 4299 Less,
3107 4238 3257 4298 dub.
3294 4253 3380 4298 νι.
3417 4257 3478 4298 ιι.
3511 4240 3609 4298 66.
3660 4254 3847 4315 quem
3878 4255 3971 4296 se-

2437 4336 2647 4417 quitur
2673 4333 2871 4394 Diana
2914 4337 3084 4393 tomo
3116 4333 3217 4392 lv.
3260 4334 3337 4392 tr.
3373 4346 3466 4390 ιιι.
3515 4328 3585 4389 de
3626 4328 3850 4389 casibus
3874 4348 3970 4388 oc-

2435 4425 2795 4490 currentibus
2824 4434 3078 4505 tempore
3107 4423 3334 4493 mortis,
3372 4421 3555 4482 resol.
3584 4424 3717 4481 121.
3753 4440 3972 4483 versus

2436 4524 2647 4583 finem.
2683 4518 2862 4581 Unde
2893 4517 3195 4579 Emanuel
3217 4517 3300 4577 Sa
3328 4514 3519 4576 verbo
3548 4513 3878 4588 lzaerediuoe,
3910 4519 3974 4575 ct

2439 4612 2738 4691 Henriqu.
2774 4611 2880 4671 lib.
2918 4613 2963 4671 I.
3003 4608 3073 4668 de
3098 4608 3355 4668 macrim.
3399 4625 3452 4667 c.
3488 4622 3614 4667 xxl.
3653 4625 3757 4666 nu.
3798 4610 3851 4667 l.
3887 4605 3974 4665 di-

2439 4711 2591 4769 cunt
2617 4704 2898 4784 spurium
2927 4720 3111 4781 posse
3167 4701 3436 4762 retinere
3476 4718 3549 4759 en
3603 4718 3745 4779 quoe
3774 4703 3977 4760 mater

2440 4799 2554 4879 ipsi
2584 4796 2855 4876 reliquit,
2898 4796 3097 4856 donec
3125 4813 3161 4853 a
3186 4793 3398 4873 judice
3428 4793 3727 4871 privetur,
3778 4792 3967 4855 modo

2442 4911 2565 4953 non
2597 4894 2818 4951 noceat
2846 4887 3202 4949 notabiliter
3227 4887 3368 4946 filiis
3388 4885 3707 4963 legitimiS.
3742 4887 3818 4946 Et
3840 4887 3977 4964 qui-

2443 4987 2586 5045 dem
2614 4984 2785 5062 leges
2812 4980 3474 5059 circuincapacitatem
3503 4978 3697 5057 spurii
3730 4979 3810 5038 ad
3840 4996 3977 5039 suc·

2443 5078 2789 5141 cessionem
2821 5093 2942 5135 uon
2997 5074 3336 5152 loquuntur
3389 5091 3679 5151 expresse
3724 5072 3802 5132 de
3832 5090 3979 5133 suc-

2445 5170 2722 5234 cession'e
2750 5172 3057 5243 materna,
3089 5165 3198 5227 scd
3223 5171 3504 5243 paterna,
3541 5170 3608 5226 ut
3629 5169 3874 5226 constat
3902 5185 3982 5225 cx

2447 5265 2636 5328 Auth.
2657 5264 2840 5339 Licet,
2870 5265 2937 5324 C.
2958 5258 3409 5322 cle-naturalibus
3429 5257 3645 5336 liba-is,
3680 5264 3741 5320 et
3770 5277 3842 5318 ex
3864 5278 3984 5320 au-

2449 5359 2747 5433 thentico,
2809 5354 3015 5437 quibus
3044 5352 3225 5413 modis
3277 5351 3576 5413 naturales
3618 5352 3777 5432 effic,
3811 5351 3978 5431 leyit.

2447 5453 2502 5531 ς.
2537 5451 2649 5513 ult.
2682 5451 2772 5510 tit.
2808 5451 2853 5510 1.
2889 5447 3095 5509 collat.
3130 5463 3242 5507 vn.
3288 5451 3353 5507 et
3388 5445 3533 5506 licet
3573 5445 3635 5505 in
3664 5446 3720 5523 ς.
3769 5445 3980 5508 ,Vom‘s-

2447 5544 2608 5621 sime,
2640 5542 2837 5605 Instit.
2872 5541 2941 5602 de
2964 5538 3473 5602 Senatusconsulto
3507 5537 3825 5619 Orficiano,
3878 5556 3985 5599 so-
