4263 6376
625 2293 704 2349 80

541 2416 644 2467 Quid
660 2416 804 2458 dicen—

541 2470 636 2511 dum
655 2470 696 2511 iu
717 2471 806 2511 soro

545 2524 819 2565 conscientiae-

620 4175 687 4232 81

535 4298 738 4341 Probatur
749 4311 799 4342 ea

560 4353 776 4406 oblipatio.

875 253 992 312 288

877 434 941 490 et
970 426 1215 487 reddita
1243 444 1310 485 re
1340 423 1669 499 venditori,
1705 424 1811 503 qui
1839 425 2084 485 laeserat
2104 426 2409 504 accipien-

878 522 958 582 do
990 521 1150 582 ultra
1181 518 1506 578 dimidium
1531 516 1681 595 justi
1714 518 1914 594 pretii,
1951 538 2073 577 uon
2105 538 2240 577 esse
2272 519 2409 580 red-

877 614 1115 676 dendos
1169 613 1225 671 ei
1271 612 1506 672 fructus
1563 610 1810 670 interim
1869 617 2217 690 perceptOS,
2265 630 2409 671 eum

877 710 1229 768 contractus
1276 703 1519 764 validus
1548 703 1755 771 suerit,
1790 708 1852 764 et
1880 710 2126 782 emptor
2155 704 2411 765 solverit

875 801 1205 880 plusquam
1249 797 1530 857 debitum
1563 796 1853 873 pretium.
1890 797 1954 857 Si
1986 815 2133 857 vero
2166 803 2409 875 emptor

875 895 1028 954 laesit
1045 891 1252 952 dando
1269 891 1427 950 infra
1442 889 1774 948 dimidium
1784 888 1807 968 j
1820 908 1878 949 us
1894 890 1936 949 ti
1958 890 2136 967 pretii
2149 890 2407 964 ‚debere

876 987 1137 1046 reddere
1158 985 1393 1044 fructus
1422 982 1770 1042 secundum
1788 983 2256 1060 proportionem
2276 1001 2409 1043 cor-

875 1078 1355 1157 respondentem
1408 1077 1492 1135 illi
1549 1075 1712 1154 parti
1756 1075 1935 1153 pretii
1976 1095 2115 1154 quae
2165 1076 2402 1152 deerat,

874 1173 1039 1253 quod
1060 1172 1312 1250 quidem
1335 1168 1607 1249 aequitati
1626 1168 1889 1229 naturali
1919 1175 2410 1229 consentaneum

873 1265 1140 1326 videtur.
1177 1264 1602 1324 Habetautem
1628 1261 1830 1321 locum
1863 1261 1996 1321 haec
2027 1262 2189 1321 actio
2219 1261 2409 1321 etiam

872 1360 934 1418 in
962 1359 1062 1434 iis,
1094 1375 1232 1435 qua}
1263 1356 1378 1416 sub
1410 1356 1589 1415 hasta
1619 1354 1996 1425 venduntur,
2028 1354 2282 1433 quando
2315 1360 2408 1416 ta-

872 1471 1016 1512 men
1062 1450 1232 1511 laesio
1263 1454 1358 1510 est
1408 1448 1570 1509 ultra
1623 1446 1949 1506 dimidium
1993 1447 2145 1525 justi
2200 1447 2405 1525 pretii,

875 1544 1041 1625 quod
1081 1543 1319 1623 justum
1349 1545 1676 1619 reputatur
1721 1541 1780 1599 in
1807 1540 1911 1599 illo
1941 1540 2127 1600 modo
2160 1540 2410 1599 emendi

874 1645 936 1699 et
972 1636 1306 1709 vendendi,
1340 1635 1398 1694 in
1419 1651 1541 1713 quo
1560 1632 2075 1711 pretiumjustum
2090 1632 2409 1692 diversum

872 1750 1006 1791 esse
1035 1730 1192 1791 solet
1219 1748 1254 1788 o
1301 1727 1498 1807 pretio
1555 1725 1893 1800 communi,
1928 1732 1997 1786 ut
2024 1744 2211 1802 supra
2252 1725 2411 1783 dixi-

871 1844 1032 1885 mus,
1086 1821 1455 1883 Extenditur
1503 1819 1690 1880 etiam
1741 1818 1875 1877 haec
1922 1818 2080 1878 actio
2125 1818 2203 1876 ad
2255 1817 2408 1877 alios

871 1922 1226 1978 contractus
1254 1912 1600 1986 locationiS,
1635 1911 2131 1988 permutationiS,
2153 1910 2403 1987 cambii,

873 2015 934 2071 et
962 2010 1115 2070 alios
1145 2010 1500 2067 contractus
1543 2005 1722 2063 bcnoe
1771 2003 1919 2063 fidei
1977 2022 2049 2062 ex
2079 2003 2119 2063 1.
2156 2003 2407 2083 Majom'-

874 2102 996 2179 buS,
1031 2104 1097 2163 C.
1143 2098 1465 2159 communia
1510 2097 1809 2175 utriusque
1845 2095 1984 2175 jud.
2032 2103 2093 2157 ct
2135 2097 2408 2158 fatentur

876 2214 1113 2269 omneS,
1149 2212 1304 2272 quos
1334 2191 1514 2250 affert
1544 2190 1719 2249 Salas
1749 2188 1896 2248 duh.
1931 2206 2125 2250 xxvn.
2162 2209 2265 2249 nu.
2308 2194 2401 2251 12.

953 2285 1302 2349 Difficultas
1359 2302 1506 2361 ergo
1539 2283 1623 2343 ita
1677 2288 1790 2357 cst,
1826 2301 1901 2340 an
1937 2283 2188 2361 quando
2234 2283 2404 2344 laesio

875 2402 1000 2442 non
1052 2386 1145 2440 est
1188 2380 1347 2439 ultra
1395 2376 1723 2436 dimidium
1763 2373 1912 2451 justi
1955 2375 2160 2453 pretii,
2209 2380 2407 2436 cesset

874 2474 1060 2534 etiam
1091 2473 1152 2531 in
1183 2473 1317 2531 soro
1346 2469 1739 2530 conscientiae
1763 2467 2407 2545 obligatiorestituen-

873 2568 975 2628 di?
1005 2567 1210 2628 Prima
1241 2562 1548 2625 sententia
1576 2561 1724 2621 dicit
1768 2579 1968 2639 neque
2000 2580 2133 2620 esse
2166 2562 2406 2639 obliga-

870 2662 1103 2723 tionem
1150 2656 1540 2729 resti..uendi‚
1591 2673 1792 2732 neque
1847 2661 2175 2733 peccatum
2211 2676 2223 2715 ;
2258 2655 2404 2733 quia

872 2755 1041 2834 quod
1069 2752 1226 2829 legis
1254 2748 1623 2811 auctoritate
1646 2749 1732 2821 tlt,
1760 2746 1922 2807 licite
1954 2747 2043 2807 fit.
2080 2748 2171 2807 Ita
2193 2748 2408 2808 docuit

870 2848 1122 2928 quidem
1153 2842 1485 2904 Durandus
1515 2860 1590 2900 ex
1620 2840 1835 2900 ordine
1866 2839 2198 2917 Minorum,
2249 2846 2402 2901 teste

869 2940 1167 3002 Antonin.
1202 2939 1276 2997 11.
1310 2956 1371 3015 p.
1416 2934 1508 2995 tit.
1543 2951 1586 2993 1.
1621 2952 1758 3011 cap.
1794 2949 1921 2992 ΧΠ.
1954 2933 2009 3009 ἓ.
2063 2933 2174 2993 ult.
2209 2932 2402 2994 etalii

870 3030 1229 3113 jurisperiti,
1280 3046 1436 3107 quos
1482 3026 1671 3086 refert
1717 3026 1925 3085 Salon.
1962 3044 2068 3103 qu.
2103 3028 2398 3086 LXXVII.

871 3132 988 3187 art.
1026 3142 1067 3185 1.
1103 3126 1486 3183 controvers,
1513 3124 1606 3179 Π.
1641 3118 2054 3179 Aliiseeundo
2087 3118 2397 3195 dixerunt,

869 3224 1196 3301 peccatum
1245 3214 1496 3295 quidem
1529 3232 1684 3287 esse,
1718 3212 1828 3271 sed
1859 3212 1991 3271 sine
2022 3211 2402 3289 obligatione

867 3310 1259 3375 restituendi.
1320 3310 1412 3369 lta
1469 3309 1726 3367 Gerson.
1774 3311 1943 3365 tomo
1992 3306 2065 3365 ll.
2128 3305 2396 3384 Alpliab.

871 3424 1050 3470 xxxv.
1086 3408 1265 3466 tract.
1299 3401 1368 3461 de
1392 3398 1729 3461 contractio.
1757 3417 1818 3477 p.
1856 3416 1923 3471 11,
1963 3398 2263 3475 proposit.
2302 3402 2397 3460 11.

867 3505 930 3562 et
958 3500 1019 3560 in
1050 3497 1176 3558 suis
1217 3493 1498 3576 floribus,
1550 3493 1697 3572 quia
1741 3492 1838 3551 lex
1881 3490 2157 3550 humana
2204 3491 2405 3569 potuit

866 3594 944 3654 ad
976 3590 1264 3654 vitandas
1292 3589 1430 3649 lites
1459 3593 1521 3648 et
1548 3586 1902 3646 animarum
1934 3584 2237 3662 pericula,
2274 3603 2403 3644 ma·

866 3691 1050 3747 nente
1069 3684 1275 3744 adhuc
1296 3686 1549 3759 peccato
1572 3678 1928 3738 condonare
1955 3677 2403 3754 obligationem

863 3777 1254 3840 restituendi.
1289 3777 1419 3834 lloc
1448 3778 1656 3834 tamen
1674 3772 1753 3830 ab
1784 3770 2074 3831 omnibus
2102 3769 2399 3848 rejicitur,

865 3874 1011 3954 quia
1042 3872 1092 3931 si
1125 3872 1454 3948 peccatur,
1505 3870 1801 3945 peccatur
1829 3864 2030 3923 solum
2060 3871 2278 3928 contra
2301 3863 2407 3942 ju-

865 3966 1133 4035 stitiam;
1168 3980 1318 4040 ergo
1350 3961 1530 4019 affert
1559 3957 2004 4031 obligationem
2033 3957 2406 4017 restituendi

869 4058 1168 4138 quamdiu
1199 4059 1414 4115 monet
1443 4051 1670 4131 injusta
1700 4050 1889 4110 laesio.

947 4147 1308 4212 Communis
1341 4164 1489 4223 ergo
1521 4148 1581 4204 et
1612 4147 1785 4203 certa
1816 4144 2144 4203 doctorum
2166 4148 2407 4203 senten-

866 4245 954 4306 tia
981 4249 1095 4316 est,
1129 4243 1189 4301 in
1220 4241 1353 4300 foro
1385 4237 1778 4299 conscientia)
1812 4254 2273 4315 quamcumque
2302 4237 2405 4296 lae-

868 4337 1105 4396 sionem
1163 4350 1420 4412 gravem
1474 4330 1741 4390 scienter
1797 4330 2025 4389 factam
2073 4333 2405 4406 peccatum

868 4447 1024 4501 esse,
1056 4432 1118 4488 et
1147 4426 1369 4486 afferre
1401 4422 1845 4499 obligationem
1890 4420 2278 4481 restituendi.
2316 4422 2406 4481 Ita

866 4540 1008 4582 cum
1041 4522 1103 4581 S.
1139 4519 1254 4580 Tb.
1292 4537 1395 4595 qu.
1422 4532 1654 4576 Lxxvn.
1708 4519 1824 4575 art.
1864 4517 1919 4574 1.
1969 4514 2203 4573 docent
2231 4512 2407 4591 Cajet

866 4612 1132 4676 Conrad.
1166 4609 1397 4672 Medio.
1447 4610 1704 4668 Navarr.
1740 4607 1932 4667 etalii
1961 4625 2199 4680 omneS‚
2249 4625 2406 4684 quos

864 4709 1154 4778 afferunt,
1191 4707 1255 4763 et
1282 4705 1629 4779 sequuntur
1657 4700 1803 4761 Mol.
1839 4700 1999 4776 disp.
2034 4702 2174 4760 350.
2211 4703 2273 4759 et
2303 4700 2406 4759 Sa-

868 4800 959 4861 las
991 4800 1053 4860 d.
1104 4797 1255 4858 dub.
1290 4811 1458 4856 xxvl.
1512 4813 1682 4854 num.
1717 4797 1775 4854 6.
1829 4793 1996 4871 apud
2037 4811 2225 4871 quem
2255 4794 2401 4853 Ant.

865 4897 1055 4971 Arag.
1092 4899 1154 4952 et
1183 4892 1429 4950 Bannes
1476 4885 1855 4947 contrariam
1909 4885 2284 4946 sententiam
2315 4903 2406 4944 er-

863 4987 1022 5047 roris
1070 4985 1403 5053 damnant;
1466 4979 1711 5040 Gabriel
1759 4997 1907 5040 vero
1939 4978 2090 5038 dicit
2119 4996 2240 5038 non
2272 4996 2406 5038 esse

867 5080 943 5140 de
975 5079 1094 5139 hoc
1124 5077 1320 5137 ullum
1376 5073 1634 5134 dubium
1667 5073 1830 5133 inter
1873 5071 2223 5148 theologos.
2276 5073 2408 5132 Hoc

864 5178 1075 5234 autem
1105 5170 1458 5247 intelligunt
1488 5167 1564 5225 de
1595 5185 1666 5226 eo
1716 5166 1902 5225 ctiam
1936 5164 2038 5244 qui
2091 5165 2253 5223 bona
2285 5163 2406 5223 fide

865 5264 1089 5345 majori
1120 5263 1317 5341 pretio
1363 5258 1644 5320 vendidit
1690 5259 1785 5318 vel
1834 5257 2059 5316 minori
2092 5257 2264 5331 emit,
2301 5256 2404 5335 qui

868 5359 1121 5438 quidem
1153 5360 1374 5434 postca
1416 5352 1743 5414 restituere
1782 5350 1970 5410 debet
2001 5349 2062 5408 id
2091 5350 2312 5410 saltem
2341 5349 2406 5409 in

2032 249 2131 307 DE
2175 249 2527 309 JUS'rl'rlA
2577 250 2676 310 ET
2717 251 2916 311 JURE

2508 445 2630 505 quo
2702 427 3071 506 locupletior
3107 430 3306 491 factus
3363 436 3480 506 est,
3532 431 3585 491 si
3642 434 3901 511 pretium
3927 442 4021 495 aut

2509 538 2640 578 rem
2668 520 2866 597 ipsam
2899 521 3061 581 bona
3094 524 3213 583 tide
3244 525 3652 602 consumpsit.

2588 613 2895 672 Probatur
2926 615 3128 691 primo
3162 634 3235 675 ex
3286 620 3553 695 August.
3606 635 3738 678 xm.
3791 618 3864 679 de
3910 619 4027 679 Tri-

2506 703 2687 764 m'tale
2731 724 2785 765 c.
2822 722 2914 765 111.
2954 707 3053 767 ubi
3086 708 3173 768 ait
3201 710 3354 769 velle
3385 710 3489 769 vili
3536 729 3738 771 emere
3766 718 3873 771 aut
3894 730 4024 771 care

2507 797 2799 873 vendere,
2834 805 3168 878 utrumque
3205 802 3423 862 vitium
3458 821 3615 877 esse,
3658 810 3719 864 et
3745 804 3941 879 addit,
3970 823 4025 863 se

2506 889 2663 950 scire
2720 890 3038 951 hominem
3090 893 3317 973 (quem
3365 895 3548 956 multi
3595 903 3809 975 putant
3858 898 4027 957 fuisse

2506 982 2708 1060 ipsum
2727 986 3181 1063 Augustinum)
3209 988 3312 1064 qui
3340 987 3537 1048 multo
3560 988 3759 1066 majus
3774 989 4027 1067 pretium

2507 1093 2619 1153 pro
2649 1075 2864 1135 codice
2893 1076 3087 1152 dedit,
3122 1097 3310 1157 quam
3327 1080 3618 1140 venditor
3634 1081 3855 1140 valoris
3871 1082 4032 1157 igna-

2507 1186 2613 1226 rus
2644 1169 3036 1245 postulasset.
3083 1171 3255 1230 Idem
3300 1178 3547 1233 constat
3575 1192 3651 1232 ex
3683 1174 3869 1234 Paulo
3897 1191 3940 1235 1.
3968 1175 4035 1233 ad

2513 1259 2765 1321 Thessal.
2791 1279 2874 1323 lv.
2910 1262 3034 1322 A'ec
3057 1264 3185 1343 quis
3211 1264 3714 1345 supet-qrediatur,
3730 1286 3912 1347 neque
3936 1268 4033 1326 cir-

2507 1353 2829 1413 cumvem'at
2871 1354 2928 1412 in
2968 1355 3194 1433 neyotio
3238 1357 3490 1436 fratrem
3535 1377 3726 1431 suum,
3776 1380 4033 1439 quomam

2508 1445 2719 1505 vindex
2745 1456 2827 1506 est
2852 1446 3132 1507 Dominus
3161 1448 3230 1509 de
3257 1450 3328 1509 iis
3370 1450 3656 1511 omnibus.
3720 1454 3899 1513 Ratio
3940 1473 4033 1512 au·

2506 1543 2633 1599 tem
2664 1557 2699 1597 a
2730 1540 2917 1616 priori
2950 1559 3023 1599 ex
3055 1542 3119 1602 S.
3152 1541 3395 1603 Thoma
3422 1548 3539 1619 est,
3600 1544 3749 1622 quia
3778 1545 3842 1603 in
3876 1563 4035 1622 emp-

2508 1631 2674 1691 tione
2706 1638 2768 1691 et
2794 1632 3153 1694 venditione
3185 1634 3371 1695 debet
3415 1637 3655 1696 servari
3689 1637 4029 1716 aequalitem

2511 1724 2643 1784 haec
2668 1729 2878 1785 autem
2905 1745 3026 1786 non
3058 1732 3361 1803 servat-ur,
3415 1729 3468 1787 si
3505 1729 3782 1807 pretium
3814 1730 4032 1807 aequale

2509 1835 2633 1876 non
2663 1817 2743 1878 sit
2769 1818 2858 1877 rei
2890 1818 3183 1895 venditae,
3217 1820 3326 1880 sed
3360 1820 3673 1900 inaequale
3706 1841 3816 1900 per
3843 1840 4035 1882 exces-

2509 1929 2646 1970 sum
2678 1911 2776 1970 vel
2807 1911 3142 1973 defectum.

2589 2003 2876 2065 Secundo
2908 2005 3208 2081 probatur
3234 2024 3272 2066 a
3299 2007 3655 2084 posteriori,
3678 2008 3831 2087 quia
3858 2028 4036 2087 quan-

2509 2096 2588 2157 do
2621 2095 2905 2173 deceptio
2937 2102 3032 2157 est
3076 2097 3236 2158 ultra
3284 2098 3617 2159 dimidium
3660 2100 3817 2180 justi
3850 2101 4032 2178 pretii,

2509 2207 2632 2248 non
2663 2190 2863 2248 solum
2889 2190 3234 2250 restituitur
3275 2196 3585 2269 quatenus
3628 2194 3881 2253 excedit
3906 2193 4033 2252 illud

2507 2281 2860 2356 dimidium,
2922 2281 3030 2342 sed
3089 2288 3396 2360 quatenus
3454 2285 3851 2363 egreditur-a
3887 2286 4035 2364 justo

2507 2375 2729 2453 pretiO,
2768 2374 3006 2434 sienim
3049 2394 3182 2435 rem
3213 2376 3523 2436 valentem
3553 2382 3654 2438 20.
3693 2378 3904 2439 emisti
3942 2397 4037 2457 pro

2508 2472 2567 2528 t).
2604 2486 2726 2527 non
2756 2467 2956 2527 solum
3006 2468 3198 2527 debes
3253 2468 3487 2528 addere
3534 2489 3758 2546 unum,
3804 2471 3919 2531 sed
3956 2475 4034 2530 11.

2507 2579 2655 2638 ergo
2702 2560 2910 2620 omnia
2968 2560 3072 2619 illa
3105 2564 3201 2621 11.
3250 2568 3427 2622 erant
3474 2570 3700 2623 contra
3747 2563 4036 2643 justitiam

2506 2658 2784 2731 accepta,
2835 2652 3109 2731 alioquin
3161 2654 3477 2715 sufficeret
3506 2675 3706 2715 unum
3740 2656 4034 2717 reddere:

2505 2764 2653 2823 ergo
2677 2746 2725 2804 si
2758 2744 2960 2805 emisti
2988 2763 3101 2823 pro
3134 2748 3227 2806 Η.
3262 2746 3453 2806 debes
3482 2752 3540 2808 9.
3577 2749 3885 2825 reddere,
3915 2766 4035 2809 cum

2505 2839 2610 2898 illa
2658 2838 2846 2899 etiam
2886 2841 2944 2898 9.
3006 2843 3221 2899 contra
3272 2839 3583 2917 justitiam
3636 2842 4031 2919 accipiantur.

2505 2930 2641 2991 Alia
2671 2935 3038 3008 argumenta
3070 2932 3250 2991 affert
3278 2931 3456 2992 Solas
3486 2933 3626 2992 loco
3659 2934 3885 3007 citam,
3918 2952 4035 3013 quae

2505 3025 2673 3101 apud
2705 3024 2908 3101 ipsum
2941 3023 3138 3083 videri
3169 3029 3449 3101 possunt.

2586 3116 2902 3197 Objiciunt
2925 3116 3149 3197 primo,
3182 3117 3352 3196 leges
3395 3118 3457 3177 id
3491 3120 3887 3199 permittere.
3918 3123 4037 3179 Res-

2504 3212 2836 3291 pondetur,
2871 3210 3229 3288 permittere
3260 3213 3515 3290 quidem
3544 3214 3661 3273 sed
3681 3234 3809 3274 non
3831 3232 4037 3293 appro-

2502 3306 2675 3381 bare,
2710 3305 2788 3364 ad
2819 3303 3107 3366 vitandas
3136 3305 3300 3365 enim
3344 3307 3717 3367 innumeras
3746 3308 3893 3367 lites
3923 3327 4037 3387 quae

2505 3399 2735 3476 passim
2747 3404 3161 3475 emergerent,
3189 3399 3722 3477 noluitlegislator
3740 3402 4035 3461 actionem

2502 3492 2565 3551 in
2595 3491 2727 3551 foro
2775 3495 3031 3550 externo
3078 3491 3445 3564 concedere,
3499 3491 3616 3551 nisi
3651 3513 3768 3571 pro
3816 3493 4039 3553 enormi

2502 3583 2777 3656 laesione,
2812 3582 2874 3641 in
2904 3582 3040 3642 aliis
3070 3601 3218 3643 vero
3238 3583 3632 3662 singulorum
3652 3586 4040 3646 conscientie

2502 3676 2567 3736 id
2600 3675 2870 3755 reliquit.

2584 3771 2871 3845 Arguunt
2908 3768 3182 3828 secundo
3205 3787 3279 3828 ex
3308 3769 3348 3829 l.
3399 3768 3473 3828 In
3520 3788 3737 3845 causoe,
3784 3772 3849 3849 ἓ.
3906 3771 4042 3832 Idem

2504 3861 2881 3941 Pomponius,
2920 3863 2981 3920 ff.
3016 3860 3086 3919 de
3112 3860 3452 3921 minoribus.
3485 3867 3549 3922 et
3576 3863 3619 3922 l.
3671 3863 3824 3923 Item
3856 3865 3917 3923 si
3931 3883 4046 3944 pre·

2507 3956 2608 4031 tio,
2641 3956 2696 4032 ξ.
2737 3952 3242 4029 Quemadmodum,
3276 3956 3338 4014 ff.
3372 3953 3570 4030 locati,
3604 3957 3665 4015 in
3700 3957 3942 4035 quibus
3970 3958 4045 4016 di-

2506 4048 2667 4109 citur
2697 4047 2881 4107 licere
2910 4046 3279 4107 naturaliter
3308 4052 3588 4107 ementes
3614 4055 3678 4108 et
3710 4051 4047 4109 vendente<

2506 4159 2572 4201 se
2600 4139 3071 4214 circumvenire,
3112 4140 3391 4200 etcarius
3424 4141 3705 4200 vendere
3740 4143 3845 4201 vel
3879 4143 4049 4201 vilius

2507 4252 2734 4293 emere.
2782 4231 3184 4309 Respondent
3225 4233 3418 4311 aliqui
3461 4233 3525 4291 id
3575 4234 3847 4310 intelligi
3901 4238 4051 4295 intra

2504 4326 2895 4387 latitudinem
2918 4324 3070 4404 justi
3113 4326 3317 4403 pretii.
3377 4327 3496 4386 Alii
3540 4327 3766 4386 melius
3812 4328 4048 4396 dicunt.
4134 4361 4135 4364 ¹

2506 4420 2653 4479 illud
2685 4417 3059 4494 naturaliter,
3094 4418 3295 4477 solum
3322 4419 3700 4496 significare,
3725 4422 3905 4498 quod
3923 4422 4052 4498 jure

2505 4513 2782 4591 gentium
2838 4531 2961 4572 non
3018 4512 3283 4572 dabatur
3314 4512 3475 4571 actio
3508 4530 3621 4589 pro
3652 4512 3760 4572 tali
3798 4514 4053 4574 laesione

2504 4605 2731 4666 minori
2764 4625 2776 4664 ε
2813 4604 2978 4683 quod
3017 4604 3067 4664 si
3115 4603 3283 4664 aliud
3314 4604 3510 4665 voluit
3556 4604 4052 4682 jureconsultusT

2508 4697 2758 4773 erravit,
2794 4697 2953 4758 sicut
2974 4704 3035 4758 et
3064 4697 3124 4757 in
3157 4716 3228 4758 eo
3247 4696 3413 4776 quod
3434 4702 3731 4776 putarent
3750 4701 4057 4779 prescrip-

2506 4792 2738 4853 tionem
2796 4790 2983 4851 etiam
3040 4809 3181 4850 cum
3229 4790 3394 4848 mala
3425 4790 3548 4849 tide
3582 4792 3914 4868 prodesse.
3970 4795 4057 4853 lta

2505 4884 2736 4945 Molina
2764 4902 2906 4943 cum
2938 4883 3071 4941 aliis
3101 4882 3266 4942 dicta
3290 4882 3448 4960 disp.
3484 4885 3624 4944 350.

2585 4981 2873 5054 Arguunt
2901 4976 3106 5051 terti0‚
3142 4976 3288 5054 quia
3318 4976 3538 5036 scienti
3567 4983 3631 5037 et
3657 4977 3905 5037 volenti
3935 4998 4055 5038 non

2504 5072 2576 5132 fit
2607 5069 2853 5149 injuria.
2891 5068 3343 5147 Respondetur,
3369 5069 3432 5127 id
3463 5088 3683 5129 verum
3707 5089 3849 5130 esse
3868 5091 4055 5150 quan·

4086 3253 4136 3352 »Τί

2506 5165 2585 5224 do
2635 5164 3050 5223 voluntarium
3086 5169 3334 5222 nonest
3387 5163 3646 5223 mistum
3686 5183 3834 5223 cum
3882 5167 4053 5225 inro-
4132 5171 4133 5190 ¹

2506 5256 2796 5330 luntario,
2849 5260 3034 5334 prout
3084 5259 3175 5314 est
3227 5255 3287 5314 in
3336 5274 3485 5315 casu
3545 5263 3785 5326 nostro,
3840 5259 3905 5317 in
3936 5278 4051 5337 quo

2507 5349 2884 5410 contrahens
2906 5348 3002 5409 vel
3034 5367 3107 5407 ex
3137 5349 3491 5422 ignorantia
3514 5349 3751 5409 valoris
3761 5351 3939 5427 justi,
3962 5352 4053 5411 vel
