4263 6376
548 1273 654 1331 151

488 1397 623 1440 Gener
644 1408 695 1439 an

446 1451 574 1505 possit
586 1452 740 1492 fructus

443 1505 740 1600 witta?

522 3128 636 3186 ¹52

463 3253 703 3295 Alter-untur

437 3307 560 3348 varia
600 3307 736 3347 inter-

456 3360 709 3414 prolationes

502 3412 554 3454 nd
574 3425 667 3465 cap.

463 3465 706 3518 Salubriter,

464 3519 516 3561 do
552 3519 706 3562 usuris.

799 342 915 400 224

791 514 1017 595 apponi
1049 517 1324 593 possent,
1376 510 1494 571 nisi
1552 508 1939 570 detrahendo
1972 508 2049 567 de.
2094 505 2319 584 pretio.

792 612 994 680 Quare
1043 626 1166 666 non
1217 606 1345 665 sinc
1401 604 1807 677 fundamento
1854 601 2020 659 idem
2068 598 2318 667 dicitur,

793 701 1042 780 quando
1091 703 1346 777 propter
1377 694 1837 755 remuneranda
1868 692 2182 768 condigna
2213 689 2325 748 ob-

789 793 1006 872 sequia
1035 792 1249 852 datum
1280 790 1425 859 fuit;
1488 786 1807 866 proecessit
1861 784 2026 843 enim
2068 780 2320 860 aliquod

789 886 1058 965 pretium
1089 883 1491 960 condignum,
1554 899 1675 940 non
1726 878 1979 958 quidem
2037 875 2322 952 obligans

792 997 866 1038 ex
904 977 1149 1056 justitia
1205 976 1312 1035 sed
1346 994 1421 1034 ex
1476 971 1887 1052 gratitudine;
1949 986 2141 1048 quare
2196 985 2321 1025 non

789 1070 1186 1150 praesumitur
1203 1086 1344 1128 cum
1362 1067 1466 1127 tali
1484 1064 1851 1144 gravamine
1873 1062 2089 1121 datum
2108 1060 2317 1135 fuisse,

793 1164 905 1224 nisi
938 1164 1144 1241 aliquo
1175 1161 1363 1220 modo
1395 1159 1798 1237 exprimatur.

869 1257 1078 1319 Tertia
1134 1253 1413 1331 exceptio
1469 1249 1847 1330 principaliS,
1912 1264 2034 1325 qua
2086 1246 2324 1305 fructus

790 1349 1067 1431 pignoris
1098 1366 1223 1407 non
1254 1347 1695 1423 computantur
1739 1341 1800 1400 in
1831 1344 2083 1414 sortem,
2137 1342 2233 1397 est
2260 1336 2324 1395 in

791 1444 1052 1523 pignore
1082 1441 1227 1501 dato
1257 1455 1488 1517 genero
1537 1455 1570 1496 a
1601 1453 1712 1496 suo
1742 1451 1959 1494 socero
2002 1431 2081 1491 01)
2111 1429 2324 1490 dotem

790 1535 1069 1597 nondum
1099 1533 1387 1605 solutam,
1421 1534 1489 1590 ut
1517 1532 1761 1589 constat
1788 1545 1863 1585 ex
1891 1543 2028 1603 cap.
2055 1520 2326 1583 Salubri-

790 1638 879 1689 ter
906 1628 975 1688 de
1000 1625 1218 1701 usuris,
1273 1624 1377 1684 ubi
1405 1619 1800 1683 Innocentius
1833 1617 2049 1678 tertius
2078 1615 2166 1675 ita
2193 1632 2324 1673 res-

790 1721 1025 1801 pondet
1057 1740 1069 1781 :
1116 1740 1143 1774 «
1175 1720 1336 1779 Sane
1365 1731 1665 1793 generum
1698 1711 1774 1770 ad
1808 1712 2044 1770 fructus
2074 1725 2322 1785 posses-

786 1815 1056 1888 sionum,
1093 1828 1231 1891 quae
1255 1809 1370 1869 sibi
1399 1828 1434 1866 a
1455 1823 1670 1867 socero
1693 1807 1964 1881 suntpro
1993 1802 2323 1859 numerata

787 1907 932 1967 dote
963 1903 1205 1984 pignori
1239 1901 1550 1978 obligatae,
1603 1893 2058 1974 computandos
2098 1891 2159 1949 in
2195 1909 2321 1950 sor-

785 2005 911 2061 tem
941 2016 1065 2058 non
1096 1995 1409 2057 credimus
1439 1987 1964 2069 compellendum,
2021 2002 2165 2045 cum
2196 1983 2318 2042 fre-

789 2097 1053 2172 quenter
1082 2089 1245 2149 dotis
1274 2087 1510 2146 fructus
1542 2100 1665 2143 non
1688 2078 2096 2141 sufficiantad
2128 2093 2322 2137 onera

788 2181 1165 2244 matrimonii
1186 2176 1678 2257 supportanda.»
1719 2176 1916 2245 Quam
1938 2170 2321 2229 decisionem

787 2275 1201 2337 communiter
1229 2272 1516 2331 doctores
1560 2267 1914 2344 intelligunt
1941 2261 2313 2342 procedere,

789 2371 977 2430 etiam
1019 2366 1270 2446 quando
1332 2363 1446 2423 dos
1501 2362 1581 2422 ab
1611 2360 1731 2420 alio
1786 2358 1974 2419 etiam
2024 2361 2317 2416 extraneo

788 2462 1094 2541 promissa
1109 2458 1244 2533 fuit,
1268 2474 1410 2517 cum
1428 2454 1649 2514 eadem
1680 2451 1954 2512 sitratiO.
1989 2448 2320 2509 Totadiffi-

787 2555 985 2616 cultas
1015 2559 1109 2613 est
1135 2551 1196 2610 in
1229 2546 1605 2626 assignanda
1652 2545 1891 2604 ratione
1920 2561 2041 2620 qua
2074 2541 2160 2600 illi
2191 2541 2318 2599 fru-

786 2653 922 2709 ctus
952 2647 1084 2706 sine
1115 2660 1306 2704 usura
1325 2639 1566 2720 possint
1585 2657 1622 2698 a
1646 2654 1879 2714 genero
1901 2633 2156 2695 retineri
2186 2633 2319 2693 sine

785 2740 1164 2819 obligatione
1194 2731 1595 2813 computandi
1626 2748 1733 2791 eos
1763 2730 1823 2788 in
1855 2733 2112 2803 sortem,
2162 2744 2316 2785 con-

782 2840 878 2897 tra
935 2831 1217 2910 regulam
1273 2824 1633 2906 generalem
1679 2821 2003 2882 fundatam
2062 2820 2124 2877 in
2174 2818 2318 2897 jure

788 2930 1048 2998 naturae,
1108 2920 1276 3000 quod
1333 2921 1570 2979 fructus
1612 2915 1891 2995 pignoris
1939 2912 2212 2971 debeant
2256 2912 2317 2970 in

787 3023 1018 3079 sortem
1048 3012 1417 3092 computari.

870 3110 1076 3172 Prima
1132 3104 1561 3183 interpretatio
1619 3101 1779 3161 illius
1826 3103 2031 3160 textus
2079 3101 2174 3157 est
2208 3095 2321 3155 ali-

788 3221 1087 3284 quorum,
1147 3200 1253 3279 qui
1300 3198 1516 3258 dicunt
1537 3242 1552 3272 ,
1609 3194 1763 3254 illud
1811 3211 1946 3253 esse
2003 3190 2318 3270 peculiare

787 3296 1183 3378 privilegium
1220 3308 1451 3369 genero
1499 3289 1561 3347 in
1604 3289 1884 3347 favorem
1936 3281 2317 3346 matrimonii

787 3405 1174 3451 concessum.
1224 3386 1315 3446 lta
1343 3383 1571 3460 glossa,
1606 3385 1668 3440 et
1696 3380 1800 3438 alii
1830 3378 2085 3457 quidam
2116 3395 2191 3436 ex
2213 3374 2316 3454 ju·

786 3481 1087 3561 risperitis
1118 3477 1285 3557 apud
1316 3476 1490 3537 Salas
1519 3473 1668 3532 dub.
1702 3488 1868 3532 xxlx.
1910 3487 2080 3530 num.
2115 3473 2174 3529 2.
2208 3465 2319 3527 sed

785 3574 1065 3655 rejicitur
1093 3568 1531 3642 communiter,
1566 3565 1711 3643 quia
1732 3565 1780 3624 si
1805 3565 1882 3623 de
1905 3563 2047 3642 jure
2079 3567 2319 3621 naturas

784 3667 1070 3729 usuraria
1109 3667 1203 3723 est
1258 3677 1473 3720 eorum
1519 3659 1835 3717 fructuum
1891 3656 2057 3714 ultra
2086 3659 2321 3713 sortem

783 3759 1124 3842 perceptiO,
1163 3753 1442 3816 Pontifex
1472 3769 1596 3809 non
1619 3749 1820 3827 potuit
1848 3749 1910 3807 in
1936 3746 2070 3824 ejus
2092 3744 2320 3823 iniqui-

782 3860 910 3915 tate
941 3852 1303 3929 dispensare
1347 3845 1560 3904 favore
1599 3840 2003 3914 matrimonii,
2056 3857 2321 3916 praeser-

781 3948 894 4008 tim
923 3962 1065 4004 cum
1097 3939 1379 4001 Pontifex
1410 3936 1495 3995 ibi
1526 3934 1764 3993 nullum
1785 3950 2018 3991 novum
2042 3931 2148 4010 jus
2171 3948 2321 3990 con-

782 4037 1032 4109 diderit,
1067 4033 1176 4093 sed
1207 4026 1906 4108 responderitproutde
1929 4024 2071 4103 jure
2103 4023 2187 4084 ad
2215 4041 2320 4083 ca-

783 4149 922 4191 sum
953 4128 1386 4187 occurrentem
1415 4124 1477 4181 et
1498 4119 1631 4198 jam
1663 4118 1954 4196 positum.

867 4217 1156 4282 Secunda
1181 4213 1609 4292 interpretatio
1655 4216 1767 4285 est,
1822 4209 2188 4269 Pontificem
2228 4208 2319 4266 in-

782 4317 999 4376 nixum
1025 4311 1215 4371 fuisse
1243 4304 1712 4386 praesumptioni
1758 4302 2111 4363 donationis
2138 4301 2317 4361 factae

783 4409 861 4468 de
890 4403 1193 4466 fructibus
1225 4401 1471 4459 illarum
1501 4394 1963 4475 possessionum
2014 4393 2179 4453 ultra
2207 4393 2314 4451 do-

783 4505 911 4563 tem
939 4498 1247 4574 integram
1278 4489 1665 4563 solvendam,
1700 4488 1797 4547 cui
1830 4488 2040 4545 favere
2070 4486 2321 4545 videtur

784 4595 1101 4653 Navarrus
1157 4587 1218 4646 in
1248 4601 1516 4658 summa,
1568 4599 1706 4658 cap.
1740 4596 1894 4641 xva.
1930 4598 2037 4640 nu.
2079 4581 2220 4640 213.
2253 4579 2316 4638 10

783 4685 1002 4746 ultima
1028 4680 1321 4753 editione,
1367 4677 1428 4735 in
1460 4692 1724 4752 eamque
1755 4673 2013 4733 inclinat
2039 4672 2312 4747 Medina,

782 4777 949 4857 apud
979 4773 1275 4835 Molinam
1323 4769 1551 4846 disput.
1587 4768 1724 4826 321.
1777 4765 2005 4824 colum.
2039 4768 2096 4824 2.
2143 4768 2205 4825 et
2232 4764 2319 4823 vi-

781 4871 966 4932 detur
1006 4883 1140 4928 esse
1188 4864 1265 4923 de
1313 4867 1521 4921 mente
1555 4859 1750 4920 Lessii
1794 4858 1942 4918 dub.
1977 4874 2104 4917 XVI.
2139 4875 2311 4917 num.

782 4967 918 5026 141.
953 4961 1103 5021 dum
1120 4958 1227 5033 ait,
1261 4955 1567 5016 rationem
1589 4951 1904 5015 Pontificis
1927 4950 2137 5026 fuisse,
2171 4950 2320 5029 quia

780 5057 906 5118 tale
934 5054 1161 5133 pignus
1210 5067 1335 5109 non
1393 5044 1719 5107 consuevit
1758 5044 1896 5103 dari
1939 5048 2005 5103 ut
2043 5043 2156 5103 dos
2203 5043 2318 5101 mi—

783 5152 1034 5222 nuatur,
1068 5161 1258 5224 quam
1286 5141 1525 5200 fructus
1546 5138 1708 5198 dotis
1737 5137 1998 5213 integrae
2028 5136 2318 5213 frequen-

782 5246 880 5303 ter
894 5259 1017 5301 non
1037 5236 1350 5298 sufficiant
1373 5231 1667 5292 oneribus
1679 5228 2055 5288 matrimonii
2075 5233 2319 5288 susten-

783 5333 1011 5408 tundis,
1062 5330 1124 5389 in
1155 5345 1343 5408 quem
1372 5326 1562 5384 finem
1593 5322 1706 5382 dos
1736 5321 1959 5391 datur;
2011 5339 2135 5380 non
2168 5337 2315 5398 ergo

783 5444 961 5485 mens
989 5422 1190 5483 soceri
1228 5424 1321 5480 est
1363 5422 1434 5478 ut
1459 5415 1699 5477 ratione
1750 5413 1973 5473 horum
2002 5413 2317 5473 fructuum

788 5517 902 5578 dos
931 5516 1270 5587 minuatur,
1304 5510 1417 5571 sed
1446 5512 1516 5569 ut
1544 5525 1742 5586 gener
1768 5507 2010 5566 fruatur
2038 5506 2159 5565 illis
2202 5506 2312 5565 do·

1912 331 2014 392 DE
2056 327 2412 392 JUSTITIA
2458 328 2557 387 ΕΤ
2598 326 2797 389 JURF:

2426 523 2541 563 nec
2572 505 2626 563 ei
2659 505 2772 566 dos
2794 510 3241 585 repraesentata
3270 508 3477 569 fuerit.
3516 510 3669 569 Haec
3690 509 3930 584 Lessius,

2424 602 2485 656 et
2513 598 2737 657 clarius
2766 599 3106 659 Turrianus
3151 600 3575 679 disputatione
3608 603 3759 662 LXI.
3803 602 3931 665 dub.

2424 706 2508 749 1v.
2544 708 2715 749 num.
2753 693 2847 750 15.
2900 693 3150 768 fatetur,
3201 711 3338 751 eam
3379 694 3935 772 interpretationem

2423 800 2557 840 esse
2587 783 2736 842 satis
2758 784 3168 860 probabilem,
3207 789 3268 845 et
3288 785 3563 865 denique
3585 787 3783 859 SalaS,
3815 787 3936 847 licet

2423 893 2592 935 num.
2627 880 2684 934 4.
2719 894 2859 936 cum
2892 876 3140 952 Melina,
3177 884 3239 937 et
3259 879 3392 939 aliis
3420 898 3562 938 eam
3596 880 3937 957 impugnas-

2423 971 2535 1041 set,
2572 972 2788 1045 postea
2817 974 3025 1030 tamen
3065 989 3168 1031 nu.
3204 976 3260 1031 9.
3298 971 3357 1029 in
3390 972 3685 1031 eamdem
3716 974 3939 1031 videtur

2422 1059 2696 1119 incidere
2729 1081 2743 1134 ;
2805 1061 2954 1121 dicit
3009 1063 3175 1121 enim
3196 1110 3210 1137 ,
3262 1064 3577 1125 rationem
3635 1064 3935 1124 pontific-is

2420 1153 2633 1229 fuisse,
2676 1154 2822 1231 quia
2851 1172 2994 1213 cum
3023 1173 3204 1214 socer
3230 1156 3469 1218 fructus
3499 1158 3639 1215 illos
3670 1157 3940 1235 simplici·

2423 1250 2520 1305 ter
2548 1247 2943 1322 concesserit,
2977 1246 3127 1307 dum
3157 1248 3367 1309 dotem
3398 1269 3524 1311 non
3556 1250 3834 1324 solverit,
3864 1250 3943 1309 vi-

2424 1339 2606 1398 detur
2634 1339 2820 1400 tacite
2849 1339 3205 1418 promisisse
3247 1342 3559 1420 integram
3604 1342 3770 1403 dotis
3796 1342 3942 1403 solu-

2422 1433 2677 1508 tionem,
2738 1450 2857 1492 non
2915 1433 3193 1493 curando
3252 1434 3329 1494 de
3385 1435 3697 1496 fructibus
3746 1436 3940 1514 pigno-

2421 1542 2527 1584 ris.

2502 1619 2674 1677 Hanc
2700 1622 2908 1678 tamen
2963 1618 3540 1698 interpretationem
3587 1620 3943 1698 impugnant

2421 1710 2651 1770 Molina
2681 1716 2742 1772 et
2764 1710 2890 1786 alii,
2923 1712 3149 1789 prim0,
3204 1710 3350 1790 quia
3378 1713 3669 1772 Pontifex
3700 1713 3848 1771 nihil
3876 1713 3939 1771 de

2422 1804 2755 1863 donatione
2787 1804 2871 1863 ibi
2920 1804 3095 1879 dixit,
3142 1805 3252 1864 sed
3302 1804 3378 1863 de
3420 1804 3722 1865 oneribus
3751 1806 3941 1866 matri·

2421 1897 2634 1956 monii.
2698 1892 3009 1971 SecundO,
3062 1896 3210 1975 quia
3252 1915 3325 1956 ea
3373 1899 3787 1977 praesumptio
3834 1917 3937 1957 non

2421 1989 2733 2049 sufficeret
2785 1989 2865 2048 ad
2921 1989 3233 2049 sedandas
3301 1991 3721 2051 conscientias
3742 2039 3757 2063 ,
3815 2010 3937 2050 cum

2419 2099 2585 2159 saepe
2616 2099 2737 2141 non
2768 2088 2979 2160 posset
3005 2081 3186 2141 facilc
3223 2081 3286 2140 id
3316 2084 3637 2159 praesumi,
3689 2103 3828 2143 cum
3856 2102 3937 2143 so-

2419 2192 2522 2233 cer
2550 2174 2909 2252 frequenter
2936 2174 3085 2233 velit
3114 2174 3339 2252 potiuS,
3390 2181 3704 2253 quantum
3736 2177 3931 2254 possit,

2420 2267 2497 2325 de
2527 2267 2672 2326 dote
2702 2265 3054 2326 detrahere.
3089 2266 3295 2326 Tertio
3325 2267 3561 2327 addere
3596 2286 3931 2346 possumuS,

2420 2358 2567 2438 quia
2595 2359 2691 2417 vel
2721 2359 2882 2418 illius
2911 2358 3189 2437 pignoris
3215 2359 3511 2437 obligatio
3542 2362 3616 2421 fit
3646 2366 3811 2436 ante,
3849 2361 3935 2420 vel

2420 2458 2559 2529 post
2585 2456 2975 2512 contractum
3007 2452 3509 2525 mat1·imonium;
3563 2455 3615 2513 si
3646 2456 3758 2514 fiat
3784 2460 3934 2527 ante,

2420 2563 2543 2605 non
2570 2546 2687 2604 erit
2716 2544 2993 2619 donatiO,
3045 2545 3154 2603 sed
3195 2550 3444 2622 pactum
3480 2565 3837 2621 onerosum,
3867 2546 3935 2605 si-

2418 2638 2745 2697 cutomnia
2762 2637 2881 2696 alia
2905 2655 3044 2715 quae
3066 2638 3535 2697 matrimonium
3561 2640 3932 2718 praecedunt.

2421 2730 2486 2791 Si
2515 2747 2661 2788 vero
2691 2730 2802 2789 fiat
2830 2733 3070 2807 postea,
3130 2747 3273 2789 cum
3314 2729 3447 2807 jam
3476 2730 3542 2789 id
3591 2732 3704 2792 fiat
3732 2732 3809 2791 01)
3834 2733 3940 2791 im—

2416 2822 2783 2901 potentiam,
2834 2822 2929 2881 vel
2956 2822 3388 2883 difficultatem
3419 2823 3712 2883 solvendi
3743 2825 3938 2884 dotem

2418 2915 2789 2992 promissam
2819 2918 2881 2974 et
2908 2913 3184 2974 debitam
3226 2933 3299 2973 ex
3329 2922 3511 2992 pacto
3541 2917 3937 2993 praecedenti,

2419 3026 2541 3067 non
2586 3010 2786 3084 magis
2833 3011 3051 3085 sponte
3099 3014 3162 3067 et
3207 3008 3548 3068 liberaliter
3596 3010 3940 3069 censebitur

2416 3100 2572 3176 fieri,
2599 3119 2786 3179 quam
2808 3102 2915 3159 siat
2936 3119 2972 3158 a
2992 3100 3369 3160 mutuatario
3392 3105 3648 3178 pactum
3670 3101 3937 3161 solvendi

2418 3213 2637 3254 usuras
2666 3193 2743 3253 01)
2775 3194 3209 3253 necessitatem
3239 3195 3437 3254 mutui
3472 3195 3772 3271 habendi,
3807 3213 3938 3254 cum

2417 3286 2747 3365 utrobique
2777 3287 2887 3347 fiat
2913 3306 2987 3345 ex
3017 3286 3383 3348 necessitate
3414 3292 3707 3366 cogente.

2497 3380 2704 3439 Tertia
2760 3379 3187 3458 interpretatio
3245 3384 3338 3440 est
3394 3382 3795 3441 Covarruviae
3816 3429 3830 3456 ,
3886 3388 3939 3442 et

2418 3473 2697 3533 Fortunii
2726 3471 2894 3549 apud
2923 3473 3215 3532 Molinam
3249 3472 3617 3550 dicentium,
3672 3493 3813 3534 eam
3841 3475 3939 3534 de-

2418 3565 2716 3626 cisionem
2746 3565 2948 3623 solum
2969 3564 3203 3624 habere
3234 3565 3438 3624 locum
3461 3566 3523 3624 in
3554 3585 3793 3644 genero
3824 3586 3940 3626 res·

2417 3662 2601 3736 pectu
2633 3657 2853 3732 soceri,
2889 3656 2966 3716 de
2997 3658 3223 3736 quibus
3247 3659 3936 3737 Pontifexloquebatur.

2418 3749 2597 3809 Ratio
2625 3754 2837 3809 autem
2880 3750 3165 3826 specialis
3212 3756 3326 3825 est,
3388 3751 3530 3828 quia
3584 3770 3732 3811 cum
3775 3758 3942 3830 pater

2417 3846 2706 3904 teneatur
2730 3841 2896 3900 alere
2924 3841 3139 3918 tiliam,
3193 3842 3335 3902 ideo
3384 3842 3533 3902 dum
3583 3845 3797 3904 dotem
3827 3864 3938 3904 non

2417 3934 2598 3994 solvit
2623 3933 2704 3993 ad
2732 3951 2870 3993 eam
2919 3933 3231 4010 alendam,
3281 3953 3477 4012 gener
3520 3936 3690 3996 licite
3730 3938 3941 4014 accipit

2417 4028 2653 4087 fructus
2682 4026 2960 4104 pignoris
2988 4027 3068 4085 ad
3089 4046 3229 4086 eam
3250 4028 3539 4087 alendam
3562 4030 3701 4090 1000
3723 4031 3937 4104 soceri,

2418 4120 2524 4199 qui
2556 4119 2634 4178 ad
2665 4119 2725 4177 id
2758 4120 3103 4180 tenebatur.
3141 4122 3286 4180 Haec
3308 4121 3497 4180 etiam
3521 4123 3939 4202 interpretatio

2416 4212 2832 4273 communiter
2872 4212 3168 4290 rejicitur,
3226 4214 3451 4292 prime,
3519 4216 3668 4293 quia
3721 4217 3939 4276 decisio

2415 4307 2578 4366 illius
2606 4311 2811 4367 textus
2832 4306 3267 4366 universaliter
3284 4313 3534 4384 recepta
3555 4315 3673 4382 est,
3710 4308 3941 4369 etiamsi

2417 4399 2531 4459 dos
2561 4399 2640 4458 ab
2667 4399 2795 4458 alio
2828 4416 3016 4477 quam
3064 4417 3101 4457 a
3144 4405 3321 4477 patre
3369 4401 3796 4477 promittatur.
3847 4405 3940 4462 Se·

2417 4492 2645 4566 001010,
2698 4491 2844 4569 quia
2874 4495 3052 4570 pater
3082 4509 3203 4550 non
3237 4496 3488 4552 tenetur
3531 4495 3704 4554 alere
3736 4496 3936 4567 filiam,

2417 4582 2667 4663 quando
2698 4583 2832 4660 ipsa
2877 4583 3127 4643 aliunde
3169 4583 3361 4644 habet
3406 4586 3572 4645 unde
3623 4588 3705 4646 ali
3736 4589 3936 4667 possit,

2415 4680 2602 4755 prout
2630 4676 2709 4734 ali
2745 4675 2879 4755 jam
2910 4681 3175 4754 potesta
3219 4695 3331 4736 suo
3378 4679 3630 4756 marito,
3681 4682 3783 4741 cui
3812 4682 3941 4741 licet

2416 4773 2595 4847 pater
2622 4767 2978 4845 promiserit
3006 4768 3238 4843 dotem,
3294 4774 3356 4830 et
3384 4771 3525 4831 ideo
3577 4783 3803 4850 peccet
3830 4792 3940 4833 non

2416 4860 2716 4921 solvendo
2747 4866 3027 4938 tempore
3056 4863 3337 4940 praefixo,
3372 4882 3484 4941 pro
3516 4865 3822 4926 dilatione
3848 4885 3938 4926 so-

2415 4952 2669 5013 lutionis
2685 4971 2807 5013 non
2830 4957 3077 5013 tenetur
3096 4955 3175 5013 ad
3198 4954 3474 5015 dandum
3496 4958 3737 5037 aliquid
3762 4958 3937 5032 aliud,

2416 5046 2526 5106 sed
2558 5045 2631 5103 ad
2666 5045 3036 5105 solvendum
3054 5046 3358 5124 debitum,
3393 5050 3555 5111 sicut
3573 5071 3691 5111 nec
3723 5072 3836 5130 pro
3863 5052 3941 5111 di·

2415 5137 2646 5197 latione
2679 5138 3001 5198 solutionis
3031 5140 3091 5198 in
3124 5140 3260 5200 aliis
3286 5141 3535 5204 debitis,
3598 5145 3806 5221 Adde,
3844 5164 3942 5224 po-

2415 5231 2606 5291 tuisse
2636 5230 2849 5290 dotem
2881 5233 3180 5292 excedere
3211 5234 3511 5295 alimenta
3538 5236 3684 5297 filiae
3716 5239 3934 5314 debita,

2419 5326 2483 5384 et
2510 5326 2718 5383 tamen
2754 5323 3032 5384 Pontifex
3058 5343 3431 5404 responsum
3469 5348 3595 5388 non
3628 5332 3844 5410 alligat
3868 5331 3938 5390 ad

2418 5414 2628 5476 dotem
2658 5416 3046 5478 moderatam
3077 5422 3140 5477 et
3167 5437 3289 5478 non
3320 5422 3734 5485 excessivam.

2500 5511 2734 5579 Quarta
2780 5509 3212 5588 interpretatio
3251 5515 3607 5575 communis
3637 5523 3761 5590 est,
3806 5535 3939 5578 con·

4044 5508 4112 5568 ¹51
