4263 6376
1142 365 1612 427 DISPUTA'PIO
1657 365 1930 442 xxxvl,
1979 366 2252 426 SECTIO
2300 368 2403 428 lv.

220 539 423 623 poterit
447 539 916 619 eodem'pretio,
948 559 1021 602 ac
1052 541 1155 602 alii
1181 560 1420 619 omnes,
1446 541 1720 603 vendere

220 654 345 696 suas
370 651 622 708 merces,
670 651 815 693 cum
860 634 1013 694 illud
1060 634 1140 695 sit
1194 641 1342 696 tunc
1385 652 1719 695 commune

219 727 459 807 pretium
481 726 692 787 talium
713 727 1016 787 mercium
1032 726 1063 786 ἱ)
1090 727 1251 788 sicut
1271 728 1319 787 si
1342 728 1551 789 caeteri
1573 745 1719 787 caro

219 820 488 893 vendunt,
520 818 665 898 quia
711 819 985 880 afferunt
1037 818 1115 879 de
1155 820 1343 898 longe
1374 823 1437 881 et
1473 819 1720 897 magnis

220 912 474 991 expensis
497 928 754 988 merces,
789 916 851 972 et
872 913 1086 972 volunt
1104 912 1222 973 sibi
1244 917 1530 991 sumptus
1552 930 1719 973 com-

218 1022 474 1085 pensare,
508 1009 570 1065 tu
616 1009 825 1065 autem
874 1005 1113 1065 habens
1162 1007 1434 1084 aequales
1480 1023 1720 1065 merces

220 1116 283 1157 ex
306 1098 430 1157 loco
459 1097 684 1173 vicino,
717 1097 950 1176 poteris
978 1103 1191 1159 tamen
1222 1098 1541 1158 communi
1581 1116 1721 1178 pre·

218 1192 292 1253 tio
317 1208 543 1250 merces
570 1193 710 1250 tuas
737 1190 1047 1267 vendere,
1094 1191 1243 1270 quia
1272 1191 1419 1251 illud
1453 1194 1546 1251 est
1572 1195 1721 1252 tunc

219 1300 520 1343 commune
551 1285 612 1343 et
634 1281 873 1361 justum
909 1284 1210 1362 pretium,
1244 1283 1389 1344 licet
1417 1301 1530 1362 per
1559 1284 1722 1343 acci-

218 1377 354 1435 dens
379 1379 442 1436 tu
469 1375 608 1452 plus
641 1374 777 1434 aliis
804 1375 1087 1452 lucreris,
1124 1376 1376 1455 quinon
1394 1375 1587 1436 habes
1616 1395 1720 1436 ne-

219 1487 368 1529 cesse
418 1484 823 1545 compensare
878 1476 990 1546 pro‘
1048 1469 1335 1546 expensis
1382 1468 1583 1530 factiS.
1619 1469 1721 1530 Sic

217 1579 348 1638 ergo
391 1560 451 1619 in
491 1578 640 1620 casu
686 1561 980 1638 praesenti
1035 1560 1373 1621 dicendum
1419 1561 1716 1624 videtur:

216 1652 366 1713 aliud
392 1670 534 1713 vero
567 1654 702 1712 erat
729 1651 790 1712 in
821 1653 1015 1732 prlori
1044 1670 1191 1714 casu
1214 1700 1229 1729 ‚
1263 1653 1326 1712 in
1355 1671 1478 1732 quo
1508 1654 1720 1715 vendi-

216 1750 301 1806 tor
325 1763 441 1806 non
469 1743 743 1805 debebat
769 1745 1010 1806 solvere
1040 1746 1392 1825 gabellam;
1436 1746 1546 1806 sed
1590 1765 1722 1806 em-

216 1842 358 1916 ptor,
388 1840 447 1898 et
474 1836 638 1898 hanc
666 1837 799 1899 vult
826 1838 1115 1899 venditor
1134 1838 1213 1899 ab
1235 1857 1309 1900 eo
1338 1839 1638 1917 recipere,
1660 1843 1723 1901 et

216 1930 321 1990 sibi
344 1929 577 2009 absque
607 1930 733 1990 ullo
757 1929 899 2008 jure
930 1930 1220 1993 retinere.

285 2022 373 2083 Ad
400 2022 521 2083 hoc
547 2024 736 2084 etiam
784 2023 1094 2103 pertinere
1138 2025 1387 2085 videtur
1414 2024 1476 2085 id
1497 2072 1512 2103 ,
1553 2025 1722 2105 quod

218 2116 434 2177 notavit
470 2117 645 2177 Less.
681 2116 744 2180 d.
777 2135 832 2177 c.
866 2134 1085 2177 xxxm.
1120 2116 1269 2178 dub.
1315 2121 1409 2179 Η.
1444 2117 1522 2178 de
1551 2122 1724 2178 acto-

216 2209 367 2267 ribus
390 2210 810 2270 mercatorum
834 2209 1404 2289 Antuerpiensium,
1431 2210 1537 2290 qui
1557 2216 1723 2270 acto-

154 2340 177 2361 ,-
216 2319 302 2360 res
328 2301 387 2359 in
414 2301 713 2379 Hispania
749 2306 1210 2363 commorantes
1255 2303 1610 2381 transigunt
1637 2303 1724 2363 ibi

153 2394 173 2477 ζ,
216 2411 340 2453 cum
367 2393 722 2471 gabellariis
750 2413 864 2474 pro
895 2395 1208 2455 mercibus
1238 2410 1495 2455 suorum
1527 2396 1725 2456 domi*-

216 2504 437 2559 norum‚
474 2506 632 2567 quas
662 2487 969 2548 invecturi
1001 2492 1246 2563 sunt,et
1264 2489 1513 2550 solvunt
1540 2488 1725 2548 dimi-

153 2602 159 2628 ·
215 2578 367 2638 diam
392 2580 488 2641 vel
518 2580 768 2641 tertiam
797 2585 1042 2659 partem
1070 2580 1333 2659 gabellae
1357 2626 1372 2656 ,
1418 2586 1481 2642 et
1507 2586 1723 2660 postea

213 2690 247 2731 a
282 2672 540 2734 dominis
587 2673 898 2752 recipiunt
950 2677 1147 2735 totam
1200 2673 1514 2752 gabellam
1569 2674 1724 2734 inte-

212 2783 393 2843 gram,
424 2767 605 2845 quasi
633 2766 879 2846 integra
905 2767 1109 2828 soluta
1131 2767 1370 2845 fuisset,
1402 2785 1723 2828 excessum

212 2858 367 2918 illum
395 2860 755 2920 retinentes
791 2862 879 2919 De
926 2859 1155 2939 quibus
1195 2860 1519 2939 respondit
1554 2860 1722 2920 idem

211 2952 459 3029 Lessius,
496 2971 681 3031 posse
712 2952 775 3012 id
804 2953 1049 3030 facere,
1084 2953 1132 3013 si
1164 2971 1370 3033 neque
1406 2953 1724 3014 habebant

211 3045 561 3107 mandatum
590 3046 826 3107 domini
846 3046 926 3106 ad
946 3046 1421 3125 transigendum
1453 3065 1594 3107 cum
1616 3064 1723 3125 ga-

209 3136 449 3200 bellario
480 3157 596 3219 pro
626 3139 941 3200 mercibus
970 3186 986 3218 ‚
1038 3157 1242 3219 neque
1279 3139 1631 3219 transigunt
1657 3142 1729 3201 ut

211 3232 750 3312 extingu'antjusin
771 3233 1116 3309 dominum,
1148 3233 1258 3293 sed
1275 3238 1345 3294 ut
1368 3235 1582 3293 emant
1608 3232 1724 3293 sibi

210 3341 242 3382 a
265 3324 601 3402 gabellario
625 3325 729 3405 jus
759 3324 911 3385 illud
944 3326 1006 3384 in
1039 3325 1365 3385 dominum
1389 3371 1405 3402 ,
1441 3343 1564 3405 quo
1579 3324 1722 3406 jure

208 3416 315 3495 ipsi
357 3422 601 3479 actores
639 3422 858 3497 postea
906 3418 1163 3497 exigunt
1207 3418 1521 3497 gabellam
1563 3418 1724 3478 inte-

207 3528 371 3588 gram
399 3529 436 3571 a
465 3511 745 3588 domino,
782 3512 959 3590 cujus
989 3511 1330 3572 creditores
1359 3514 1540 3587 sunt,
1575 3511 1723 3590 quia

207 3607 477 3665 emerunt
503 3604 624 3665 sibi
652 3622 689 3664 a
717 3603 1059 3683 gabellario
1083 3602 1189 3682 jus
1208 3606 1407 3665 totum
1430 3603 1597 3682 quod
1618 3623 1724 3680 ga-

206 3695 485 3756 bellarius
520 3696 815 3757 habebat.
870 3698 1001 3757 Hoc
1051 3701 1261 3757 tamen
1311 3694 1517 3755 adhuc
1562 3695 1726 3755 limi-

205 3788 454 3848 tandum
500 3789 656 3848 mihi
706 3788 955 3849 videtur
1005 3808 1018 3849 :
1072 3788 1219 3868 quia
1253 3789 1302 3849 si
1346 3793 1725 3850 mercatores

205 3881 298 3940 alii
325 3881 667 3961 prudentes
716 3881 958 3942 soleant
1003 3881 1421 3942 communiter
1448 3898 1590 3942 cum
1613 3900 1726 3961 ga·-

204 3972 447 4034 bellario
478 3974 851 4052 transigere,
887 3976 956 4035 ut
982 3992 1105 4035 non
1137 3979 1442 4054 cogantur
1459 3975 1540 4035 ad
1572 3974 1724 4035 inte·

202 4084 368 4144 gram
394 4067 711 4146 gabellam
730 4065 1094 4126 solvendam
1129 4087 1143 4128 :
1178 4072 1420 4128 actores
1441 4068 1629 4129 etiam
1651 4086 1727 4128 ex

202 4159 394 4220 officio
441 4178 557 4220 suo
613 4158 939 4221 debebunt·
975 4159 1362 4239 diligentiam
1402 4160 1573 4220 illam
1619 4179 1728 4221 no-

201 4252 358 4313 mine
386 4261 648 4314 suorum
678 4251 1081 4313 dominorum
1107 4252 1313 4314 facere
1343 4299 1359 4330 ,
1392 4253 1444 4313 si
1473 4254 1728 4334 quidem

202 4344 423 4408 debent
449 4344 841 4425 diligentiam
872 4359 1270 4408 communem
1290 4392 1305 4423 ,
1338 4355 1529 4425 quam
1572 4366 1727 4426 pru·

202 4436 409 4501 dentes
437 4438 859 4501 communiter
887 4439 1208 4516 adhibent,
1243 4457 1499 4518 ponere,
1531 4445 1603 4501 ut
1629 4458 1731 4500 re-

198 4530 309 4591 bus
334 4535 598 4594 s'uoru'm
652 4532 1050 4593 dominorum
1107 4533 1455 4609 consulant,
1508 4534 1560 4593 si
1604 4549 1728 4593 non

200 4625 425 4703 optimo
457 4624 652 4686 modo
676 4670 692 4701 ‚
743 4625 962 4685 saltem
993 4642 1067 4685 eo
1098 4624 1509 4704 providentiae
1538 4639 1730 4704 gene*-

198 4735 282 4794 re,
297 4723 486 4798 quam
510 4718 851 4798 prudentes
871 4717 1286 4778 communiter
1302 4717 1555 4794 habent,
1573 4733 1730 4796 prae-

198 4812 424 4889 sertim,
457 4811 510 4872 si
540 4815 728 4891 prout
753 4810 887 4870 fieri
917 4811 1113 4887 solet,
1155 4809 1309 4870 illud
1336 4815 1584 4886 munus,
1618 4821 1728 4870 seu

199 4903 553 4980 procuratio
584 4903 896 4965 redundet
914 4903 1105 4965 etiam
1136 4902 1197 4962 in
1237 4903 1729 4964 emolumentum

199 5002 499 5059 actorum.

272 5090 543 5152 Infertur
571 5090 795 5168 quarto
824 5088 1271 5169 principaliter,
1323 5088 1472 5168 quid
1512 5088 1726 5148 dicen-

197 5180 340 5242 dum
361 5184 464 5259 sit,
499 5181 752 5262 quando
781 5182 1048 5244 cessavit
1070 5199 1261 5242 causa
1289 5180 1370 5242 ob
1392 5198 1582 5261 quam
1610 5181 1729 5242 im-

197 5277 466 5355 positum
494 5275 616 5335 fuit
641 5275 965 5352 tributum,
998 5275 1062 5335 in
1083 5293 1213 5356 quo
1245 5269 1461 5335 om‘nes
1493 5292 1726 5336 conve-

154 5359 156 5365 *
198 5369 392 5447 niunt,
438 5368 493 5429 si
541 5373 733 5430 causa
785 5367 1084 5429 radicit'us
1133 5367 1422 5445 cessavit,
1483 5375 1726 5428 cessare

189 5461 496 5541 justitiam
550 5461 767 5522 tributi
812 5466 875 5523 et
922 5457 1365 5540 obligationem
1413 5458 1564 5520 illud
1607 5461 1729 5520 sol-

194 5554 410 5632 vendi,
456 5553 573 5615 nisi
601 5554 723 5614 alia
750 5565 941 5614 causa
969 5553 1069 5615 vel
1117 5553 1454 5615 necessitas
1501 5552 1723 5613 subro-

3239 373 3352 429 6023

1817 545 1965 620 gata
1994 541 2202 618 fuerit,
2236 560 2376 620 quae
2407 542 2677 604 sufficiat
2704 542 2784 604 ad
2826 543 2978 603 illud
2999 543 3354 623 justifican-

1819 633 2004 706 dum;
2039 634 2126 695 ita
2156 635 2451 695 Antonin.
2486 636 2844 715 Alphonsus
2875 639 3090 697 Castro
3116 685 3131 714 ,
3167 639 3352 717 Angl.

1817 725 2117 801 Tabiena,
2155 727 2454 802 RoselluS‚
2494 728 2809 805 Corduba,
2844 731 3043 808 Cajet.
3079 731 3351 808 Medina,

1820 818 2012 878 etalii
2041 817 2392 895 innumeri,
2440 838 2596 898 quos
2638 822 2922 900 congerit
2968 828 3030 883 et
3075 824 3358 901 sequitur

1821 910 2050 971 Sanch.
2086 909 2150 970 d.
2185 929 2279 972 ca.
2315 912 2417 972 lv.
2452 913 2603 974 dub.
2639 931 2777 975 v111.
2811 933 2983 975 num.
3019 919 3078 977 2.
3115 918 3351 996 Vasqu.

1819 1002 1882 1063 d.
1915 1004 1971 1080 ἓ.
2005 1019 2101 1064 111.
2137 1003 2287 1064 dub.
2331 1007 2390 1065 5.
2428 1005 2619 1066 etalii
2654 1025 2892 1071 omneS.
2941 1008 3079 1068 Dixi
3121 1009 3356 1089 quando

1818 1095 2102 1156 radimus
2124 1098 2364 1157 cessavit
2376 1116 2558 1158 :nam
2576 1099 2623 1158 si
2643 1101 2843 1161 solum
2874 1104 3173 1163 cessatad
3201 1107 3356 1163 tem-

1821 1208 1958 1267 puS,
1995 1192 2059 1250 et
2085 1189 2375 1269 princeps
2403 1196 2617 1252 manet
2641 1211 2784 1252 cum
2816 1193 3197 1272 obligatione
3216 1213 3357 1273 pro-

1821 1281 2075 1341 videndi
2104 1283 2356 1361 quando
2388 1285 2730 1346 occurrerit
2757 1288 3092 1347 necessitas
3113 1334 3128 1363 ‚
3171 1291 3360 1366 prout

1821 1390 2149 1434 occurrere
2179 1374 2387 1436 adhuc
2416 1381 2641 1455 potest,
2678 1396 2749 1439 eo
2772 1379 2950 1440 titulo
2973 1381 3202 1458 poterit
3217 1399 3357 1461 per-

1820 1482 2108 1527 severare
2137 1466 2442 1528 tributum
2463 1515 2478 1545 ,
2521 1470 2607 1530 ita
2636 1487 2780 1530 cum
2811 1471 3103 1532 Corduba
3133 1477 3195 1534 et
3220 1474 3358 1534 aliis

1821 1562 2040 1618 notant
2067 1559 2298 1620 Sanch.
2334 1560 2485 1622 dub.
2521 1579 2604 1623 rx.
2641 1569 2702 1625 et
2732 1565 3043 1625 consentit
3071 1567 3368 1645 vasquez*

1821 1670 1965 1711 cum
1995 1653 2258 1730 Angelo,
2294 1658 2357 1715 et
2385 1654 2683 1717 Silvestro
2716 1656 2777 1717 d.
2830 1657 2981 1718 dub.
3019 1676 3078 1720 v.
3113 1678 3220 1720 nu.
3254 1663 3353 1721 66.

1822 1743 1927 1822 qui
1958 1748 2168 1804 tamen
2197 1746 2358 1805 bene
2389 1745 2507 1807 hoc
2536 1747 2783 1825 limitat,
2817 1752 3004 1812 modo
3026 1753 3374 1813 conveniat‘

1822 1835 1986 1896 bono
2016 1837 2289 1916 publico,
2322 1839 2491 1917 quod
2521 1846 2803 1902 cessante
2833 1843 2912 1902 ad
2940 1848 3188 1923 tempus
3218 1863 3360 1905 cau-

1821 1947 1912 2005 sa,
1945 1930 2180 1991 tributa
2209 1939 2650 2010 perseverent:
2680 1956 2706 1991 «
2728 1937 2777 1994 N
2785 1953 2856 1995 ec
2886 1937 3053 1996 enim
3082 1956 3353 2016 semper,

1821 2021 2044 2101 inquit,
2079 2024 2351 2102 expedit,
2387 2029 2456 2086 ut
2482 2026 2743 2105 antiqua
2776 2028 3041 2105 tributa,
3076 2038 3370 2091 cessante·

1824 2113 1904 2173 ad
1953 2119 2201 2193 tempus
2249 2135 2476 2193 causa,
2534 2126 2949 2196 permaneant
2989 2141 3102 2200 pro
3149 2124 3368 2184 futuro

1823 2211 2125 2285 tempore,
2162 2210 2328 2288 quod
2360 2229 2434 2270 ex
2463 2210 2725 2273 diversis
2754 2213 3239 2276 circumstantiis
3256 2216 3378 2294 jux

1825 2299 2163 2361 dicandum
2194 2307 2306 2364 est.
2340 2325 2368 2360 ι)
2408 2305 2474 2363 ln
2523 2303 2816 2385 idemque
2863 2307 3142 2368 recidere
3183 2308 3360 2368 videt-

1823 2396 1947 2469 tur,
1981 2395 2149 2473 quod
2180 2396 2418 2456 notavit
2448 2397 2679 2461 Sanch.
2729 2399 2792 2459 d.
2846 2399 2993 2460 dub.
3028 2416 3114 2461 1x.
3158 2420 3264 2462 nu.
3294 2405 3356 2462 2:

1818 2485 2146 2565 justificari
2213 2489 2468 2567 quidem
2533 2493 3066 2568 perseverantiam
3137 2494 3370 2555 tributi·

1823 2578 2098 2655 impositi
2126 2579 2208 2639 ad
2237 2581 2483 2659 vigilias
2510 2581 2775 2661 alicujus
2806 2585 2966 2645 arcis
2997 2587 3353 2664 solvendas,

1824 2670 1969 2732 licet
1998 2671 2164 2731 enim
2194 2690 2360 2733 nunc
2406 2678 2609 2736 stante
2641 2693 2794 2754 pace
2820 2724 2834 2753 ‚
2891 2697 3011 2738 non
3045 2680 3170 2741 sint
3198 2680 3357 2757 vigi-

1822 2764 1920 2824 liae
1952 2765 2340 2842 necessarias,
2372 2785 2488 2827 nec
2516 2767 2593 2827 de
2623 2770 2786 2830 facto
2818 2771 2942 2831 sint
2974 2792 2988 2832 ε
3024 2776 3234 2850 potest
3263 2778 3352 2833 ta-

1821 2874 1966 2916 men
1996 2858 2358 2936 contingere
2384 2859 2551 2939 quod
2580 2866 2819 2938 postea,
2841 2864 3143 2924 redeunte
3165 2864 3350 2941 bello,

1821 2949 2277 3028 invigilandum
2304 2951 2385 3013 sit
2419 2956 2482 3012 et
2529 2955 2797 3032 expendi
2844 2961 3130 3033 oporteat
3173 2957 3238 3017 in
3280 2974 3354 3018 eo

1820 3044 2021 3102 totum
2049 3042 2112 3101 id
2144 3044 2310 3122 quod
2339 3045 2519 3105 annis
2553 3048 3055 3123 praecedentibus
3084 3050 3359 3111 solutum

1822 3133 2046 3197 fuerat.
2079 3156 2106 3192 «
2137 3135 2547 3217 Quapropter,
2571 3139 2793 3219 inquit,
2826 3140 2987 3202 bene
3016 3146 3224 3221 potest
3252 3159 3356 3203 εισὁ

1823 3228 1942 3309 cipi
1969 3275 1984 3305 ,
2044 3230 2214 3308 quod
2271 3230 2349 3291 de
2404 3250 2578 3292 more
2644 3233 2942 3312 habetur,
3014 3235 3358 3297 dummodo

1824 3322 2073 3401 quando
2103 3339 2240 3382 sese
2271 3324 2491 3385 offerat
2520 3324 2574 3403 ej
2585 3326 3211 3405 usmodinecessitas,
3233 3341 3359 3390 non

1823 3419 2130 3493 cogantur
2158 3415 2424 3492 subditi,
2460 3420 2567 3477 aut
2596 3419 2809 3497 populi
2838 3419 2977 3497 plus
3006 3422 3249 3483 solvere
3277 3423 3374 3484 ad·

1823 3506 2128 3586 ejusmodi
2159 3507 2424 3586 vigiliaS.
2457 3530 2485 3565 n
2518 3510 2722 3582 Quare
2758 3511 3030 3573 advertit
3054 3514 3214 3575 bene
3244 3511 3363 3577 Va-

1823 3618 2084 3678 squezn.
2108 3603 2209 3661 67.
2226 3601 2449 3662 melius
2468 3601 2796 3680 justificari
2824 3608 3359 3684 perseverantiam

1824 3692 2130 3772 ejusmodi
2148 3693 2525 3754 tributorum
2543 3713 2615 3754 ex
2637 3696 2841 3756 causis
2857 3698 2992 3757 aliis
3014 3717 3154 3777 quae
3167 3701 3362 3760 aliun-

1824 3785 1901 3845 de
1931 3785 2235 3862 oriuntur,
2270 3789 2332 3847 et
2360 3787 2420 3846 in
2452 3806 2606 3865 quas
2627 3790 2905 3851 converti
2928 3792 3085 3853 solet
3102 3791 3166 3852 id
3189 3793 3358 3873 quod

1824 3896 1935 3955 pro
1968 3896 2040 3938 eo
2070 3882 2351 3957 tempore
2378 3879 2459 3939 ad
2491 3882 2892 3943 necessitates
2913 3883 3048 3944 illas
3087 3901 3212 3946 non
3247 3886 3356 3946 de-

1826 3970 2060 4032 serviit.

1904 4063 2245 4125 Difficultas
2273 4064 2592 4144 praecipua
2620 4071 2713 4129 est
2741 4067 2805 4127 in
2835 4067 2955 4130 hoc
2986 4075 3242 4150 puncto,
3274 4091 3353 4134 an

1826 4156 1877 4217 si
1905 4161 2237 4236 postquam
2268 4159 2536 4220 cessavit
2565 4159 2816 4222 omnino
2848 4179 3039 4224 causa
3058 4211 3073 4242 ,
3107 4166 3357 4228 transiit

1824 4360 1937 4421 per
1964 4343 2269 4404 tributum
2299 4343 2572 4404 solutum
2603 4345 2720 4406 fuit
2747 4346 2810 4406 id
2840 4348 3111 4411 sufficiat
3138 4349 3218 4410 ad
3248 4351 3359 4412 tri-

1827 4434 1959 4495 buti
1978 4433 2286 4513 justitiam
2305 4436 2335 4496 ¹?
2362 4436 2652 4498 Affirmat
2676 4439 2859 4500 Joan.
2909 4440 3162 4502 Medina
3188 4444 3253 4504 C.
3288 4442 3359 4502 de

1826 4527 2008 4587 restit.
2045 4547 2105 4607 q.
2138 4543 2268 4590 xrv.
2303 4529 2450 4606 quia
2478 4532 2864 4593 consuetudo
2893 4533 2958 4593 in
2997 4535 3216 4613 primis
3246 4553 3371 4594 ans

1824 4618 2002 4698 tiqua
2028 4619 2260 4682 sufficit
2278 4622 2357 4681 ad
2381 4620 2688 4701 justitiam
2706 4625 2943 4702 tributi,
2962 4631 3030 4687 ut
3046 4627 3360 4706 colligitur

1828 4730 1904 4772 ex
1932 4712 1994 4774 d.
2028 4732 2083 4774 c.
2135 4732 2312 4794 super
2356 4713 2733 4794 quibusdam,
2786 4716 2858 4778 de
2895 4718 3054 4780 verb.
3096 4719 3350 4800 siqm’flcn

1829 4805 2140 4884 Secundo,
2183 4807 2330 4885 quia
2376 4807 2537 4870 sicut
2592 4813 2817 4869 caetera
2852 4809 2998 4890 jura
3039 4813 3372 4889 praescribi»

1826 4903 2106 4977 possunt,
2141 4899 2369 4977 poterit
2388 4901 2576 4961 etiam
2598 4901 2704 4980 jus
2722 4903 3012 4982 exigendi
3030 4905 3352 4968 tributu-ma

1829 4993 2027 5067 Quam
2053 4994 2363 5054 rationem
2391 5013 2516 5055 non
2561 4995 2720 5055 bene
2766 4997 3095 5076 impugnat
3121 5001 3372 5061 Coi-dua·

1828 5087 1930 5164 ba,
1964 5101 2153 5165 quem
2180 5087 2372 5148 refert
2398 5094 2460 5148 et
2480 5088 2762 5167 sequitur
2783 5090 3011 5152 Sanch.
3040 5091 3190 5154 dub.
3214 5103 3350 5156 vnn

1829 5199 1890 5241 n.
1923 5184 1982 5241 4.
2018 5199 2091 5239 ex
2122 5197 2196 5240 eo
2226 5179 2396 5259 quod
2423 5184 2706 5242 cessante
2737 5200 2950 5261 causa,
2986 5191 3187 5247 cessat
3212 5186 3357 5248 titus

1827 5274 1922 5334 lus
1950 5276 2011 5334 et
2037 5274 2205 5334 bona
2231 5272 2407 5348 fideS‚
2442 5273 2574 5333 sine
2602 5276 2828 5353 quibus
2849 5294 2973 5337 non
2997 5282 3203 5357 potest
3223 5293 3357 5341 esse

1825 5366 2105 5445 legitima
2133 5365 2541 5446 praescriptio,
2569 5368 2867 5446 Suppono
2892 5371 3058 5430 enim
3081 5389 3156 5432 ex
3177 5372 3362 5434 dictis

1825 5459 1992 5521 circa
2020 5458 2542 5539 prascriptiones,
2575 5464 2639 5520 et
2665 5473 2738 5520 ex
2768 5465 3087 5524 communi
3113 5470 3368 5526 sentem·

1825 5553 1933 5630 tia,
1966 5570 2150 5631 posse
2184 5551 2545 5632 aliquando,
2577 5552 2726 5614 licet
2751 5557 3035 5634 tempore
3063 5557 3350 5637 longiori,

3500 4091 3579 4149 52

1822 4253 2091 4328 tempuS,
2125 4249 2206 4310 de
2235 4251 2413 4329 cujus
2441 4251 2617 4312 initio
2649 4270 2771 4314 non
2800 4259 3066 4333 constat,
3101 4261 3164 4319 et
3191 4273 3357 4318 sem-
3381 4281 3386 4286 ·
3406 4216 3700 4378 ιῗὲιίιῖξὲἑη-

3458 4378 3643 4420 moniale.
