4263 6376
59 619 178 677 10⁴

1329 248 1800 312 DisPUTA'mO
1844 248 2061 325 XXIII,
2111 249 2385 356 SEcho
2428 252 2533 314 VI.
3417 260 3489 320 Π

315 430 548 489 contra
593 445 791 504 omes,
827 429 937 509 qui
983 428 1335 491 concedunt
1378 426 1620 488 clericis
1666 425 1868 487 domi-

316 519 504 580 nium
531 538 752 581 verum
782 521 951 582 circa
980 521 1287 601 ejusmodi
1315 520 1502 581 bona.

406 613 630 674 Posset
656 631 806 694 ergo
827 614 1051 694 aliquis
1078 615 1289 674 media
1315 614 1418 673 via
1452 612 1783 703 incedere,
1808 617 1872 674 et

313 707 509 769 fateri
537 712 982 771 testamentum
1020 712 1083 769 et
1109 707 1565 767 successionem
1594 706 1866 766 validam

318 819 492 878 esse,
528 801 640 863 sed
668 801 836 860 bona
863 800 1129 862 transire
1160 801 1243 860 ad
1281 799 1599 860 haeredem
1629 799 1759 859 sive
1791 818 1866 859 ex

316 898 747 969 testamenta,
814 892 945 953 sive
985 893 1065 954 ab
1109 893 1401 954 intestato
1451 910 1596 953 cum
1642 892 1884 979 eodem·

317 1006 523 1049 onere
580 985 938 1061 intrinsece,
998 989 1068 1046 ut
1123 984 1554 1065 expendantur
1598 985 1662 1045 in
1718 1003 1866 1046 usus

314 1080 499 1161 pios;
560 1085 622 1141 et
661 1082 873 1139 tamen
902 1078 967 1137 id
1012 1096 1244 1157 negare
1273 1077 1338 1136 in
1370 1077 1722 1154 donatario,
1758 1078 1862 1158 qui

317 1173 644 1252 ejusmodi
670 1171 837 1232 bona
864 1170 928 1230 in
956 1169 1085 1230 vita
1111 1168 1354 1248 accepit
1381 1187 1416 1228 a
1447 1169 1694 1246 clerico,
1720 1171 1866 1248 quia

315 1269 396 1327 ut
437 1283 606 1344 saepe
635 1264 935 1340 diximus,
993 1261 1336 1323 succedens
1382 1262 1675 1323 defuncto
1731 1263 1866 1341 ejus

315 1376 660 1438 personam
692 1359 1099 1435 repraesentat
1125 1355 1294 1416 circa
1322 1373 1396 1414 ea
1442 1355 1609 1416 bona
1638 1356 1701 1421 in
1734 1358 1866 1437 qui-

316 1452 449 1512 bus
493 1449 791 1525 succedit,
842 1452 1028 1527 atque
1067 1446 1225 1508 adeo
1271 1447 1550 1509 succedit
1594 1449 1657 1508 in
1697 1451 1869 1511 omni

321 1543 714 1622 obligatione
754 1559 945 1621 quam
999 1540 1329 1600 defunctus
1384 1541 1549 1601 circa
1580 1559 1655 1601 ea
1701 1541 1867 1603 hona

320 1637 628 1712 habebat,
648 1653 840 1714 quam
868 1650 1202 1713 personam
1223 1632 1587 1693 donatarius
1615 1652 1740 1694 non
1770 1654 1869 1696 re-

321 1732 692 1810 praesentat,
725 1745 841 1787 nec
869 1726 1129 1805 quilibet
1161 1725 1341 1801 aliuS,
1376 1726 1484 1805 qui
1514 1744 1590 1785 ex
1620 1731 1868 1788 contra·

320 1829 437 1885 ctu
466 1821 615 1883 talia
640 1821 808 1881 bona
847 1818 1092 1897 accipit,
1125 1817 1235 1877 sed
1264 1818 1467 1878 solum
1497 1819 1726 1898 accipit
1761 1819 1869 1899 jus

319 1915 484 1977 illud
524 1914 806 1995 justitiae,
851 1910 1019 1991 quod
1066 1910 1329 1971 clericus
1375 1912 1543 1972 clrca
1593 1931 1669 1972 ea
1697 1912 1870 1974 bona

321 2009 628 2071 habebat.

411 2102 480 2163 Si
508 2105 720 2161 tamen
750 2096 935 2157 alicui
964 2095 1248 2156 doctrina
1279 2096 1413 2158 haec
1471 2097 1631 2159 dura
1659 2100 1870 2161 videa-

322 2203 455 2270 tur,
489 2198 554 2254 et
580 2197 801 2253 contra
829 2189 1072 2268 praxim
1102 2188 1425 2249 haeredum
1474 2192 1572 2251 vel
1628 2193 1867 2271 legata-

323 2290 593 2361 riorum,
628 2285 736 2363 qui
765 2282 842 2342 de
870 2280 978 2342 tali
1001 2280 1383 2359 obligatione
1413 2282 1652 2343 nullum
1695 2304 1870 2346 scru-

326 2380 548 2462 pulum
579 2378 696 2438 sibi
725 2375 982 2450 faciunt,
1015 2374 1382 2452 responderi
1418 2381 1623 2453 potest
1649 2396 1867 2439 secun-

327 2474 432 2550 do,
468 2471 714 2551 praxim
745 2485 884 2528 eam
915 2465 1165 2526 fundari
1196 2467 1468 2545 potuisse
1499 2468 1562 2527 in
1592 2488 1664 2529 eo
1696 2472 1864 2549 quod

325 2585 521 2630 causa
550 2564 677 2637 illa,
728 2578 869 2641 quae
893 2559 1195 2639 justificat
1223 2558 1582 2621 facultatem
1611 2580 1866 2625 conces·-

324 2678 462 2723 sam
524 2657 606 2717 ad
663 2653 1024 2717 testandum
1070 2652 1152 2736 ⁸in
1220 2669 1648 2733 quoscumque
1714 2675 1863 2717 usus

322 2754 522 2816 etiam
579 2767 704 2809 non
762 2746 899 2824 pios
928 2790 944 2818 ,
999 2743 1286 2804 sufficere
1337 2744 1526 2805 etiam
1566 2748 1761 2824 possit
1796 2754 1866 2810 ut

321 2846 529 2906 haeres
575 2841 742 2901 licite
791 2836 986 2917 possit
1039 2837 1205 2896 bona
1234 2836 1338 2896 illa
1378 2839 1732 2916 expendere
1796 2841 1859 2901 in

321 2936 646 3019 quoslibet
690 2949 862 2992 usus».
926 2929 1207 2989 Pontifex
1261 2947 1433 3007 erg0,
1474 2931 1578 3009 qui
1635 2933 1859 2994 clerico

322 3028 620 3093 concedit
664 3022 1031 3105 praedictam
1059 3020 1397 3097 licentiam,
1456 3039 1530 3081 eo
1560 3022 1692 3101 ipso
1721 3043 1863 3085 cen-

320 3128 498 3185 setur
529 3118 847 3200 applicare
874 3114 1046 3202 bona
1074 3113 1177 3172 illa
1214 3113 1294 3172 ad
1325 3114 1635 3192 quoslibet
1684 3136 1853 3190 usuS‚

322 3218 401 3278 ad
434 3213 606 3296 quod
636 3207 993 3272 faciendum
1054 3210 1259 3284 potest
1312 3206 1542 3268 habere
1602 3227 1858 3271 causam

320 3309 695 3389 legitimam,
757 3307 818 3363 et
871 3319 997 3380 qua
1037 3299 1450 3378 applicatione
1494 3302 1678 3379 facta,
1727 3302 1858 3383 jam

319 3405 587 3484 possunt
613 3397 780 3458 licite
807 3395 974 3455 hona
1019 3392 1124 3453 illa
1179 3411 1290 3471 pro
1333 3392 1506 3453 libito
1564 3397 1852 3474 expendi,

319 3497 483 3557 sicut
512 3496 576 3553 et
604 3488 900 3569 quaelibet
926 3484 1070 3547 alia.
1098 3484 1268 3545 Sicut
1317 3486 1568 3564 quando
1599 3506 1674 3548 ex
1698 3489 1859 3549 redi-

318 3589 488 3650 tibus
509 3582 790 3646 ecclesiae
817 3579 1170 3658 applicatur
1197 3578 1408 3656 aliqua
1443 3598 1589 3657 pars
1644 3586 1855 3643 canto-

319 3681 517 3755 ribus,
578 3696 640 3737 v.
699 3692 795 3753 gr.
840 3672 974 3751 jam
1002 3675 1221 3732 cantor
1287 3671 1515 3750 accipit
1540 3672 1708 3734 bona
1751 3675 1856 3736 illa

321 3774 561 3851 absque
592 3765 973 3845 obligatione
994 3763 1384 3843 expendendi
1408 3764 1469 3823 in
1501 3784 1649 3825 usus
1679 3766 1847 3844 pios;

333 3863 659 3945 quialicet
698 3859 862 3920 bona
889 3857 995 3917 illa
1040 3860 1248 3916 essent
1301 3857 1740 3936 ecclesiastica,
1793 3864 1856 3921 et

319 3960 461 4020 ideo
491 3955 799 4016 deberent
823 3951 923 4029 pie
954 3954 1016 4009 et
1043 3948 1333 4027 religiose
1390 3951 1678 4029 expendi,
1716 3952 1850 4032 jam

319 4056 534 4113 tamen
564 4044 758 4109 semel
785 4045 979 4104 finem
1006 4060 1191 4102 suum
1223 4041 1597 4118 habuerunt,
1650 4049 1713 4106 et
1750 4045 1850 4122 pie

319 4159 592 4224 expensa
621 4141 786 4211 sunt,
819 4135 1129 4215 siquidem
1157 4134 1259 4194 ille
1285 4134 1419 4213 ipse
1448 4135 1565 4195 fuit
1593 4136 1850 4215 quidam

318 4256 467 4299 usus
496 4234 659 4312 pius,
693 4228 859 4309 quod
891 4228 1188 4288 darentur
1225 4226 1463 4287 cantori
1502 4227 1581 4286 ad
1612 4228 1848 4290 cultum

318 4330 603 4391 divinum
629 4319 1151 4404 promovendum.
1188 4320 1290 4380 Sic
1319 4319 1508 4380 etiam
1567 4320 1848 4381 Pontifex

318 4420 672 4483 concedens
740 4413 965 4475 clerico
1021 4412 1335 4472 liccntiam
1418 4412 1685 4473 testandi
1767 4413 1845 4473 ad

317 4512 632 4595 quoslihet
658 4526 829 4583 usuS,
868 4524 941 4567 eo
986 4505 1120 4583 ipso
1152 4504 1253 4584 pie
1282 4509 1571 4566 censetur
1620 4524 1847 4585 expen-

317 4610 466 4668 dere
516 4605 625 4665 illa
671 4602 839 4662 bona
870 4620 884 4660 τ
920 4599 1068 4677 quia
1105 4597 1401 4658 nimirum
1432 4603 1693 4677 possunt
1752 4599 1848 4658 in·-

313 4698 639 4764 tercedere
657 4694 880 4754 merita
894 4691 1104 4752 clerici
1121 4690 1286 4765 illius
1313 4708 1463 4769 erga
1477 4691 1839 4769 Ecclesiam,

313 4793 412 4855 vel
443 4787 749 4867 obsequia
777 4785 831 4845 ei
860 4783 1159 4863 praestita,
1194 4782 1273 4844 ob
1304 4801 1442 4862 quae
1473 4784 1693 4844 merito
1742 4784 1845 4864 ju-

312 4887 557 4948 dicetur
589 4882 761 4959 pium
790 4896 925 4938 esse
955 4880 1018 4936 et
1044 4875 1382 4951 laudabile,
1432 4876 1599 4955 quod
1630 4878 1843 4937 Eccle-

314 4981 404 5040 sia
433 4976 797 5037 remuneret
830 4970 1054 5030 merita
1107 4968 1212 5028 illa
1265 4967 1636 5047 applicando
1695 4969 1844 5030 talia

313 5073 478 5133 bona
516 5070 581 5129 in
613 5064 925 5145 quoslibet
950 5080 1100 5122 usus
1127 5061 1356 5122 intuitu
1384 5077 1600 5120 eorum
1655 5060 1844 5121 meri-

316 5169 545 5227 torum.
577 5158 793 5221 Potuit
820 5155 1008 5218 etiam
1036 5154 1298 5216 fortasse
1328 5153 1614 5215 Pontifex
1643 5153 1845 5214 haere-

318 5255 399 5332 di,
424 5257 523 5316 vel
551 5250 853 5330 legatario
881 5248 1124 5309 auferre
1154 5246 1598 5325 obligationem
1617 5265 1843 5325 reprae·

312 5347 601 5412 sentandi
630 5342 905 5407 defuncti
933 5357 1264 5421 personam
1286 5339 1493 5419 quoad
1514 5338 1844 5417 obligatio-

633 5439 793 5498 Tou.
826 5436 958 5494 Vll.

1965 443 2109 485 nem
2142 426 2459 505 religionis
2489 428 2654 489 circa
2695 447 2770 490 ea
2797 429 2985 508 bona,
3028 436 3092 493 et
3142 434 3494 513 approbare

1962 520 2418 580 successionem
2448 520 2808 595 illam,sicut
2833 523 2883 584 si
2914 542 2987 584 ex
3010 525 3277 603 simplici
3298 528 3497 589 dona-

1962 610 2131 671 tione
2162 613 2260 671 vel
2280 613 2400 673 alio
2432 618 2755 675 contractu
2773 634 2847 674 ea
2876 616 3042 677 bona
3073 619 3490 697 accepissent:

1965 720 2105 781 quae
2136 706 2454 767 concessio
2476 708 2807 785 justificari
2834 710 3036 787 potuit
3064 728 3139 770 ex
3168 729 3358 773 causa
3403 715 3498 774 vi-

1963 796 2141 858 tandi
2187 797 2346 874 lites,
2398 802 2461 859 et
2512 799 2770 879 laqueos
2822 803 3126 880 peccandi
3182 806 3498 883 praedictis

1963 890 2460 951 successoribus:
2493 892 2581 952 ita
2607 896 2678 953 ut
2701 892 2962 955 intentio
2998 896 3313 958 Pontificis
3351 917 3500 959 con-

1965 981 2242 1042 cedentis
2298 984 2659 1045 facultatem
2715 987 2983 1047 testandi
3051 989 3131 1048 ad
3188 991 3501 1069 quoslibet

1963 1093 2114 1135 usus
2145 1093 2266 1135 non
2288 1077 2650 1138 siteximere
2674 1078 2968 1140 clericum
2998 1081 3202 1160 ipsum
3233 1084 3312 1143 ab
3342 1085 3501 1145 obli-

1964 1168 2215 1245 gatione
2262 1170 2555 1248 religiosa
2611 1171 2982 1250 disponendi
3018 1175 3100 1234 ad
3130 1196 3279 1237 usus
3335 1176 3493 1256 piOS,

1964 1258 2079 1320 nisi
2112 1262 2366 1340 quando
2396 1262 2778 1325 adsit'causa
2800 1266 2970 1344 justa
2991 1266 3175 1328 aliter
3200 1269 3493 1348 faciendi,

1965 1353 2134 1430 quod
2182 1354 2672 1436 uniuscujusque
2716 1359 3114 1425 conscientiae
3161 1361 3494 1441 relinquit:

1965 1464 2388 1507 successorem
2408 1453 2619 1509 tamen
2649 1450 2729 1510 ob
2758 1452 3089 1530 praedictas
3119 1454 3393 1516 rationes
3422 1454 3497 1515 li·

1963 1537 2147 1600 berat
2186 1539 2264 1599 ab
2298 1540 2679 1618 obligatione
2733 1546 3228 1621 repraesentandi
3284 1566 3501 1626 perso-

1966 1650 2112 1691 nam
2140 1632 2417 1694 defuncti
2436 1635 2644 1711 quoad
2673 1634 2845 1694 illam
2872 1636 3322 1715 obligationem
3351 1641 3498 1702 reli-

1962 1725 2204 1803 giosam
2231 1726 2399 1786 circa
2427 1726 2575 1787 talia
2603 1727 2807 1789 bona:
2845 1728 3006 1791 sicut
3034 1736 3244 1792 autem
3288 1734 3501 1795 Ponti-

1966 1818 2064 1878 fex
2085 1822 2292 1896 potest
2320 1817 2455 1878 llaec
2483 1818 2688 1879 facere
2711 1823 2774 1880 et
2801 1823 3147 1883 concedere
3174 1845 3188 1897 ;
3222 1825 3312 1886 sic
3327 1831 3499 1906 pote-

1968 1911 2047 1972 rit
2065 1910 2453 1971 consuetudo
2481 1911 2762 1989 legitima
2784 1931 2922 1992 quae
2944 1914 3072 1975 vim
3103 1915 3294 1979 habet
3316 1918 3495 1997 legis,

1968 2007 2030 2063 et
2057 2002 2282 2063 eodem
2314 2002 2609 2063 Pontifice
2639 2005 2874 2067 sciente
2903 2009 3364 2086 etapprobante
3406 2013 3504 2072 in·-

1969 2095 2409 2156 troductahaec
2432 2096 2654 2156 eadem
2699 2098 3064 2161 cencedere.
3100 2102 3178 2162 Et
3231 2102 3501 2183 denique

1965 2187 2125 2248 sicut
2152 2188 2616 2249 successoribus
2637 2208 2712 2249 ex
2741 2194 3117 2254 testamento
3149 2194 3212 2255 id
3243 2196 3500 2256 concedi

1964 2285 2190 2359 potest,
2225 2280 2313 2340 sic
2342 2280 2532 2341 etiam
2562 2281 2921 2343 haeredibus
2951 2285 3031 2345 ab
3057 2287 3501 2367 intestat0,p1·o

1965 2373 2191 2453 quibus
2230 2372 2469 2434 eaedem
2499 2372 2772 2435 rationes
2811 2376 3079 2439 militare
3112 2385 3392 2457 possunt,
3436 2385 3506 2443 ut

1962 2469 2228 2542 constat,
2277 2470 2340 2527 et
2366 2466 2453 2526 ita
2480 2467 2775 2545 praesumi
2807 2473 3012 2545 potest
3065 2471 3496 2534 introductam

1962 2578 2098 2620 esse
2126 2559 2340 2635 talem,
2403 2559 2941 2638 consuetudinem,
2977 2563 3084 2624 ubi
3117 2565 3249 2626 sive
3280 2584 3356 2626 ex
3383 2571 3507 2626 tcs-

1958 2656 2260 2727 tamentO,
2286 2651 2417 2711 sive
2446 2651 2527 2711 ab
2556 2651 2846 2714 intestato
2865 2653 3149 2715 haeredes
3169 2674 3314 2717 cum
3339 2658 3490 2718 libe-

1957 2765 2030 2807 ra
2056 2744 2352 2805 facultate
2380 2744 2444 2803 in
2483 2743 2853 2804 clericorum
2881 2746 3065 2808 bonis
3118 2751 3481 2813 succedunt.

2037 2840 2173 2898 Non
2203 2841 2412 2898 tamen
2450 2837 2732 2914 approbo
2788 2838 3118 2917 rationem,
3171 2859 3360 2920 quam
3404 2844 3485 2904 ad

1956 2931 2120 2991 hanc
2149 2928 2665 2990 consuetudinem
2679 2928 3149 3009 justificandam
3170 2937 3350 2997 affert
3369 2936 3487 2997 Fil-

3637 2855 3751 2913 103

3554 2978 3812 3033 Repu-ebatur

1955 3022 2178 3083 liucius
2224 3021 2343 3101 (vel
2400 3021 2504 3100 qui
2549 3026 2767 3083 auctor
2821 3029 2915 3085 est
2950 3022 3132 3088 'illius
3184 3032 3485 3091 tractatus
3591 3033 3780 3094 ‘¹90ffl11·

3589 3087 3775 3139 eju-dam

1955 3116 2373 3193 Hieronymus
2422 3115 2784 3195 Scpranius)
2817 3116 2878 3177 in
2909 3120 3271 3198 Appendice
3300 3126 3479 3184 tract.
3538 3119 3835 3183 wemmam

1953 3211 2163 3270 XLlll.
2189 3207 2259 3268 de
2295 3206 2495 3288 spoliis
2523 3226 2670 3287 cap.
2712 3226 2822 3270 vn.
2860 3230 2966 3272 nu.
3001 3216 3097 3274 11.
3133 3214 3233 3276 ad.
3256 3231 3326 3276 11.
3364 3234 3489 3275 ⁴ar-

1952 3305 2321 3381 gumentum
2338 3303 2387 3360 N
2394 3301 2620 3376 avarri,
2639 3301 2872 3379 dicens,
2908 3323 3034 3365 non
3056 3325 3191 3367 esse
3206 3325 3481 3386 necesse,

1954 3394 2120 3474 quod
2169 3393 2251 3453 illi
2298 3393 2536 3453 reditus
2592 3393 2999 3457 ecclesiastici
3051 3400 3486 3477 expendantur

1952 3486 2313 3547 immediate
2359 3485 2419 3545 in
2451 3504 2600 3546 usus
2628 3487 2765 3564 pios
2802 3487 2882 3547 ad
2931 3489 3226 3568 pietatem
3268 3492 3484 3553 Foven-

1950 3581 2120 3656 dam,
2181 3578 2281 3639 vel
2327 3583 2762 3657 paupertatem
2834 3581 3310 3660 sublevandam,
3370 3586 3481 3646 sed

1949 3690 2131 3751 posse
2161 3671 2429 3749 expendi
2456 3672 2714 3732 honeste
2747 3691 2821 3732 ex
2852 3674 2972 3735 ulio
2996 3675 3143 3753 fine,
3201 3678 3308 3756 qui
3354 3696 3477 3739 non

1948 3765 2026 3827 sit
2055 3765 2332 3843 proxime
2363 3763 2679 3843 objectum
2708 3764 3174 3844 misericordiae,
3207 3769 3305 3830 vel
3335 3769 3479 3830 reli-

1947 3857 2171 3937 gioniS,
2208 3857 2320 3917 sed
2350 3855 2607 3917 alterius
2654 3857 2923 3934 virtutiS,
2956 3878 3017 3920 V.
3050 3879 3113 3938 g.
3145 3861 3478 3923 liberalita-

1945 3952 2045 4026 tis,
2117 3949 2622 4027 magnificentiae,
2696 3954 2759 4009 et
2820 3949 3137 4014 similium.
3205 3953 3481 4017 Pertinet

1948 4044 2114 4104 enim
2147 4043 2227 4102 ad
2256 4040 2655 4120 splendorem
2675 4042 2990 4120 Ecclesiae,
3009 4049 3079 4107 ut
3093 4046 3288 4125 ipsius
3315 4066 3477 4128 prae-

1944 4137 2052 4197 lati
2068 4136 2204 4197 illas
2234 4135 2422 4195 etiam
2449 4134 2709 4196 virtutes
2730 4135 2969 4212 possint
2988 4155 3299 4216 exercere,
3335 4160 3476 4220 quae

1948 4231 2093 4290 sunt
2111 4227 2380 4306 propriae
2418 4245 2667 4305 regum,
2711 4231 2773 4287 et
2817 4246 3191 4307 magnorum
3244 4233 3477 4312 princi-

1947 4340 2139 4400 pum;
2172 4337 2364 4398 quare
2394 4320 2748 4396 PontificeS,
2800 4324 2864 4380 et
2918 4323 3130 4400 magni
3175 4326 3474 4403 praesules

1944 4414 2153 4475 solunt
2177 4411 2513 4490 aliquando
2543 4412 2830 4473 convivia
2859 4414 3224 4492 lautissima,
3258 4422 3320 4479 et
3363 4437 3475 4498 ap-

1943 4505 2338 4587 paratissima
2368 4504 2751 4583 pauperihus
2767 4506 3072 4567 instruere
3093 4528 3107 4580 ;
3130 4509 3237 4588 qui
3267 4529 3474 4590 sump-

1942 4604 2042 4661 tus
2071 4616 2194 4658 non
2229 4596 2477 4658 videtur
2504 4598 2784 4676 proxime
2814 4598 3091 4660 ordinari
3141 4602 3220 4662 ad
3276 4603 3473 4682 pieta-

1944 4697 2090 4766 tem,
2123 4709 2235 4750 seu
2267 4689 2503 4750 cultum
2534 4690 2665 4766 Dei,
2701 4708 2905 4768 neque
2937 4691 3125 4752 etiam
3189 4694 3269 4754 ad
3316 4714 3472 4774 pau-

1941 4787 2251 4864 pertatem
2281 4781 2753 4859 sublevandam,
2788 4782 2869 4842 ad
2909 4783 3028 4844 hoc
3059 4787 3228 4846 enim
3271 4789 3471 4850 suffii-

1943 4878 2159 4938 cerent
2186 4874 2362 4935 cibus
2390 4877 2698 4954 potusque
2736 4875 3048 4953 vulgares,
3083 4883 3270 4958 atque
3325 4881 3468 4943 ideo

1943 4969 2064 5030 hoc
2085 4975 2241 5045 opus
2284 4984 2408 5026 non
2438 4970 2532 5026 est
2557 4965 2838 5045 proxime
2867 4966 3206 5046 religioniS,
3231 4974 3331 5033 vel
3357 4974 3469 5034 mi·

1942 5059 2320 5134 sericordiae,
2351 5058 2462 5118 sed
2488 5058 2679 5137 regiae
2710 5076 2785 5119 ac
2813 5058 3172 5140 principalis
3199 5064 3471 5127 liberali-

1941 5152 2107 5229 tatis,
2156 5151 2369 5212 ultimo
2398 5154 2610 5211 tamen
2650 5150 2919 5211 refertur
2947 5153 3027 5213 ad
3083 5154 3377 5233 pietatem
3409 5164 3472 5221 et

1941 5246 2179 5307 cultum
2208 5243 2341 5319 Dei,
2401 5248 2710 5323 quatenus
2756 5241 2836 5302 ad
2867 5245 3147 5308 ecclesiae
3177 5249 3470 5327 splendo-

1943 5357 2075 5400 rem
2104 5337 2376 5416 pertinet
2400 5336 2782 5414 augendum.
2833 5338 2981 5398 Haec
3022 5343 3233 5401 tamen
3282 5343 3462 5421 ratio,

3111 5437 3147 5492 2

3564 3193 3652 3236 hac
3682 3194 3803 3238 bona.
