4263 6376
926 304 1049 363 450

932 473 1452 555 prudentissim03
1499 472 1698 535 videri
1729 475 1934 551 potest
1962 471 2195 534 Molina
2224 491 2331 533 nu.
2367 473 2466 534 12.

931 573 996 630 et
1021 569 1174 629 alios
1202 568 1369 646 apud
1400 567 1660 628 Dianam
1676 568 1753 628 11.
1786 570 1937 628 tom.
1963 570 2082 628 tra.
2108 583 2196 627 1v.
2222 564 2461 626 miscell.

930 661 1114 722 resol.
1152 663 1246 721 17.

705 757 785 816 38
1009 751 1216 813 Tertio
1247 750 1702 812 advertendum
1732 756 1846 827 est,
1872 756 2113 813 certum
2137 770 2271 812 esse
2292 750 2343 812 si
2372 754 2469 812 at-

639 878 758 933 Quid,
792 881 827 923 ,ἰ
928 849 1098 906 tento
1121 844 1290 923 justo
1322 843 1542 904 timore
1571 843 1934 920 sterilitati5‚
1958 845 2056 904 vel
2077 844 2334 905 alterius
2362 862 2467 904 ca-

585 934 882 1041 zffissnssssaepvig‘
929 956 1033 996 sus
1060 935 1297 996 fortuiti
1330 936 1637 1012 eventuri,
1673 935 1889 1015 pensio
1919 936 2246 997 locationis
2273 937 2466 1014 petita

584 1045 759 1104 prpqum
802 1020 879 1084 cuii
927 1031 1210 1107 tempore
1257 1033 1615 1089 contractus
1658 1029 1790 1089 initi
1842 1030 2260 1089 aestimaretur
2287 1048 2466 1090 exce-

625 1098 838 1149 ¹¹¹'¹¹⁸¹¹¹‘¹¹'
927 1120 1075 1180 dere
1098 1119 1340 1199 justum
1371 1121 1679 1198 pretium,
1742 1121 1972 1182 debere
2013 1123 2357 1182 locatorem
2399 1122 2462 1181 in

926 1212 1310 1274 conscientia
1337 1213 1657 1274 remittere
1691 1233 1888 1293 usque
1936 1213 2015 1273 ad
2046 1214 2221 1274 illum
2250 1214 2464 1275 termi-

924 1323 1097 1382 num,
1133 1323 1256 1384 quo
1277 1311 1559 1384 tempore
1581 1311 1939 1367 contractus
1960 1306 2176 1384 pensio
2200 1306 2463 1366 aestima-

923 1398 974 1457 ri
1005 1402 1218 1476 posset
1244 1397 1418 1477 justa
1468 1418 1482 1459 :
1530 1402 1594 1458 et
1621 1398 1780 1475 hoc,
1843 1398 1974 1458 sive
2004 1405 2224 1476 postea
2270 1398 2464 1460 conti-

921 1490 1084 1568 gerit
1112 1490 1427 1566 sterilitas,
1462 1491 1561 1551 vel
1591 1491 1750 1552 alius
1779 1510 1961 1551 casus
1987 1491 2285 1552 fortuitus
2314 1510 2460 1551 con·

921 1583 1172 1660 trariuS,
1205 1583 1335 1643 sive
1366 1602 1491 1644 non
1521 1584 1853 1662 contigerit
1874 1630 1890 1660 ,
1939 1583 1987 1644 si
2019 1585 2367 1644 conductor
2394 1602 2459 1643 se

922 1675 1223 1753 obligavit
1249 1675 1332 1736 ad
1360 1694 1539 1737 casus
1567 1675 1853 1736 fortuitos
1883 1680 1944 1737 et
1970 1676 2333 1738 sterilitatis
2361 1675 2459 1736 Ad

913 1767 1221 1847 justitiam
1253 1768 1419 1827 enim
1465 1767 1782 1847 pensionis
1827 1769 2214 1830 attendenda
2255 1769 2458 1829 solum

919 1864 1014 1921 est
1042 1860 1371 1921 aestimatio
1402 1860 1751 1921 communis
1776 1906 1791 1936 ,
1845 1879 1968 1940 qua
1999 1861 2216 1939 pensio
2249 1879 2456 1939 aequa-

914 1950 992 2012 lis
1048 1952 1477 2014 aestimabatur
1531 1957 1813 2030 tempore
1870 1958 2230 2014 contractus
2277 1952 2456 2032 juxta

918 2061 1095 2121 spem
1139 2044 1239 2105 vel
1284 2045 1574 2105 timorem
1621 2045 1725 2124 qui
1783 2063 1855 2106 eo
1912 2049 2195 2123 tempore
2252 2050 2451 2107 erant.

918 2135 1098 2198 Unde

671 2231 747 2292 39
999 2227 1472 2289 Advertendum
1502 2232 1597 2289 est
1624 2231 1846 2306 quarto
1866 2273 1882 2304 ,
1917 2228 2077 2290 sicut
2105 2229 2169 2289 in
2199 2229 2459 2309 emptio-

599 2353 841 2399 Lamnum
920 2340 998 2381 ne
1020 2325 1082 2381 et
1100 2321 1459 2381 venditione
1492 2320 1678 2382 datur
1720 2322 1907 2382 etiam
1939 2323 2002 2381 in
2031 2322 2165 2384 foro
2198 2329 2453 2384 externo

603 2408 840 2505 ffiffgffliggk
918 2413 1269 2473 remedium
1314 2413 1461 2474 laeso
1506 2413 1670 2474 ultra
1712 2413 2041 2474 dimidium
2065 2414 2218 2493 justi
2247 2415 2450 2493 pretii,

598 2475 779 2578 'mauge
814 2476 843 2505 ιι
921 2524 994 2566 ex
1021 2506 1062 2566 l.
1100 2522 1177 2566 ιι.
1226 2507 1293 2566 C.
1340 2503 1410 2565 de
1436 2504 1683 2566 rese-ind.
1716 2505 2069 2579 venditione;
2129 2507 2219 2567 sic
2266 2507 2456 2567 etiam

618 2569 843 2675 m?
921 2618 996 2659 ex
1023 2599 1244 2659 eadem
1288 2599 1427 2676 lege
1493 2598 1629 2658 dari
1683 2599 2033 2658 remedium
2062 2599 2451 2677 conductori,

921 2691 1109 2752 etiam
1139 2691 1202 2750 in
1231 2691 1367 2750 soro
1397 2695 1678 2767 externo,
1711 2691 1963 2771 quando
1994 2696 2278 2770 tempore
2308 2711 2458 2753 con-

917 2787 1155 2844 tractus
1183 2783 1368 2843 laesus
1395 2783 1512 2843 fuit
1541 2784 1703 2844 ultra
1731 2783 2058 2844 dimidium
2073 2783 2225 2862 justi
2248 2785 2453 2864 pretii,

920 2880 1108 2955 atque
1137 2876 1325 2936 etiam
1356 2875 1617 2935 locatori
1655 2876 1906 2953 quando
1937 2877 2121 2936 laesus
2149 2876 2265 2938 fuit
2294 2877 2457 2937 ultra

919 2967 1248 3027 dimidium
1269 2966 1323 3046 ej
1335 2966 1550 3026 usdem
1564 2967 1716 3046 justi
1738 2967 1941 3045 pretii.
1962 2967 2057 3027 Ad
2081 2968 2251 3046 quod
2270 2968 2458 3028 etiam

920 3080 1045 3120 non
1077 3065 1170 3120 est
1198 3059 1691 3120 considerandus
1736 3066 1996 3121 eventus
2043 3060 2453 3138 subsequens,

922 3152 1034 3213 sed
1061 3156 1260 3214 status
1289 3156 1352 3213 et
1378 3151 1707 3213 aestimatio
1739 3151 1969 3214 valoris
1999 3157 2283 3231 tempore
2315 3171 2458 3215 con-

921 3250 1194 3317 tractus;
1229 3263 1423 3324 quare
1448 3244 1797 3304 remedium
1831 3244 1949 3306 hoc
1975 3245 2293 3306 diversum
2325 3264 2459 3306 om·

921 3337 1069 3398 nino
1118 3341 1213 3397 est
1259 3337 1338 3396 ab
1383 3355 1456 3398 eo
1504 3336 1582 3397 de
1629 3355 1751 3416 quo
1800 3337 2080 3398 dicemus
2101 3345 2458 3417 competere

923 3430 1003 3491 ob
1031 3430 1444 3504 sterilitatem,
1478 3428 1577 3489 vel
1607 3428 2016 3491 infortunium
2043 3429 2454 3510 subsequens,

928 3525 994 3582 ut
1020 3521 1262 3583 notavit
1291 3521 1479 3582 etiam
1508 3521 1741 3581 Molina
1769 3540 1830 3583 n.
1864 3526 1923 3582 2.

671 3632 753 3693 40
1007 3614 1115 3674 His
1143 3613 1503 3693 suppositis,
1537 3614 1862 3674 sciendum
1893 3618 2019 3690 est,
2054 3633 2129 3674 ea
2160 3615 2456 3694 aequitate

926 3708 988 3767 et
1014 3706 1399 3783 benignitate
1429 3706 1592 3785 juris
1645 3724 1795 3785 erga
1825 3706 2239 3767 conductores
2264 3707 2461 3769 intro-

925 3798 1182 3859 ductum
1214 3817 1348 3858 esse
1373 3844 1389 3875 ,
1442 3804 1511 3859 ut
1542 3803 1793 3876 propter
1821 3798 2209 3860 sterilitatem
2240 3818 2461 3879 super-

924 3890 1278 3951 venientem
1307 3889 1544 3969 absque
1572 3890 1969 3951 conductoris
1998 3892 2180 3970 culpa
2200 3937 2215 3967 ,
2264 3892 2462 3952 unde-

928 4002 1197 4062 cumque
1227 3982 1594 4060 proveniat,
1647 3982 1776 4043 sive
1807 4001 1881 4042 ex
1927 3983 2131 4045 causis
2163 3985 2462 4045 naturali-

928 4076 1066 4152 bus,
1099 4076 1229 4135 sive
1259 4094 1333 4135 ex
1361 4074 1718 4135 incursione
1749 4074 2022 4137 hostium
2045 4121 2061 4152 ,
2107 4076 2240 4136 sive
2271 4096 2345 4136 ex
2373 4076 2459 4138 lo-

928 4168 1119 4229 custis
1149 4167 1246 4227 vel
1274 4166 1410 4226 aliis
1440 4166 1835 4243 animalibus,
1869 4168 1999 4227 sive
2029 4186 2105 4228 ex
2143 4169 2455 4246 incendio,

930 4259 1181 4340 quando
1212 4259 1363 4319 nulli
1395 4259 1649 4321 omnino
1679 4260 1918 4321 fructus
1948 4260 2347 4339 colliguntur,
2381 4262 2457 4322 li·

928 4353 1180 4413 beretur
1208 4351 1551 4415 conductor
1569 4353 1821 4414 omnino
1849 4353 2199 4431 apensione
2218 4354 2459 4415 solven-

929 4444 1033 4521 da,
1065 4445 1106 4505 l.
1142 4443 1217 4505 Si
1239 4464 1472 4521 merces,
1503 4446 1558 4524 ς.
1601 4444 1693 4505 Vis
1711 4445 1924 4526 major,
1958 4446 1999 4506 l.
2024 4444 2135 4505 Ex
2154 4445 2455 4524 conduc-tc,

927 4538 985 4617 ἓ.
1019 4537 1097 4598 Si
1119 4537 1225 4615 vis,
1259 4538 1321 4598 ff.
1358 4538 1552 4613 locati,
1588 4537 1627 4599 1.
1659 4537 1856 4615 Licet,
1908 4555 1952 4599 1.
1984 4538 2138 4602 Cod.
2169 4537 2361 4599 eodem
2390 4539 2461 4598 ti-

930 4628 1069 4707 tulo,
1103 4648 1197 4691 ca.
1227 4629 1484 4711 Propter
1508 4629 1865 4691 sterilitatem
1888 4676 1903 4707 ,
1953 4649 2028 4690 ex
2057 4630 2280 4690 eodem
2310 4631 2458 4692 titu-

928 4722 1011 4782 10.
1066 4721 1130 4783 Si
1160 4727 1369 4783 autem
1395 4723 1685 4784 sterilitas
1732 4740 1857 4783 non
1886 4722 2064 4784 tollat
2091 4741 2308 4783 omnes
2337 4724 2460 4784 fru-

930 4818 1087 4891 ctus,
1119 4815 1229 4875 sed
1257 4820 1469 4877 tamen
1497 4817 1578 4876 sit
1602 4833 1833 4893 magna
1862 4820 1923 4877 et
1943 4815 2254 4891 notabilis,
2279 4815 2463 4875 dimi-

931 4906 1142 4968 nuitur
1169 4909 1384 4986 pensio
1414 4926 1526 4987 pro
1556 4912 1692 4969 rata
1739 4928 1752 4968 :
1805 4908 1855 4967 si
1884 4926 2030 4969 vero
2079 4908 2160 4968 sit
2187 4908 2457 4984 modica,

931 4999 1084 5059 ninil
1108 5000 1484 5077 remittitur,
1543 5002 1629 5061 ita
1679 4999 1946 5062 habetur
1973 5001 2034 5060 in
2067 5000 2233 5061 dicto
2262 5001 2318 5080 ἓ.
2369 5000 2463 5061 Vis

928 5092 1159 5172 major,
1205 5093 1301 5153 his
1346 5093 1552 5154 verbis
1603 5112 1617 5154 ε
1688 5093 1851 5156 «Vis
1881 5092 2083 5172 major
2119 5111 2243 5153 non
2273 5093 2462 5155 debet

929 5184 1292 5246 conductori
1320 5185 1550 5246 damno
1583 5203 1718 5245 esse
1738 5230 1753 5260 ,
1788 5185 1839 5245 si
1868 5185 2199 5264 plusquam
2229 5187 2458 5247 tolera-

928 5275 1050 5336 bile
1081 5280 1194 5353 est,
1219 5277 1346 5338 lassi
1374 5282 1519 5338 sunt
1537 5278 1808 5350 fructus;
1833 5277 2109 5357 alioquin
2140 5278 2459 5340 modicum

928 5367 1230 5428 damnum
1275 5387 1455 5449 aequo
1504 5369 1713 5429 animo
1742 5368 1904 5429 ferre
1948 5368 2134 5431 debet
2175 5372 2455 5448 colonuS,

929 5461 1028 5520 cui
1057 5461 1463 5523 immodicum
1482 5462 1725 5523 lucrum
1754 5480 1878 5521 non
1905 5463 2255 5524 aufertur.»
2295 5464 2366 5524 Et
2395 5463 2456 5522 in

581 3756 643 3821 133
657 3758 749 3813 jure
762 3757 877 3811 poei-

581 3810 881 3928 stiffi.

643 3929 805 3972 pensio.

2087 297 2190 356 DE
2231 295 2587 357 JUSTITIA
2630 295 2731 355 ΕΤ
2771 295 2973 358 JURE

2567 469 2732 531 dieto
2761 488 2816 531 c.
2851 470 3107 551 Propter
3144 469 3526 548 stet-ilatum,
3562 472 3898 550 Gregorius
3932 472 4088 548 Papa

2565 563 2669 623 IX.
2706 563 2795 624 sic
2841 563 2931 625 ait
2975 584 2989 625 :
3050 584 3079 620 a
3109 565 3369 642 Propter
3397 564 3789 626 sterilitatem
3820 563 4088 624 afficien-

2563 659 2692 717 tem
2720 674 2948 735 magno
2996 656 3392 717 incommodo
3435 657 3889 733 conductores,
3946 655 4084 716 vitio

2564 748 2676 824 rei,
2711 747 2843 808 sine
2872 749 3057 828 culpa
3085 749 3311 826 coloni,
3343 768 3454 809 seu
3484 768 3632 810 casu
3661 750 3919 811 fortuito
3950 768 4087 809 con-

2564 841 2909 919 tingentem
2930 887 2945 917 ,
2988 840 3225 901 colonis
3254 842 3545 902 Ecclesiae
3576 860 3686 920 pro
3717 847 3857 903 rata
3880 889 3897 918 ,
3945 860 4085 921 pen-

2563 933 2753 995 sionis
2783 933 3064 994 remissio
3097 939 3192 995 est
3217 934 3505 994 facienda
3539 954 3553 995 :
3589 935 3707 994 nisi
3735 953 3881 995 cum
3912 935 4087 994 uber-

2562 1031 2688 1087 tate
2719 1025 3154 1104 praecedentiS,
3187 1026 3284 1087 vel
3315 1027 3754 1105 subsequentis
3782 1028 3953 1100 anni,
3976 1033 4086 1087 ste-

2560 1118 2755 1179 rilitas
2783 1118 2989 1179 valeat
3031 1119 3462 1197 compensari,
3494 1141 3522 1176 n
3581 1124 3644 1180 et
3688 1120 3753 1180 in
3782 1119 3823 1180 l.
3859 1119 3939 1180 Si
3960 1140 4081 1196 uno,

2558 1212 2613 1290 ς.
2649 1227 2691 1271 1.
2728 1212 2790 1271 ss'.
2823 1210 3015 1286 locati,
3050 1211 3138 1270 sic
3169 1209 3437 1273 habetur
3493 1230 3509 1272 ε
3581 1215 3786 1274 «Cum
3836 1213 4083 1292 quidam

2560 1303 2637 1363 de
2666 1303 2981 1365 fructuum
3011 1302 3345 1381 exiguitate
3375 1309 3761 1383 quaereretur
3780 1352 3797 1381 ,
3846 1324 3970 1366 non
4003 1323 4085 1364 es-

2556 1414 2623 1456 se
2651 1395 2961 1456 rationem
2993 1395 3127 1475 ejus
3174 1395 3532 1456 habendam
3555 1443 3571 1474 ,
3631 1398 3937 1477 rescripto
3969 1397 4085 1458 dim·

2557 1488 2853 1548 Antonini
2882 1490 3253 1550 continetur.
3305 1490 3460 1549 Item
3508 1490 3629 1549 alio
3673 1492 3980 1570 rescripto
4010 1492 4084 1553 ita

2556 1581 2929 1642 continetur.
2963 1583 3200 1641 Novam
3222 1600 3356 1641 rem
3385 1580 3725 1655 desiderem,
3753 1589 3821 1643 ut
3840 1590 4085 1663 propter

2556 1676 2930 1734 vetustatem
2959 1673 3284 1734 vinearum
3332 1673 3617 1734 remissio
3663 1675 3771 1735 tibi
3816 1676 4025 1750 detur,
4053 1700 4076 1734 ι)

2556 1785 2695 1845 quae
2724 1766 3157 1844 intelliguntur
3185 1766 3263 1825 de
3292 1766 3619 1828 sterilitate
3648 1786 3771 1828 non
3803 1769 4077 1831 notabili.

2555 1859 2732 1919 Circa
2762 1858 2925 1918 hanc
2955 1858 3306 1919 doctrinam

2635 1949 2916 2011 Dubitari
2947 1951 3147 2030 primo
3185 1955 3426 2029 potest,
3476 1971 3553 2011 an
3584 1952 3834 2013 nomine
3865 1953 4083 2014 sterili-

4190 1952 4217 2009 4

2553 2042 2697 2104 tatis
2726 2042 3125 2119 omnimodae,
3153 2061 3293 2121 quae
3313 2049 3569 2106 excusat
3582 2046 3833 2106 omnino
3856 2046 3937 2106 ab
3967 2045 4084 2107 ulla
4120 2074 4217 2127 W*

2553 2136 2849 2214 pensione
2879 2135 3198 2211 solvenda,
3231 2135 3633 2214 intelligatur,
3656 2138 3907 2216 quando
3940 2139 4082 2199 nulli
4121 2136 4220 2226 *ζῇ

2553 2245 2807 2305 prorsus
2834 2227 3071 2288 fructus
3099 2246 3172 2286 ex
3194 2227 3387 2288 fundo
3417 2228 3811 2307 colliguntur,
3832 2249 3912 2289 an
3942 2250 4081 2292 vero
4132 2239 4220 2280 Μ

2554 2319 2775 2395 etiam,
2827 2318 3076 2397 quando
3103 2318 3389 2380 deductis
3417 2321 3703 2397 expensis
3722 2368 3738 2397 ,
3785 2323 3941 2383 nulli
3972 2325 4083 2383 fru-

2553 2417 2690 2472 ctus
2719 2414 3080 2471 remanent:
3114 2429 3260 2471 nam
3292 2412 3542 2473 nomine
3572 2413 3888 2475 fructuum
3918 2417 4082 2476 intel-

2552 2503 2658 2582 ligi
2680 2503 2927 2563 videtur
2955 2502 3038 2574 id,
3062 2504 3229 2582 quod
3260 2503 3546 2566 deductis
3575 2506 3862 2583 expensis
3888 2526 4086 2568 rema-

2555 2602 2688 2656 net:
2734 2596 2907 2655 etita
2938 2595 3186 2656 videtur
3214 2597 3559 2674 intelligere
3594 2599 3881 2660 Bai-tolus
3909 2601 3973 2660 in
4005 2602 4084 2660 di-

2555 2692 2654 2749 cta
2683 2688 2854 2764 lege,
2906 2688 2982 2748 Si
3004 2706 3249 2764 merceS,
3295 2688 3351 2766 ἓ.
3403 2687 3497 2747 Vis
3524 2689 3735 2769 major.
3778 2694 3958 2752 Hanc
4004 2700 4086 2754 ta-

2554 2800 2696 2840 men
2743 2779 3100 2858 opinionem
3139 2782 3361 2842 merito
3393 2782 3691 2859 reprobat
3716 2783 3952 2844 Molina
3983 2805 4078 2846 nu.

2556 2891 2625 2934 n.
2660 2891 2801 2933 cum
2830 2873 3272 2933 Panormitano
3298 2919 3313 2949 ,
3343 2875 3683 2935 Covarruv.
3719 2879 3781 2937 et
3809 2878 3949 2937 aliis
3982 2899 3995 2938 :
4029 2887 4086 2940 et

2558 2965 2785 3026 omisso
2815 2964 2950 3044 ejus
2968 2970 3360 3043 argumento,
3383 2966 3558 3044 rejici
3587 2973 3793 3045 potest
3820 2987 3895 3029 ex
3926 2971 4084 3033 dicta

2555 3057 2715 3136 lege,
2766 3057 2873 3116 Es:
2901 3055 3200 3134 conducto,
3232 3058 3287 3136 §-
3339 3056 3531 3119 Sivis,
3568 3062 3630 3120 ff.
3681 3060 3878 3138 locati,
3913 3063 4084 3143 cujus

2554 3149 2748 3211 verba
2774 3149 2909 3211 haec
2955 3156 3100 3212 sunt
3145 3169 3158 3210 :
3229 3171 3257 3207 «
3287 3151 3411 3212 Sed
3442 3152 3557 3213 etsi
3587 3152 3759 3215 labes
3790 3155 3956 3218 facta
3984 3157 4078 3234 sit,

2557 3261 2932 3321 omnemque
2961 3242 3232 3303 fructum
3259 3243 3506 3321 tulerit,
3554 3245 3857 3307 damnum
3885 3249 4082 3310 coloni

2557 3353 2680 3395 non
2712 3354 2877 3411 esse,
2913 3339 2982 3396 ut
3007 3353 3195 3413 supra
3224 3335 3526 3397 damnum
3556 3339 3813 3401 seminis
3852 3343 4079 3417 amissi,

2555 3427 2877 3488 mercedes
2908 3428 3042 3505 agri
3073 3433 3368 3505 praestare
3398 3435 3679 3509 cogatur.
3731 3456 3760 3489 υ
3839 3435 3955 3496 Ubi
3997 3435 4086 3495 vi-

2557 3520 2701 3595 deS,
2752 3520 3020 3598 supponi
3067 3521 3267 3581 nullos
3296 3521 3532 3584 fructus
3561 3525 3889 3602 collectos»,
3938 3528 4082 3588 alio·

2557 3613 2707 3692 quin
2737 3631 2859 3673 non
2890 3614 3123 3674 faceret
3143 3614 3458 3691 jacturam
3486 3617 3744 3678 seminis
3766 3666 3782 3695 ,
3826 3637 3963 3699 quae
3999 3621 4084 3681 fa·

2558 3712 2658 3767 cta
2684 3704 3056 3783 supponitur
3087 3722 3102 3768 :
3135 3706 3473 3784 requiritur
3501 3727 3650 3788 ergo
3680 3711 3761 3770 ad
3782 3713 4083 3790 ejusmodi

2558 3797 2984 3861 omnimodam
3016 3798 3453 3859 liberationem
3482 3819 3520 3860 a
3547 3804 3848 3880 pensione
3867 3851 3882 3882 ,
3917 3807 4083 3884 quod

2558 3891 2707 3952 nulli
2738 3891 2989 3950 omnino
3015 3890 3251 3952 fructus
3279 3893 3724 3971 percipiantur.

2637 3983 2969 4044 Dubitatur
2999 3984 3297 4060 secund0,
3349 3985 3499 4063 quid
3547 3986 3928 4068 intelligatur
3970 4010 4084 4052 no-

4212 4002 4222 4049 l

2556 4077 2723 4136 mine
2746 4094 2991 4153 magnas
3013 4079 3075 4178 ct
3102 4076 3392 4137 notabilis
3412 4078 3776 4156 sterilitatis„
3799 4083 3877 4142 ob
3897 4103 4082 4163 quarn
4130 4126 4219 4178 0⁸2

2559 4168 2964 4229 diminuenda
2992 4174 3070 4228 s1t
3091 4169 3304 4245 pensio
3335 4171 3541 4248 quoad
3575 4176 3857 4250 partem?
3880 4177 4086 4257 Aliqui
4152 4192 4222 4276 ’ξ

2558 4261 2795 4334 dicunt,
2829 4260 3121 4319 standum
3143 4279 3276 4320 esse
3311 4265 3628 4323 communi
3658 4267 3829 4345 vulgi
3857 4270 4089 4347 opinio·

2558 4354 2643 4417 ni.
2676 4352 2794 4414 Alii
2825 4352 3070 4428 dicunt,
3117 4357 3264 4414 tunc
3295 4372 3427 4414 esse
3458 4357 3709 4435 quando
3740 4378 3866 4421 non
3890 4363 4087 4439 perei-

2557 4447 2722 4526 pitur
2750 4444 3009 4504 dimidia
3035 4462 3180 4523 pars
3209 4445 3556 4520 fructuum,
3609 4451 3720 4528 qui
3749 4455 4091 4515 communi-

2556 4544 2651 4601 ter
2697 4556 2771 4597 ex
2831 4554 2905 4597 eo
2964 4536 3158 4597 fundo
3217 4538 3453 4618 percipi
3504 4542 3729 4605 solent.
3788 4549 4089 4607 Auctores

2560 4630 2881 4709 utriusque
2929 4629 3251 4690 sententiae
3282 4631 3473 4694 refert
3499 4634 3646 4696 Mol.
3684 4655 3857 4699 num.
3889 4642 3941 4699 2.
3974 4641 4091 4718 qui

2558 4723 2722 4783 hanc
2750 4721 3122 4782 sententiam
3151 4741 3276 4783 non
3307 4726 3625 4803 reprobat.
3684 4729 3807 4791 Alii
3848 4731 4085 4808 dicunt,

2559 4814 2852 4893 intelligi,
2904 4813 3147 4892 quoties
3187 4816 3371 4876 tertia
3399 4835 3545 4895 pars
3585 4821 3929 4898 fructuum,
3976 4825 4093 4903 qui

2559 4905 2974 4968 communiter
3000 4905 3203 4985 colligi
3235 4908 3454 4984 solent,
3489 4909 3723 4990 deficit,
3759 4914 3842 4975 ita
3861 4917 4091 4976 Panor-

2558 5000 2692 5061 mit.
2741 5003 2802 5059 et
2839 5000 3188 5076 NavarruS,
3237 5018 3394 5079 quos
3422 5003 3617 5065 refert
3662 5006 3830 5066 idem
3856 5008 4093 5069 Molina

2557 5091 2675 5168 ibi,
2710 5091 2815 5169 qui
2858 5109 2997 5149 eam
3043 5092 3415 5153 sententiam
3462 5097 3762 5174 reprobat
3802 5117 3933 5159 cum
3964 5102 4095 5161 Co-

2560 5182 2873 5258 varruvia,
2892 5188 2955 5244 et
2971 5183 3128 5260 aliis,
3152 5203 3224 5246 eo
3252 5186 3420 5264 quod
3450 5190 3636 5250 tertia
3664 5209 3806 5269 pars
3832 5209 4096 5253 censea-

2560 5282 2663 5337 tur
2702 5274 3021 5335 modicum
3078 5275 3378 5338 damnum
3424 5281 3840 5344 conductoris.
3896 5285 4095 5343 Eam-

2558 5369 2702 5429 dem
2731 5374 2939 5429 tamen
2961 5371 3333 5432 sententiam
3362 5390 3503 5432 cum
3526 5374 3804 5450 Armilla,
3825 5378 4090 5439 etJoan.

2559 5462 2636 5522 de
2666 5462 2725 5521 la
2753 5463 2908 5522 Cruz
2938 5465 3107 5523 tenet
3134 5463 3333 5526 Diana
3361 5465 3528 5527 dicta
3558 5468 3741 5529 resol.
3777 5473 3865 5529 17.
3920 5470 4089 5529 Mihi
