4263 6376
511 702 622 760 113

408 828 472 869 An
482 826 706 881 possitne·

406 881 544 922 rodem
577 879 702 922 insti-

446 939 561 996 tuere
584 932 673 996 'sub

423 1039 690 1092 legitimatio-

421 1094 486 1136 nis
510 1094 671 1137 lutura.

506 5368 620 5426 114

750 347 830 407 90

753 521 862 582 sed
912 522 1076 601 quod
1126 522 1335 584 omnia
1382 522 1620 583 sincere
1662 523 1848 598 fiant,
1902 523 2062 583 sicut
2104 524 2284 583 fieret

753 634 894 676 cum
926 619 1242 676 extraneO.

833 710 1079 769 Nonum
1110 708 1371 769 dubium
1402 711 1515 785 est,
1550 727 1632 769 an
1662 708 1857 787 possit
1885 713 2062 787 pater
2082 708 2282 769 filium

752 799 1031 880 spurium
1060 800 1374 862 haeredem
1404 801 1725 862 instituere
1753 802 1869 862 suh
1900 800 2276 877 conditione,

751 894 803 953 si
832 911 866 952 a
895 893 1174 971 principe
1204 893 1629 972 legitimetur?
1658 897 1857 974 Negat
1876 895 2182 956 Antonius
2203 894 2280 954 de

624 999 676 1028 ¹¹⁶
749 986 1052 1058 Martinis‚
1086 1005 1272 1064 quem
1304 989 1484 1047 affert
1505 1033 1519 1060 ,
1565 991 1628 1048 et
1656 988 2003 1065 approbare
2034 988 2281 1046 videtur

749 1079 947 1139 Diana
963 1084 1112 1140 tom.
1135 1081 1236 1141 IV.
1265 1083 1440 1141 tract.
1468 1097 1561 1141 111.
1581 1079 1650 1140 de
1676 1080 1899 1141 casibus
1927 1079 2283 1141 occurrenti-

748 1170 851 1231 bus
878 1180 1131 1252 tempore
1156 1172 1391 1249 mortib,
1445 1174 1699 1234 resolut.
1736 1177 1869 1236 121.
1903 1174 1966 1233 in
2007 1174 2131 1232 fine
2154 1219 2170 1248 ,
2218 1175 2281 1233 et

747 1265 1000 1342 probari
1029 1271 1239 1343 posset
1266 1286 1338 1325 ex
1367 1267 1410 1327 l.
1446 1266 1523 1326 Si
1546 1266 1820 1340 alienum,
1854 1271 1951 1340 49,
1987 1267 2044 1343 ἓ.
2078 1265 2146 1325 ln
2175 1284 2280 1326 ex-

747 1357 984 1433 traneis,
1020 1359 1081 1419 ff.
1114 1357 1184 1418 de
1208 1356 1528 1420 haeredibus
1557 1359 1736 1420 instit.
1773 1360 1878 1419 ubi
1921 1358 1984 1418 in
2030 1358 2277 1419 iustitu-

745 1449 916 1511 tione
964 1449 1151 1510 etiam
1201 1451 1626 1512 conditionata
1674 1451 1903 1512 dicitur
1947 1451 2277 1530 inspicien-

746 1541 899 1602 dum
933 1545 1181 1621 tempus
1222 1543 1478 1621 mortiS,
1531 1544 1922 1621 testamenti,
1975 1550 2036 1606 et
2089 1543 2274 1606 aditae

746 1631 1161 1710 haereditatis,
1209 1653 1288 1694 an
1332 1639 1478 1697 tunc
1508 1636 1710 1698 haeres
1758 1637 1838 1698 sit
1866 1655 2084 1716 capax.
2119 1640 2274 1699 Con-

745 1743 886 1787 cors
913 1730 1122 1787 tamen
1151 1728 1458 1790 sententia
1487 1729 1766 1790 omnium
1797 1776 1812 1805 ,
1866 1734 2094 1808 praeter
2134 1731 2278 1791 Bal-

745 1817 927 1894 dum,
960 1823 1090 1895 est,
1124 1822 1293 1899 quod
1322 1822 1622 1883 institutio
1652 1823 1757 1883 illa
1785 1823 1989 1904 valida
2020 1828 2082 1885 et
2108 1824 2279 1886 licita

745 1911 858 1987 sit,
893 1916 954 1974 et
998 1913 1200 1991 posita
1230 1915 1585 1976 conditione
1634 1916 1924 1977 effectum
1955 1916 2270 1980 sortiatur.

745 2006 838 2065 lta
865 2006 1076 2066 multis
1105 2006 1391 2068 adductis
1422 2008 1651 2069 Molina
1681 2008 1840 2088 disp.
1878 2025 2074 2070 cmix.
2107 2010 2172 2069 in
2202 2010 2278 2070 fi-

745 2115 844 2173 ne,
879 2099 1287 2159 Covarruvias
1320 2146 1335 2175 ,
1387 2105 1450 2161 et
1478 2101 1785 2162 Antonius
1815 2103 2042 2162 Gomez
2069 2149 2084 2178 ,
2120 2122 2277 2181 quos

745 2190 927 2251 affert
953 2194 1016 2251 et
1042 2192 1324 2270 sequitur
1353 2195 1636 2273 vasquez
1664 2194 1830 2256 dicto
1859 2196 1915 2274 §-
1954 2197 2084 2256 VII.
2120 2196 2269 2257 dub.

746 2298 833 2343 vl.
869 2283 1061 2345 etalii
1090 2302 1348 2363 omneS,
1384 2305 1540 2366 quos
1568 2286 1691 2348 late
1733 2292 2051 2367 congerit,
2086 2294 2149 2350 et
2179 2308 2279 2350 se-

746 2374 959 2454 quitur
1005 2377 1288 2438 Sanchez
1332 2379 1499 2440 dicto
1545 2399 1682 2459 cap.
1716 2383 1814 2442 111.
1855 2381 2003 2442 dub.
2050 2398 2272 2444 xxvm.

743 2471 807 2528 et
833 2467 1100 2530 habetur
1135 2489 1423 2548 expresse
1453 2491 1528 2533 ex
1555 2472 1596 2533 1.
1643 2473 1716 2534 In
1746 2481 1988 2554 tempu-5,
2022 2492 2168 2538 an.
2211 2478 2270 2539 [Γ.

741 2558 810 2620 de
834 2559 1107 2623 lzoeredib.
1140 2562 1321 2624 instit.
1358 2563 1536 2644 cujus
1567 2565 1701 2627 haec
1729 2571 1874 2629 sunt
1901 2568 2093 2630 verba
2119 2589 2133 2631 :
2161 2570 2275 2645 «ln

739 2655 989 2732 tempus
1015 2655 1339 2732 capiendas
1377 2657 1755 2720 haereditatis
1797 2659 2034 2722 institui
2083 2662 2276 2723 haere-

740 2745 885 2806 dem
914 2764 1097 2826 posse
1120 2794 1135 2823 ,
1179 2748 1632 2812 benevolentias
1661 2757 1756 2814 est
1785 2772 1799 2813 :
1837 2754 2021 2815 veluti
2049 2756 2276 2816 Lucius

740 2839 959 2914 Titius,
1008 2859 1151 2902 cum
1199 2860 1424 2921 capere
1471 2846 1781 2921 potuerit,
1841 2846 2042 2907 haeres
2091 2852 2270 2910 esto:

738 2931 909 2992 idem
938 2937 1000 2995 et
1034 2933 1096 2992 in
1125 2934 1354 3013 legato.
1389 2957 1416 2992 »
1458 2938 1584 2997 Nec
1614 2937 1821 3000 obstat
1849 2939 2017 3001 dicta
2044 2940 2166 3018 lex,
2201 2941 2280 3003 Si

739 3024 1023 3099 alienum,
1058 3027 1208 3105 quia
1251 3027 1335 3087 ibi
1381 3047 1584 3090 sermo
1625 3034 1718 3091 est
1762 3031 1839 3092 de
1888 3032 2274 3095 institutione

738 3136 919 3197 pura,
953 3119 1051 3179 vel
1081 3120 1508 3183 conditionata
1553 3123 1669 3183 sub
1719 3123 1841 3184 alia
1886 3125 2268 3204 conditione,

738 3230 864 3272 non
885 3212 1001 3274 suh
1030 3213 1384 3277 conditione
1428 3217 1791 3294 capacitatis
1810 3264 1826 3294 ,
1878 3224 2063 3297 prout
2089 3222 2274 3282 estin

738 3323 885 3366 casu
898 3312 1130 3369 nostro·
1154 3307 1331 3370 Ratio
1348 3314 1560 3370 autem
1580 3310 1946 3374 differentias
1964 3316 2076 3388 est,
2103 3314 2274 3393 quod

736 3400 974 3477 quaevis
1004 3400 1125 3460 alia
1152 3401 1423 3462 conditio
1453 3403 1504 3462 si
1533 3408 1821 3482 ponatur,
1842 3405 2273 3468 redditactum

737 3491 1133 3567 absolutum;
1168 3510 1360 3573 quare
1392 3495 1440 3555 si
1484 3515 1606 3557 non
1653 3496 1891 3559 invenit
1918 3498 2273 3578 subjectum

736 3588 885 3647 tunc
913 3604 1111 3664 capax
1136 3633 1150 3662 ,
1183 3587 1467 3649 manebit
1492 3593 1669 3650 actus
1696 3589 2029 3651 invalidus.
2067 3593 2272 3664 Quan-

738 3677 817 3738 do
850 3697 997 3738 vero
1029 3679 1365 3757 apponitur
1395 3680 1528 3760 ipsa
1557 3682 1872 3760 capacitas
1918 3702 2030 3761 pro
2060 3684 2271 3744 condi-

735 3768 936 3847 tione,
985 3789 1059 3832 eo
1112 3772 1263 3850 ipso·
1291 3772 1693 3852 suspenditur
1745 3779 1920 3837 actus
1965 3795 2161 3856 usque
2192 3777 2273 3837 ad

734 3867 982 3943 tempus
1011 3864 1232 3943 positae
1263 3866 1629 3943 capacitatis
1656 3914 1669 3942 ,
1704 3887 1827 3946 quo
1870 3868 2124 3948 incipiet
2154 3870 2272 3948 pri-

735 3974 908 4016 mum
938 3975 1073 4017 esse
1103 3958 1447 4034 absolutuS,
1482 3964 1543 4020 et
1570 3963 1720 4021 tunc
1747 3979 1872 4021 non
1905 3968 1998 4024 est
2026 3962 2274 4041 pericu-

733 4048 866 4109 lum
913 4048 1343 4112 invaliditatis.
1377 4052 1666 4113 Advertit
1707 4056 1917 4113 autem
1945 4054 2106 4116 bene
2136 4056 2270 4115 Mo-

734 4140 883 4219 lina,
917 4142 1147 4202 debere
1176 4143 1301 4222 peti
1332 4144 1873 4222 legitimationem,
1914 4165 2108 4225 quam
2138 4148 2269 4226 pri-

736 4254 909 4296 mum
934 4236 1209 4312 licuerit,
1261 4240 1323 4297 et
1364 4237 1557 4297 semel
1613 4244 1841 4316 negata
1898 4258 2271 4300 evanescere

735 4328 1210 4405 institutionem,
1245 4348 1360 4390 nec
1389 4330 1703 4409 cogendos
1735 4350 1868 4392 esse
1889 4332 2172 4393 haeredes
2192 4332 2273 4393 ab

738 4422 1029 4484 intestato
1055 4468 1070 4498 ,
1105 4423 1202 4483 vel
1251 4424 1563 4502 legitimos
1605 4430 1933 4503 expectare
1963 4444 2162 4504 usque
2191 4424 2272 4486 ad

738 4521 1004 4576 mortem
1033 4515 1250 4594 spurii.
1284 4521 1382 4577 An
1411 4536 1559 4576 vero
1590 4517 1840 4579 interim
1879 4519 2076 4596 possit
2100 4522 2276 4596 pete-

738 4628 806 4671 re
835 4609 1084 4689 spurius
1113 4610 1278 4670 bona
1306 4609 1448 4685 illa,
1500 4628 1624 4670 non
1667 4615 1736 4671 ut
1779 4611 2014 4687 haereS,
2066 4611 2175 4671 sed
2208 4613 2276 4670 ut

740 4708 990 4764 curator
1020 4701 1099 4762 ad
1129 4721 1203 4763 ea
1241 4702 1739 4765 administranda
1774 4721 1786 4761 ε
1820 4705 2093 4765 affirmat
2121 4705 2274 4764 San-

739 4796 891 4857 chez
918 4814 1064 4855 cum
1096 4795 1233 4856 aliis
1264 4795 1414 4856 dub.
1457 4812 1626 4857 xxlx.
1681 4800 1926 4873 Negant
1955 4796 2081 4872 alii,
2118 4814 2276 4873 quos

739 4888 824 4951 ibi
882 4889 1065 4949 affeit
1118 4893 1181 4949 et
1235 4907 1391 4968 quos
1444 4890 1727 4967 sequitur
1780 4890 2064 4967 vasquez
2109 4887 2274 4947 dicto

739 4981 891 5043 dub.
927 4998 1012 5043 vx.
1040 4981 1163 5043 Sed
1192 4982 1452 5060 quaestio
1484 4981 1832 5042 communis
1850 4985 1944 5042 est
1971 4982 2049 5040 de
2079 4980 2275 5041 omni-

738 5075 856 5137 bus
885 5073 1239 5136 hoeredibus
1285 5073 1402 5134 sub
1441 5073 1795 5135 conditione
1843 5073 2162 5148 institutiS,
2196 5090 2277 5131 an

740 5167 1051 5247 pendente
1080 5167 1457 5243 conditione,
1492 5166 1751 5245 possint,
1776 5165 1873 5226 vel
1892 5166 2165 5226 debeant
2189 5163 2277 5225 eis

747 5261 886 5321 dari
907 5260 1076 5321 bona
1105 5259 1617 5321 administranda.

828 5354 1152 5415 Decimum
1181 5353 1442 5413 dubium
1471 5356 1596 5428 est,
1631 5369 1710 5411 an
1740 5350 1937 5430 possit
1962 5353 2143 5428 pater
2169 5348 2278 5410 do·

751 5466 900 5509 nare
931 5445 1168 5525 aliquid
1197 5444 1409 5524 spurio
1435 5491 1451 5520 ,
1485 5443 1820 5505 donatione
1868 5461 1991 5503 non
2023 5441 2275 5503 omnino

748 5540 1021 5625 gratuita
1042 5584 1058 5617 ‚
1091 5538 1200 5600 sed
1240 5536 1756 5602 remuneratoria.
1789 5535 2160 5620 Respondeo
2189 5534 2283 5599 af·-

1916 346 2018 407 DE
2060 346 2417 408 JUSTITIA
2459 346 2561 408 ET
2602 346 2802 409 June:

2382 522 2691 583 firmative
2722 540 2865 583 cum
2895 523 3208 583 communi
3242 523 3567 584 doctorum
3587 571 3602 602 ,
3638 545 3794 606 quos
3822 527 3918 588 af-

2381 614 2522 690 fert,
2552 620 2615 675 et
2639 616 2920 695 sequitur
2961 616 3248 677 Sancheb
3292 616 3440 677 dub.
3475 634 3732 680 xxxvul.
3768 620 3918 699 quia

2384 707 2637 769 donatio
2676 709 3174 771 remuneratoria
3220 729 3344 771 non
3383 709 3750 790 intelligitur
3778 731 3918 791 pro-

2384 799 2583 861 hibita
2609 800 2708 860 cui
2738 801 3103 879 prohibetur
3149 802 3509 881 simpliciter
3538 804 3806 876 donare,
3848 809 3920 866 ut

2383 897 2627 954 constat
2654 913 2727 954 ex
2757 894 2937 954 dictis
2965 894 3384 974 disputatione
3414 897 3815 975 praecedenti,
3838 898 3916 958 de

2383 985 2845 1047 donationibus
2899 988 3098 1049 Debet
3126 993 3334 1048 tamen
3382 988 3459 1049 de
3499 990 3737 1051 meritis
3767 1009 3920 1052 con-

2381 1082 2544 1140 stare
2568 1125 2583 1154 ,
2658 1083 2720 1140 et
2783 1079 2860 1139 de
2929 1081 3286 1160 aequalitate
3352 1086 3414 1143 et
3478 1082 3908 1160 condignitate

2380 1171 2460 1231 ad
2490 1176 2730 1233 tantam
2759 1171 3185 1250 donationem,
3220 1178 3281 1234 et
3311 1174 3542 1234 debent
3572 1174 3760 1236 etiam
3790 1195 3918 1235 me-

2376 1264 2498 1324 rita
2550 1283 2675 1324 non
2728 1264 2917 1326 fuisse
2974 1263 3186 1326 debita
3230 1285 3263 1325 a
3327 1266 3453 1326 filio
3517 1285 3588 1325 ex
3649 1268 3916 1328 necessi-

2374 1358 2524 1433 tate,
2575 1357 2673 1417 vel
2719 1358 2856 1435 lege
2883 1404 2898 1434 ,
2934 1361 3001 1419 ut
3030 1362 3205 1419 notat
3231 1359 3419 1420 etiam
3451 1359 3730 1420 Sanchez
3771 1379 3915 1421 cum

2376 1448 2532 1512 aliis.

2457 1542 2871 1603 Undecimum
2902 1543 3162 1604 dubium
3194 1546 3322 1619 est,
3373 1562 3452 1603 an
3496 1544 3743 1623 spurius
3771 1564 3913 1624 pro-

2376 1632 2664 1695 hibeatur
2718 1637 2909 1696 etiam
2970 1636 3257 1716 accipere
3311 1637 3391 1697 ab
3448 1655 3564 1698 avo
3620 1642 3903 1715 paterne,

2375 1745 2609 1805 proavo
2632 1774 2647 1804 ,
2684 1732 2749 1789 et
2777 1729 2913 1788 aliis
2941 1730 3104 1790 sicut
3132 1747 3167 1788 a
3197 1729 3420 1809 patre?
3448 1732 3660 1791 Potest
3697 1736 3908 1791 autem

2373 1820 2797 1899 multipliciter
2826 1821 2946 1882 hoc
2975 1822 3340 1900 contingere
3369 1843 3384 1895 ς
3419 1823 3653 1901 primO,
3686 1823 3739 1884 si
3768 1843 3910 1903 spu·
3986 1849 4042 1879 on

2372 1911 2502 1973 rius
2532 1913 2610 1973 sit
2637 1914 2887 1992 genitus
2916 1933 2991 1974 ex
3033 1915 3162 1975 filio
3214 1915 3495 1993 legitimo
3545 1917 3749 1994 Petri,
3784 1936 3907 1997 quo

2376 2024 2524 2065 casu
2556 2025 2678 2066 non
2704 2007 2955 2068 videtur
2983 2008 3265 2084 dubium,
3299 2009 3610 2088 loquendo
3648 2009 3725 2069 de
3763 2009 3910 2088 jure

2376 2101 2728 2175 communi,
2764 2101 2932 2179 quod
2962 2103 3181 2161 Petrus
3208 2102 3405 2179 possit
3431 2101 3604 2161 illum
3628 2102 3914 2164 institue-

2373 2209 2463 2267 re,
2498 2210 2640 2252 cum
2670 2192 2838 2271 leges
2867 2194 3067 2255 solum
3096 2193 3510 2272 prohibeant,
3548 2213 3624 2255 ne
3661 2196 3912 2274 spurius

2377 2303 2414 2344 a
2441 2290 2617 2364 patre
2645 2284 3028 2362 instituatur,
3064 2288 3161 2347 vel
3190 2287 3496 2366 accipiat,
3532 2307 3649 2348 nec
3678 2288 3914 2351 debent

2376 2377 2623 2438 extendi
2674 2377 2755 2438 ad
2805 2397 3016 2455 avum,
3080 2384 3151 2440 ut
3199 2379 3336 2441 aliis
3390 2380 3676 2443 adductis
3730 2381 3914 2443 docet

2378 2469 2658 2531 Sanchez
2688 2471 2852 2532 dicto
2884 2490 3022 2550 cap.
3057 2473 3161 2534 111.
3198 2472 3346 2534 dub.
3380 2490 3544 2535 xus.
3582 2476 3791 2552 Potest
3816 2494 3911 2535 se-

2375 2563 2580 2624 cundo
2628 2565 2876 2641 spurius
2921 2583 3053 2625 esse
3096 2565 3262 2626 filius
3308 2566 3604 2642 Joannis,
3656 2566 3761 2646 qui
3812 2571 3911 2629 est

2373 2658 2621 2734 spurius
2650 2657 2809 2717 filius
2838 2658 3025 2718 Petri.
3058 2658 3265 2719 Tertio
3298 2663 3503 2737 potest
3533 2677 3691 2732 esse,
3732 2660 3905 2740 quod

2374 2767 2407 2809 e
2437 2752 2655 2809 contra
2683 2768 2835 2809 avus
2863 2750 3149 2811 instituat
3175 2751 3371 2811 filium
3396 2750 3769 2830 legitimum,
3801 2753 3906 2813 vel

2370 2841 2716 2902 naturalem
2746 2842 2840 2901 sui
2881 2842 2991 2902 filii
3013 2843 3228 2920 spurii.
3263 2843 3469 2922 Aliqui
3503 2862 3652 2923 ergo
3680 2845 3907 2905 dicunt

2373 2952 2560 2994 avum
2607 2952 2731 2995 non
2778 2953 2961 3013 posse
3000 2935 3325 2997 instituere
3366 2936 3564 2996 filium
3621 2937 3909 3015 spui-ium

2371 3026 2466 3087 sui
2495 3025 2605 3086 filii
2642 3026 2857 3104 spurii.
2912 3029 3004 3088 lta
3052 3029 3463 3090 Covarruvias
3515 3029 3681 3107 apud
3715 3032 3903 3109 Vasq.

2373 3119 2538 3179 dicto
2566 3119 2622 3197 ἓ.
2655 3120 2787 3183 v11.
2820 3119 2968 3180 dub.
3007 3137 3118 3182 vn.
3153 3139 3262 3181 nu.
3298 3124 3433 3182 123.
3468 3123 3705 3182 Rursus
3736 3122 3908 3182 idem

2372 3212 2780 3274 Covarruvias
2810 3212 2979 3288 dicit,
3002 3220 3292 3293 nepotem
3312 3215 3662 3293 legitimum
3693 3221 3909 3276 natum

2372 3325 2446 3366 ex
2473 3305 2598 3366 filio
2630 3306 2838 3385 spurio
2888 3306 3237 3368 incestuoso
3287 3326 3414 3369 non
3458 3326 3643 3386 posse
3672 3308 3752 3368 ab
3784 3327 3905 3370 avo

2369 3398 2627 3459 institui.
2676 3398 2794 3459 Alii
2838 3398 3086 3475 dicunt,
3142 3405 3433 3479 nepotem
3477 3400 3667 3461 etiam
3709 3401 3907 3481 legiti-

2369 3509 2543 3551 mum
2573 3495 2789 3552 natum
2821 3510 2896 3551 ex
2939 3496 3117 3570 patre
3143 3537 3159 3558 .
3203 3492 3310 3571 qui
3347 3492 3426 3554 sit
3471 3492 3634 3554 filius
3670 3493 3904 3567 clerici,

2369 3603 2497 3645 non
2527 3602 2709 3663 posse
2740 3584 2819 3644 ab
2851 3604 2969 3644 avo
3003 3584 3229 3645 clerico
3280 3584 3557 3660 institui,
3610 3585 3759 3665 quia
3801 3586 3904 3646 ille

2370 3677 2559 3737 etiam
2588 3694 2781 3755 nepos
2810 3682 3099 3738 censetur
3123 3680 3308 3737 natus
3339 3695 3412 3736 ex
3441 3678 3566 3738 filio
3597 3677 3906 3738 incestuo-

2369 3790 2474 3843 so;
2523 3770 2691 3849 quod
2738 3773 2948 3831 tamen
2994 3772 3277 3849 vasquez
3341 3788 3483 3830 cum
3526 3770 3907 3831 Covarruvia

2368 3863 2694 3943 reprobat,
2747 3862 2892 3941 quia
2946 3863 3107 3923 filius
3153 3862 3362 3923 clerici
3428 3882 3552 3923 non
3602 3867 3694 3923 est
3736 3863 3908 3923 ince-

2370 3961 2638 4018 stuosuS.

2452 4048 2795 4109 Dicendum
2827 4052 2922 4109 est
2950 4049 3172 4127 prim0,
3206 4048 3488 4128 spurium
3519 4067 3700 4128 posse
3729 4049 3904 4109 insti-

2370 4141 2456 4203 tui
2491 4142 2570 4201 ab
2600 4160 2738 4217 avc,
2771 4140 2917 4202 licet
2943 4142 3023 4202 sit
3043 4146 3224 4202 natus
3246 4162 3320 4202 ex
3344 4142 3470 4203 filio
3500 4141 3712 4220 spurio
3743 4140 3901 4220 ejus·

2373 4235 2516 4296 dem
2545 4234 2671 4310 avi,
2705 4234 2853 4314 quia
2881 4234 2981 4294 ille
3012 4234 3116 4313 qui
3147 4234 3490 4296 instituitur
3511 4283 3526 4310 ,
3561 4252 3685 4294 non
3714 4239 3807 4294 est
3833 4233 3902 4293 fi-

2370 4329 2490 4389 lius
2518 4327 2767 4406 spurius
2810 4328 3125 4389 testatoris
3151 4376 3165 4401 ‚
3210 4328 3321 4387 sed
3362 4346 3578 4405 nepos.
3632 4329 3723 4388 lta
3752 4329 3904 4387 Vas-

2375 4440 2531 4501 quez
2560 4420 2668 4498 ibi,
2707 4424 2771 4482 et
2798 4420 3081 4482 Sanchez
3112 4420 3302 4479 dubio
3331 4437 3469 4481 va.
3506 4424 3569 4480 et
3595 4439 3635 4480 a
3663 4419 3904 4480 fortiori

2373 4513 2602 4594 poterit
2628 4513 2863 4574 institui
2911 4512 2990 4573 ab
3032 4531 3149 4573 avo
3198 4513 3360 4573 filius
3408 4512 3758 4591 legit-imus,
3805 4511 3902 4571 vel

2374 4606 2675 4669 naturalis
2702 4605 2810 4665 filii
2841 4605 3072 4685 spurii,
3125 4609 3188 4666 et
3217 4623 3253 4664 a
3297 4605 3535 4665 fortiori
3573 4604 3801 4683 poterit
3828 4605 3906 4664 ab

2375 4700 2509 4760 aliis
2538 4698 3018 4775 consanguineis
3059 4696 3339 4776 paternis
3364 4743 3379 4771 ,
3430 4702 3490 4756 et
3536 4715 3572 4756 a
3613 4696 3909 4757 fratribus

2377 4791 2659 4869 accipere
2688 4791 2785 4850 vel
2814 4790 3071 4850 institui.
3108 4788 3395 4851 Secundo
3418 4787 3644 4867 poterit
3672 4786 3906 4849 institui

2378 4885 2455 4944 ab
2511 4901 2628 4944 avo
2682 4882 2868 4942 etiam
2920 4882 3144 4943 clerico
3209 4899 3403 4960 nepos
3464 4880 3778 4959 legitimus
3833 4900 3909 4941 ex

2377 4994 2488 5036 suo
2515 4975 2642 5036 filio
2673 4974 2882 5054 spurio
2904 5021 2920 5051 ,
2955 4975 3101 5054 quia
3130 4975 3231 5034 illc
3263 4993 3456 5054 nepos
3487 4992 3611 5034 non
3642 4979 3736 5036 est
3762 4994 3910 5054 spu-

2374 5088 2524 5130 rius.

2454 5160 2797 5240 Loquendo
2849 5159 2925 5221 de
2973 5162 3196 5238 nepote
3250 5163 3394 5221 nato
3454 5179 3528 5220 ex
3574 5160 3700 5221 filio
3747 5158 3909 5220 ince-

2377 5260 2621 5330 stuoso,
2656 5253 2848 5332 aliqui
2878 5252 3129 5325 dicunt,
3164 5251 3400 5313 institui
3445 5271 3624 5330 posse
3655 5252 3734 5312 ab
3766 5270 3905 5327 av0,

2375 5366 2532 5428 quos
2557 5347 2750 5408 refert
2777 5345 3055 5407 Sanchez
3085 5344 3235 5405 dub.
3269 5360 3431 5405 XLVI.
3467 5364 3527 5405 n.
3562 5347 3620 5404 1.
3656 5348 3718 5405 et
3743 5343 3910 5404 idem

2376 5444 2550 5503 tenet
2578 5442 2861 5519 vasquez
2908 5438 3072 5499 dicto
3121 5437 3272 5498 dub.
3314 5453 3418 5498 vu.
3453 5456 3557 5497 nu.
3593 5439 3729 5497 123.
3766 5436 3911 5516 quia

2379 5537 2513 5599 tota
2539 5531 2920 5614 incapacitas
2947 5535 3041 5591 est
3082 5534 3337 5611 propter
3364 5529 3555 5611 patris
3587 5528 3907 5609 delictum,

3964 540 4032 582 Αιι
4050 538 4175 582 dare
4212 551 4234 580 a

4021 594 4064 636 id
4088 593 4139 636 ei
4157 592 4234 633 dei

3965 652 4089 689 none
4136 658 4234 687 rem

4006 700 4234 743 nerana-ia

4074 4059 4196 4117 11ss
