<?xml version="1.0" encoding="UTF-8"?>
<!DOCTYPE html PUBLIC "-//W3C//DTD XHTML 1.0 Transitional//EN"
    "http://www.w3.org/TR/xhtml1/DTD/xhtml1-transitional.dtd">
<html xmlns="http://www.w3.org/1999/xhtml" xml:lang="en" lang="en">
 <head>
  <title>
</title>
<meta http-equiv="Content-Type" content="text/html;charset=utf-8" />
  <meta name='ocr-system' content='tesseract 3.04.00' />
  <meta name='ocr-capabilities' content='ocr_page ocr_carea ocr_par ocr_line ocrx_word'/>
</head>
<body>
  <div class='ocr_page' id='page_1' title='image "./joannisdelugodi00lugogoog_0699.png"; bbox 0 0 4263 6376; ppageno 0'>
   <div class='ocr_carea' id='block_1_1' title="bbox 113 2207 188 2266">
    <p class='ocr_par' dir='ltr' id='par_1_1' title="bbox 113 2207 188 2266">
     <span class='ocr_line' id='line_1_1' title="bbox 113 2207 188 2266; baseline -0.013 0"><span class='ocrx_word' id='word_1_1' title='bbox 113 2207 188 2266; x_wconf 87' lang='grc'><strong>168</strong></span> 
     </span>
    </p>
   </div>
   <div class='ocr_carea' id='block_1_2' title="bbox 90 2346 252 2435">
    <p class='ocr_par' dir='ltr' id='par_1_2' title="bbox 90 2346 252 2435">
     <span class='ocr_line' id='line_1_2' title="bbox 91 2346 252 2397; baseline 0.012 -24"><span class='ocrx_word' id='word_1_2' title='bbox 91 2346 137 2375; x_wconf 64' lang='grc' dir='ltr'><strong>ιιι</strong></span> <span class='ocrx_word' id='word_1_3' title='bbox 158 2348 252 2397; x_wconf 65' lang='lat' dir='ltr'><strong>ceusu</strong></span> 
     </span>
     <span class='ocr_line' id='line_1_3' title="bbox 90 2394 235 2435; baseline 0.021 -6"><span class='ocrx_word' id='word_1_4' title='bbox 90 2394 235 2435; x_wconf 62' lang='lat' dir='ltr'><strong>malive.</strong></span> 
     </span>
    </p>
   </div>
   <div class='ocr_carea' id='block_1_3' title="bbox 1249 357 2483 434">
    <p class='ocr_par' dir='ltr' id='par_1_3' title="bbox 1249 357 2483 434">
     <span class='ocr_line' id='line_1_4' title="bbox 1249 357 2483 434; baseline 0.001 -16"><span class='ocrx_word' id='word_1_5' title='bbox 1249 358 1720 419; x_wconf 69' lang='lat' dir='ltr'>DISPUTATIO</span> <span class='ocrx_word' id='word_1_6' title='bbox 1765 357 2039 434; x_wconf 81' lang='lat' dir='ltr'>XXXVI,</span> <span class='ocrx_word' id='word_1_7' title='bbox 2088 358 2363 420; x_wconf 81' lang='lat' dir='ltr'>SEC&#39;I&#39;IO</span> <span class='ocrx_word' id='word_1_8' title='bbox 2406 359 2483 419; x_wconf 90' lang='lat' dir='ltr'><strong>X.</strong></span> 
     </span>
    </p>
   </div>
   <div class='ocr_carea' id='block_1_4' title="bbox 261 533 1815 5635">
    <p class='ocr_par' dir='ltr' id='par_1_4' title="bbox 290 533 1813 2188">
     <span class='ocr_line' id='line_1_5' title="bbox 299 533 1805 616; baseline -0.001 -21"><span class='ocrx_word' id='word_1_9' title='bbox 299 533 440 595; x_wconf 80' lang='lat' dir='ltr'><strong>lutio</strong></span> <span class='ocrx_word' id='word_1_10' title='bbox 479 533 701 611; x_wconf 86' lang='lat' dir='ltr'><strong>prioris</strong></span> <span class='ocrx_word' id='word_1_11' title='bbox 744 552 817 594; x_wconf 82' lang='lat' dir='ltr'><strong>ex</strong></span> <span class='ocrx_word' id='word_1_12' title='bbox 859 539 1043 612; x_wconf 87' lang='lat' dir='ltr'><strong>pacto</strong></span> <span class='ocrx_word' id='word_1_13' title='bbox 1088 535 1150 595; x_wconf 92' lang='lat' dir='ltr'><strong>in</strong></span> <span class='ocrx_word' id='word_1_14' title='bbox 1180 553 1254 597; x_wconf 92' lang='lat' dir='ltr'><strong>eo</strong></span> <span class='ocrx_word' id='word_1_15' title='bbox 1300 535 1609 616; x_wconf 85' lang='lat' dir='ltr'><strong>apposite.</strong></span> <span class='ocrx_word' id='word_1_16' title='bbox 1643 534 1805 610; x_wconf 86' lang='lat' dir='ltr'>Dixi,</span> 
     </span>
     <span class='ocr_line' id='line_1_6' title="bbox 301 624 1811 710; baseline 0.002 -25"><span class='ocrx_word' id='word_1_17' title='bbox 301 627 351 686; x_wconf 78' lang='lat' dir='ltr'><strong>si</strong></span> <span class='ocrx_word' id='word_1_18' title='bbox 371 624 686 686; x_wconf 79' lang='lat' dir='ltr'><em>redimatur</em></span> <span class='ocrx_word' id='word_1_19' title='bbox 713 645 788 687; x_wconf 74' lang='lat' dir='ltr'><strong>ex</strong></span> <span class='ocrx_word' id='word_1_20' title='bbox 815 627 877 687; x_wconf 80' lang='lat' dir='ltr'><strong>vi</strong></span> <span class='ocrx_word' id='word_1_21' title='bbox 900 628 1055 687; x_wconf 77' lang='lat' dir='ltr'><strong>illius</strong></span> <span class='ocrx_word' id='word_1_22' title='bbox 1074 628 1301 709; x_wconf 79' lang='lat' dir='ltr'><strong>prioris</strong></span> <span class='ocrx_word' id='word_1_23' title='bbox 1320 629 1506 710; x_wconf 77' lang='lat' dir='ltr'><strong>pacti.</strong></span> <span class='ocrx_word' id='word_1_24' title='bbox 1544 628 1607 690; x_wconf 91' lang='lat' dir='ltr'><strong>Si</strong></span> <span class='ocrx_word' id='word_1_25' title='bbox 1641 629 1811 688; x_wconf 88' lang='lat' dir='ltr'><strong>enim</strong></span> 
     </span>
     <span class='ocr_line' id='line_1_7' title="bbox 300 717 1813 799; baseline 0.001 -20"><span class='ocrx_word' id='word_1_26' title='bbox 300 717 411 779; x_wconf 89' lang='lat' dir='ltr'><strong>tale</strong></span> <span class='ocrx_word' id='word_1_27' title='bbox 437 722 686 797; x_wconf 86' lang='lat' dir='ltr'><strong>pactum</strong></span> <span class='ocrx_word' id='word_1_28' title='bbox 716 720 1071 799; x_wconf 88' lang='lat' dir='ltr'><strong>appositum</strong></span> <span class='ocrx_word' id='word_1_29' title='bbox 1102 740 1225 782; x_wconf 91' lang='lat' dir='ltr'><strong>non</strong></span> <span class='ocrx_word' id='word_1_30' title='bbox 1269 721 1492 782; x_wconf 89' lang='lat' dir='ltr'><strong>fuisset</strong></span> <span class='ocrx_word' id='word_1_31' title='bbox 1513 740 1553 781; x_wconf 89' lang='lat' dir='ltr'><strong>a</strong></span> <span class='ocrx_word' id='word_1_32' title='bbox 1581 721 1813 799; x_wconf 85' lang='lat' dir='ltr'><strong>princi-</strong></span> 
     </span>
     <span class='ocr_line' id='line_1_8' title="bbox 301 809 1813 893; baseline 0.003 -24"><span class='ocrx_word' id='word_1_33' title='bbox 301 809 415 888; x_wconf 88' lang='lat' dir='ltr'><strong>pio,</strong></span> <span class='ocrx_word' id='word_1_34' title='bbox 462 811 570 871; x_wconf 88' lang='lat' dir='ltr'><strong>sed</strong></span> <span class='ocrx_word' id='word_1_35' title='bbox 600 816 816 889; x_wconf 88' lang='lat' dir='ltr'><strong>postea</strong></span> <span class='ocrx_word' id='word_1_36' title='bbox 845 831 921 872; x_wconf 84' lang='lat' dir='ltr'><strong>ex</strong></span> <span class='ocrx_word' id='word_1_37' title='bbox 967 813 1382 874; x_wconf 89' lang='lat' dir='ltr'><strong>conventione</strong></span> <span class='ocrx_word' id='word_1_38' title='bbox 1413 815 1687 893; x_wconf 85' lang='lat' dir='ltr'><strong>partium</strong></span> <span class='ocrx_word' id='word_1_39' title='bbox 1718 831 1813 873; x_wconf 89' lang='lat' dir='ltr'><strong>re-</strong></span> 
     </span>
     <span class='ocr_line' id='line_1_9' title="bbox 300 902 1808 985; baseline 0.003 -23"><span class='ocrx_word' id='word_1_40' title='bbox 300 902 558 963; x_wconf 85' lang='lat' dir='ltr'><strong>dimatur</strong></span> <span class='ocrx_word' id='word_1_41' title='bbox 583 905 806 965; x_wconf 90' lang='lat' dir='ltr'><strong>eodem</strong></span> <span class='ocrx_word' id='word_1_42' title='bbox 827 906 1048 984; x_wconf 89' lang='lat' dir='ltr'><strong>pretio,</strong></span> <span class='ocrx_word' id='word_1_43' title='bbox 1075 907 1341 968; x_wconf 89' lang='lat' dir='ltr'><strong>debetur</strong></span> <span class='ocrx_word' id='word_1_44' title='bbox 1361 925 1523 968; x_wconf 91' lang='lat' dir='ltr'><strong>nova</strong></span> <span class='ocrx_word' id='word_1_45' title='bbox 1537 906 1808 985; x_wconf 83' lang='lat' dir='ltr'><strong>gabella;</strong></span> 
     </span>
     <span class='ocr_line' id='line_1_10' title="bbox 301 995 1807 1077; baseline 0.003 -23"><span class='ocrx_word' id='word_1_46' title='bbox 301 996 433 1074; x_wconf 89' lang='lat' dir='ltr'><strong>quia</strong></span> <span class='ocrx_word' id='word_1_47' title='bbox 460 995 562 1056; x_wconf 90' lang='lat' dir='ltr'><strong>illa</strong></span> <span class='ocrx_word' id='word_1_48' title='bbox 591 1015 717 1057; x_wconf 92' lang='lat' dir='ltr'><strong>non</strong></span> <span class='ocrx_word' id='word_1_49' title='bbox 747 1002 840 1058; x_wconf 91' lang='lat' dir='ltr'><strong>est</strong></span> <span class='ocrx_word' id='word_1_50' title='bbox 867 1000 1149 1061; x_wconf 82' lang='lat' dir='ltr'><strong>executio</strong></span> <span class='ocrx_word' id='word_1_51' title='bbox 1180 1004 1537 1061; x_wconf 86' lang='lat' dir='ltr'><strong>contractus</strong></span> <span class='ocrx_word' id='word_1_52' title='bbox 1559 999 1807 1077; x_wconf 78' lang='lat' dir='ltr'><strong>prioriS,</strong></span> 
     </span>
     <span class='ocr_line' id='line_1_11' title="bbox 299 1088 1812 1164; baseline 0.003 -17"><span class='ocrx_word' id='word_1_53' title='bbox 299 1088 396 1148; x_wconf 91' lang='lat' dir='ltr'><strong>sed</strong></span> <span class='ocrx_word' id='word_1_54' title='bbox 426 1092 516 1149; x_wconf 90' lang='lat' dir='ltr'><strong>est</strong></span> <span class='ocrx_word' id='word_1_55' title='bbox 545 1108 744 1151; x_wconf 86' lang='lat' dir='ltr'><strong>novus</strong></span> <span class='ocrx_word' id='word_1_56' title='bbox 772 1095 1150 1154; x_wconf 88' lang='lat' dir='ltr'><strong>contractus.</strong></span> <span class='ocrx_word' id='word_1_57' title='bbox 1185 1093 1363 1164; x_wconf 89' lang='lat' dir='ltr'><strong>Quod</strong></span> <span class='ocrx_word' id='word_1_58' title='bbox 1386 1092 1574 1153; x_wconf 90' lang='lat' dir='ltr'><strong>etiam</strong></span> <span class='ocrx_word' id='word_1_59' title='bbox 1604 1091 1812 1153; x_wconf 89' lang='lat' dir='ltr'><strong>dicen-</strong></span> 
     </span>
     <span class='ocr_line' id='line_1_12' title="bbox 299 1181 1813 1265; baseline 0.001 -24"><span class='ocrx_word' id='word_1_60' title='bbox 299 1181 433 1241; x_wconf 91' lang='lat' dir='ltr'><strong>dum</strong></span> <span class='ocrx_word' id='word_1_61' title='bbox 464 1185 579 1258; x_wconf 88' lang='lat' dir='ltr'><strong>est,</strong></span> <span class='ocrx_word' id='word_1_62' title='bbox 615 1183 867 1261; x_wconf 88' lang='lat' dir='ltr'><strong>quando</strong></span> <span class='ocrx_word' id='word_1_63' title='bbox 900 1202 1025 1244; x_wconf 89' lang='lat' dir='ltr'><strong>non</strong></span> <span class='ocrx_word' id='word_1_64' title='bbox 1056 1186 1279 1245; x_wconf 90' lang='lat' dir='ltr'><strong>eodem</strong></span> <span class='ocrx_word' id='word_1_65' title='bbox 1321 1184 1523 1265; x_wconf 86' lang='lat' dir='ltr'><strong>pretio</strong></span> <span class='ocrx_word' id='word_1_66' title='bbox 1553 1183 1813 1243; x_wconf 88' lang='lat' dir='ltr'><strong>redimi-</strong></span> 
     </span>
     <span class='ocr_line' id='line_1_13' title="bbox 296 1274 1810 1357; baseline 0 -22"><span class='ocrx_word' id='word_1_67' title='bbox 296 1277 408 1345; x_wconf 88' lang='lat' dir='ltr'><strong>tur,</strong></span> <span class='ocrx_word' id='word_1_68' title='bbox 439 1275 547 1335; x_wconf 88' lang='lat' dir='ltr'><strong>sed</strong></span> <span class='ocrx_word' id='word_1_69' title='bbox 594 1274 862 1348; x_wconf 89' lang='lat' dir='ltr'><strong>diverso,</strong></span> <span class='ocrx_word' id='word_1_70' title='bbox 910 1277 1042 1337; x_wconf 90' lang='lat' dir='ltr'><strong>sive</strong></span> <span class='ocrx_word' id='word_1_71' title='bbox 1091 1277 1152 1337; x_wconf 91' lang='lat' dir='ltr'><strong>in</strong></span> <span class='ocrx_word' id='word_1_72' title='bbox 1184 1277 1552 1357; x_wconf 88' lang='lat' dir='ltr'><strong>quantitate,</strong></span> <span class='ocrx_word' id='word_1_73' title='bbox 1586 1277 1717 1336; x_wconf 89' lang='lat' dir='ltr'><strong>sive</strong></span> <span class='ocrx_word' id='word_1_74' title='bbox 1746 1276 1810 1336; x_wconf 91' lang='lat' dir='ltr'><strong>in</strong></span> 
     </span>
     <span class='ocr_line' id='line_1_14' title="bbox 296 1365 1812 1448; baseline 0.002 -22"><span class='ocrx_word' id='word_1_75' title='bbox 296 1365 509 1444; x_wconf 88' lang='lat' dir='ltr'><strong>specie,</strong></span> <span class='ocrx_word' id='word_1_76' title='bbox 545 1367 788 1428; x_wconf 87' lang='lat' dir='ltr'><strong>etiamsi</strong></span> <span class='ocrx_word' id='word_1_77' title='bbox 848 1368 969 1430; x_wconf 90' lang='lat' dir='ltr'><strong>hoc</strong></span> <span class='ocrx_word' id='word_1_78' title='bbox 998 1370 1206 1448; x_wconf 88' lang='lat' dir='ltr'><strong>ipsum</strong></span> <span class='ocrx_word' id='word_1_79' title='bbox 1235 1370 1298 1430; x_wconf 91' lang='lat' dir='ltr'><strong>in</strong></span> <span class='ocrx_word' id='word_1_80' title='bbox 1338 1373 1588 1447; x_wconf 88' lang='lat' dir='ltr'><strong>pactum</strong></span> <span class='ocrx_word' id='word_1_81' title='bbox 1617 1368 1812 1429; x_wconf 87' lang='lat' dir='ltr'><strong>dedu-</strong></span> 
     </span>
     <span class='ocr_line' id='line_1_15' title="bbox 295 1459 1812 1540; baseline 0.001 -22"><span class='ocrx_word' id='word_1_82' title='bbox 295 1464 451 1520; x_wconf 84' lang='lat' dir='ltr'><strong>ctum</strong></span> <span class='ocrx_word' id='word_1_83' title='bbox 479 1459 668 1522; x_wconf 86' lang='lat' dir='ltr'><strong>fuerit</strong></span> <span class='ocrx_word' id='word_1_84' title='bbox 710 1479 747 1520; x_wconf 92' lang='lat' dir='ltr'><strong>a</strong></span> <span class='ocrx_word' id='word_1_85' title='bbox 776 1461 1081 1540; x_wconf 91' lang='lat' dir='ltr'><strong>principio</strong></span> <span class='ocrx_word' id='word_1_86' title='bbox 1116 1481 1129 1523; x_wconf 75' lang='grc' dir='ltr'>ε</span> <span class='ocrx_word' id='word_1_87' title='bbox 1165 1461 1285 1523; x_wconf 88' lang='lat' dir='ltr'><strong>hoc</strong></span> <span class='ocrx_word' id='word_1_88' title='bbox 1330 1462 1496 1522; x_wconf 91' lang='lat' dir='ltr'><strong>enim</strong></span> <span class='ocrx_word' id='word_1_89' title='bbox 1555 1460 1812 1539; x_wconf 80' lang='lat' dir='ltr'><strong>perinde</strong></span> 
     </span>
     <span class='ocr_line' id='line_1_16' title="bbox 293 1552 1813 1633; baseline 0.001 -22"><span class='ocrx_word' id='word_1_90' title='bbox 293 1554 397 1628; x_wconf 87' lang='lat' dir='ltr'><strong>est,</strong></span> <span class='ocrx_word' id='word_1_91' title='bbox 419 1552 562 1612; x_wconf 82' lang='lat' dir='ltr'><strong>acsi</strong></span> <span class='ocrx_word' id='word_1_92' title='bbox 587 1558 833 1631; x_wconf 88' lang='lat' dir='ltr'><strong>emptor</strong></span> <span class='ocrx_word' id='word_1_93' title='bbox 859 1572 925 1615; x_wconf 90' lang='lat' dir='ltr'><strong>se</strong></span> <span class='ocrx_word' id='word_1_94' title='bbox 946 1554 1285 1633; x_wconf 81' lang='lat' dir='ltr'><strong>obligasset</strong></span> <span class='ocrx_word' id='word_1_95' title='bbox 1310 1554 1387 1615; x_wconf 83' lang='lat' dir='ltr'><strong>ad</strong></span> <span class='ocrx_word' id='word_1_96' title='bbox 1419 1571 1649 1615; x_wconf 87' lang='lat' dir='ltr'><strong>novam</strong></span> <span class='ocrx_word' id='word_1_97' title='bbox 1661 1571 1813 1614; x_wconf 90' lang='lat' dir='ltr'><strong>ven-</strong></span> 
     </span>
     <span class='ocr_line' id='line_1_17' title="bbox 293 1643 1811 1727; baseline 0.001 -24"><span class='ocrx_word' id='word_1_98' title='bbox 293 1643 582 1704; x_wconf 75' lang='lat' dir='ltr'><strong>ditionem</strong></span> <span class='ocrx_word' id='word_1_99' title='bbox 612 1644 963 1706; x_wconf 86' lang='lat' dir='ltr'><strong>faciendam</strong></span> <span class='ocrx_word' id='word_1_100' title='bbox 995 1666 1009 1707; x_wconf 88' lang='lat'>:</span> <span class='ocrx_word' id='word_1_101' title='bbox 1042 1664 1182 1727; x_wconf 82' lang='lat' dir='ltr'><strong>quae</strong></span> <span class='ocrx_word' id='word_1_102' title='bbox 1215 1666 1338 1708; x_wconf 88' lang='lat' dir='ltr'><strong>non</strong></span> <span class='ocrx_word' id='word_1_103' title='bbox 1368 1650 1463 1707; x_wconf 86' lang='lat' dir='ltr'><strong>est</strong></span> <span class='ocrx_word' id='word_1_104' title='bbox 1488 1645 1811 1706; x_wconf 81' lang='lat' dir='ltr'><strong>dissolutio</strong></span> 
     </span>
     <span class='ocr_line' id='line_1_18' title="bbox 290 1735 1812 1816; baseline 0.002 -21"><span class='ocrx_word' id='word_1_105' title='bbox 290 1735 501 1815; x_wconf 88' lang='lat' dir='ltr'><strong>prioris</strong></span> <span class='ocrx_word' id='word_1_106' title='bbox 560 1741 938 1816; x_wconf 78' lang='lat' dir='ltr'><strong>contractuS,</strong></span> <span class='ocrx_word' id='word_1_107' title='bbox 999 1739 1111 1800; x_wconf 89' lang='lat' dir='ltr'><strong>sed</strong></span> <span class='ocrx_word' id='word_1_108' title='bbox 1185 1758 1347 1800; x_wconf 83' lang='lat' dir='ltr'><strong>nova</strong></span> <span class='ocrx_word' id='word_1_109' title='bbox 1402 1739 1680 1800; x_wconf 82' lang='lat' dir='ltr'><strong>venditio</strong></span> <span class='ocrx_word' id='word_1_110' title='bbox 1737 1757 1812 1799; x_wconf 86' lang='lat' dir='ltr'><strong>ex</strong></span> 
     </span>
     <span class='ocr_line' id='line_1_19' title="bbox 291 1827 1813 1911; baseline 0.002 -24"><span class='ocrx_word' id='word_1_111' title='bbox 291 1827 469 1906; x_wconf 85' lang='lat' dir='ltr'><strong>priori</strong></span> <span class='ocrx_word' id='word_1_112' title='bbox 497 1835 684 1908; x_wconf 87' lang='lat' dir='ltr'><strong>pacto</strong></span> <span class='ocrx_word' id='word_1_113' title='bbox 714 1830 948 1893; x_wconf 82' lang='lat' dir='ltr'><strong>debita.</strong></span> <span class='ocrx_word' id='word_1_114' title='bbox 1001 1831 1139 1891; x_wconf 82' lang='lat' dir='ltr'><strong>Alia</strong></span> <span class='ocrx_word' id='word_1_115' title='bbox 1169 1832 1369 1910; x_wconf 84' lang='lat' dir='ltr'><strong>magis</strong></span> <span class='ocrx_word' id='word_1_116' title='bbox 1411 1831 1813 1911; x_wconf 87' lang='lat' dir='ltr'><strong>particularia</strong></span> 
     </span>
     <span class='ocr_line' id='line_1_20' title="bbox 290 1920 1806 2004; baseline 0.004 -25"><span class='ocrx_word' id='word_1_117' title='bbox 290 1920 443 1981; x_wconf 85' lang='lat' dir='ltr'><strong>circa</strong></span> <span class='ocrx_word' id='word_1_118' title='bbox 464 1922 585 1983; x_wconf 90' lang='lat' dir='ltr'><strong>hoc</strong></span> <span class='ocrx_word' id='word_1_119' title='bbox 606 1923 822 1985; x_wconf 87' lang='lat' dir='ltr'><strong>videre</strong></span> <span class='ocrx_word' id='word_1_120' title='bbox 862 1924 1100 2003; x_wconf 88' lang='lat' dir='ltr'><strong>poteris</strong></span> <span class='ocrx_word' id='word_1_121' title='bbox 1134 1925 1302 2004; x_wconf 89' lang='lat' dir='ltr'><strong>apud</strong></span> <span class='ocrx_word' id='word_1_122' title='bbox 1320 1924 1617 1986; x_wconf 86' lang='lat' dir='ltr'><strong>Molinam</strong></span> <span class='ocrx_word' id='word_1_123' title='bbox 1647 1924 1806 2003; x_wconf 85' lang='lat' dir='ltr'><strong>disp.</strong></span> 
     </span>
     <span class='ocr_line' id='line_1_21' title="bbox 291 2015 1810 2096; baseline 0.001 -21"><span class='ocrx_word' id='word_1_124' title='bbox 291 2015 416 2075; x_wconf 70' lang='lat'><strong>384.</strong></span> <span class='ocrx_word' id='word_1_125' title='bbox 450 2032 592 2093; x_wconf 79' lang='lat' dir='ltr'><strong>quoe</strong></span> <span class='ocrx_word' id='word_1_126' title='bbox 622 2016 868 2092; x_wconf 86' lang='lat' dir='ltr'><strong>omitto,</strong></span> <span class='ocrx_word' id='word_1_127' title='bbox 901 2016 1048 2096; x_wconf 87' lang='lat' dir='ltr'><strong>quia</strong></span> <span class='ocrx_word' id='word_1_128' title='bbox 1075 2018 1156 2078; x_wconf 88' lang='lat' dir='ltr'><strong>ad</strong></span> <span class='ocrx_word' id='word_1_129' title='bbox 1206 2018 1451 2095; x_wconf 82' lang='lat' dir='ltr'><strong>praxim</strong></span> <span class='ocrx_word' id='word_1_130' title='bbox 1482 2016 1810 2079; x_wconf 89' lang='lat' dir='ltr'><strong>conscien-</strong></span> 
     </span>
     <span class='ocr_line' id='line_1_22' title="bbox 291 2107 1388 2188; baseline 0.005 -21"><span class='ocrx_word' id='word_1_131' title='bbox 291 2107 384 2167; x_wconf 85' lang='lat' dir='ltr'><strong>tiae</strong></span> <span class='ocrx_word' id='word_1_132' title='bbox 408 2107 540 2168; x_wconf 86' lang='lat' dir='ltr'><strong>fere</strong></span> <span class='ocrx_word' id='word_1_133' title='bbox 571 2127 694 2169; x_wconf 92' lang='lat' dir='ltr'><strong>non</strong></span> <span class='ocrx_word' id='word_1_134' title='bbox 723 2114 991 2188; x_wconf 82' lang='lat' dir='ltr'><strong>possunt</strong></span> <span class='ocrx_word' id='word_1_135' title='bbox 1020 2111 1388 2174; x_wconf 86' lang='lat' dir='ltr'><strong>desiderari.</strong></span> 
     </span>
    </p>

    <p class='ocr_par' dir='ltr' id='par_1_5' title="bbox 273 2200 1815 4239">
     <span class='ocr_line' id='line_1_23' title="bbox 363 2200 1813 2280; baseline 0.003 -20"><span class='ocrx_word' id='word_1_136' title='bbox 363 2200 695 2263; x_wconf 86' lang='lat' dir='ltr'><strong>Dubitatur</strong></span> <span class='ocrx_word' id='word_1_137' title='bbox 738 2202 1237 2280; x_wconf 89' lang='lat' dir='ltr'><strong>decimooctavo,</strong></span> <span class='ocrx_word' id='word_1_138' title='bbox 1292 2223 1369 2264; x_wconf 87' lang='lat' dir='ltr'><strong>an</strong></span> <span class='ocrx_word' id='word_1_139' title='bbox 1402 2224 1477 2264; x_wconf 87' lang='lat' dir='ltr'><strong>ex</strong></span> <span class='ocrx_word' id='word_1_140' title='bbox 1502 2222 1690 2265; x_wconf 88' lang='lat' dir='ltr'><strong>censu</strong></span> <span class='ocrx_word' id='word_1_141' title='bbox 1720 2223 1813 2264; x_wconf 89' lang='lat' dir='ltr'><strong>re-</strong></span> 
     </span>
     <span class='ocr_line' id='line_1_24' title="bbox 291 2293 1815 2374; baseline 0.003 -21"><span class='ocrx_word' id='word_1_142' title='bbox 291 2293 592 2355; x_wconf 85' lang='lat' dir='ltr'><strong>servativo</strong></span> <span class='ocrx_word' id='word_1_143' title='bbox 624 2294 928 2357; x_wconf 84' lang='lat' dir='ltr'><strong>debeatur</strong></span> <span class='ocrx_word' id='word_1_144' title='bbox 954 2296 1244 2374; x_wconf 84' lang='lat' dir='ltr'><strong>gabella?</strong></span> <span class='ocrx_word' id='word_1_145' title='bbox 1270 2299 1509 2358; x_wconf 84' lang='lat' dir='ltr'><strong>Census</strong></span> <span class='ocrx_word' id='word_1_146' title='bbox 1539 2315 1815 2358; x_wconf 87' lang='lat' dir='ltr'><strong>reserva-</strong></span> 
     </span>
     <span class='ocr_line' id='line_1_25' title="bbox 288 2388 1812 2468; baseline 0 -19"><span class='ocrx_word' id='word_1_147' title='bbox 288 2388 443 2449; x_wconf 88' lang='lat' dir='ltr'><strong>tivus</strong></span> <span class='ocrx_word' id='word_1_148' title='bbox 471 2392 590 2464; x_wconf 90' lang='lat' dir='ltr'><strong>est,</strong></span> <span class='ocrx_word' id='word_1_149' title='bbox 625 2388 875 2466; x_wconf 88' lang='lat' dir='ltr'><strong>quando</strong></span> <span class='ocrx_word' id='word_1_150' title='bbox 899 2391 1119 2451; x_wconf 90' lang='lat' dir='ltr'><strong>Petrus</strong></span> <span class='ocrx_word' id='word_1_151' title='bbox 1139 2390 1481 2452; x_wconf 88' lang='lat' dir='ltr'><strong>datJoanni</strong></span> <span class='ocrx_word' id='word_1_152' title='bbox 1506 2390 1812 2468; x_wconf 83' lang='lat' dir='ltr'><strong>proedium</strong></span> 
     </span>
     <span class='ocr_line' id='line_1_26' title="bbox 291 2480 1811 2562; baseline 0.002 -22"><span class='ocrx_word' id='word_1_153' title='bbox 291 2481 484 2560; x_wconf 88' lang='lat' dir='ltr'><strong>quoad</strong></span> <span class='ocrx_word' id='word_1_154' title='bbox 518 2480 668 2541; x_wconf 87' lang='lat' dir='ltr'><strong>utile</strong></span> <span class='ocrx_word' id='word_1_155' title='bbox 716 2483 780 2541; x_wconf 89' lang='lat' dir='ltr'><strong>et</strong></span> <span class='ocrx_word' id='word_1_156' title='bbox 806 2481 1116 2543; x_wconf 91' lang='lat' dir='ltr'><strong>directum</strong></span> <span class='ocrx_word' id='word_1_157' title='bbox 1147 2482 1493 2543; x_wconf 89' lang='lat' dir='ltr'><strong>dominium</strong></span> <span class='ocrx_word' id='word_1_158' title='bbox 1525 2502 1639 2562; x_wconf 87' lang='lat' dir='ltr'><strong>pro</strong></span> <span class='ocrx_word' id='word_1_159' title='bbox 1668 2500 1811 2543; x_wconf 89' lang='lat' dir='ltr'><strong>cen·</strong></span> 
     </span>
     <span class='ocr_line' id='line_1_27' title="bbox 290 2573 1812 2654; baseline 0.003 -22"><span class='ocrx_word' id='word_1_160' title='bbox 290 2592 353 2632; x_wconf 90' lang='lat' dir='ltr'><strong>su</strong></span> <span class='ocrx_word' id='word_1_161' title='bbox 382 2591 589 2633; x_wconf 90' lang='lat' dir='ltr'><strong>annuo</strong></span> <span class='ocrx_word' id='word_1_162' title='bbox 622 2573 841 2634; x_wconf 89' lang='lat' dir='ltr'><strong>decem</strong></span> <span class='ocrx_word' id='word_1_163' title='bbox 888 2592 1245 2652; x_wconf 89' lang='lat' dir='ltr'><strong>aureorum,</strong></span> <span class='ocrx_word' id='word_1_164' title='bbox 1276 2595 1334 2636; x_wconf 93' lang='lat' dir='ltr'><strong>v.</strong></span> <span class='ocrx_word' id='word_1_165' title='bbox 1369 2595 1432 2654; x_wconf 82' lang='lat' dir='ltr'><strong>g.</strong></span> <span class='ocrx_word' id='word_1_166' title='bbox 1467 2582 1532 2638; x_wconf 89' lang='lat' dir='ltr'><strong>et</strong></span> <span class='ocrx_word' id='word_1_167' title='bbox 1557 2576 1812 2637; x_wconf 85' lang='lat' dir='ltr'><strong>videtur</strong></span> 
     </span>
     <span class='ocr_line' id='line_1_28' title="bbox 289 2665 1808 2744; baseline 0.004 -20"><span class='ocrx_word' id='word_1_168' title='bbox 289 2665 492 2725; x_wconf 85' lang='lat' dir='ltr'><strong>deberi</strong></span> <span class='ocrx_word' id='word_1_169' title='bbox 552 2683 628 2725; x_wconf 88' lang='lat' dir='ltr'><strong>ex</strong></span> <span class='ocrx_word' id='word_1_170' title='bbox 680 2666 1077 2744; x_wconf 88' lang='lat' dir='ltr'><strong>supradictis,</strong></span> <span class='ocrx_word' id='word_1_171' title='bbox 1138 2667 1268 2728; x_wconf 91' lang='lat' dir='ltr'><strong>sive</strong></span> <span class='ocrx_word' id='word_1_172' title='bbox 1327 2686 1401 2727; x_wconf 81' lang='lat' dir='ltr'><strong>ex</strong></span> <span class='ocrx_word' id='word_1_173' title='bbox 1448 2668 1808 2730; x_wconf 86' lang='lat' dir='ltr'><strong>venditione</strong></span> 
     </span>
     <span class='ocr_line' id='line_1_29' title="bbox 290 2758 1809 2836; baseline 0.003 -18"><span class='ocrx_word' id='word_1_174' title='bbox 290 2758 548 2820; x_wconf 68' lang='lat' dir='ltr'><strong>aliorum</strong></span> <span class='ocrx_word' id='word_1_175' title='bbox 602 2777 927 2836; x_wconf 79' lang='lat' dir='ltr'><strong>censuum,</strong></span> <span class='ocrx_word' id='word_1_176' title='bbox 989 2760 1119 2820; x_wconf 90' lang='lat' dir='ltr'><strong>sive</strong></span> <span class='ocrx_word' id='word_1_177' title='bbox 1175 2760 1621 2822; x_wconf 88' lang='lat' dir='ltr'><strong>redimibilium</strong></span> <span class='ocrx_word' id='word_1_178' title='bbox 1679 2763 1809 2823; x_wconf 92' lang='lat' dir='ltr'><strong>sive</strong></span> 
     </span>
     <span class='ocr_line' id='line_1_30' title="bbox 285 2851 1808 2934; baseline 0.003 -22"><span class='ocrx_word' id='word_1_179' title='bbox 285 2851 800 2913; x_wconf 87' lang='lat' dir='ltr'><strong>irredimibilium.</strong></span> <span class='ocrx_word' id='word_1_180' title='bbox 845 2856 1152 2915; x_wconf 81' lang='lat' dir='ltr'><strong>Caeterum</strong></span> <span class='ocrx_word' id='word_1_181' title='bbox 1201 2853 1262 2913; x_wconf 91' lang='lat' dir='ltr'><strong>in</strong></span> <span class='ocrx_word' id='word_1_182' title='bbox 1295 2872 1441 2915; x_wconf 87' lang='lat' dir='ltr'><strong>casu</strong></span> <span class='ocrx_word' id='word_1_183' title='bbox 1489 2856 1808 2934; x_wconf 89' lang='lat' dir='ltr'><strong>proposito</strong></span> 
     </span>
     <span class='ocr_line' id='line_1_31' title="bbox 287 2945 1808 3027; baseline 0.002 -23"><span class='ocrx_word' id='word_1_184' title='bbox 287 2963 399 3005; x_wconf 91' lang='lat' dir='ltr'><strong>non</strong></span> <span class='ocrx_word' id='word_1_185' title='bbox 430 2945 722 3021; x_wconf 88' lang='lat' dir='ltr'><strong>debetur,</strong></span> <span class='ocrx_word' id='word_1_186' title='bbox 758 2946 905 3025; x_wconf 86' lang='lat' dir='ltr'><strong>quia</strong></span> <span class='ocrx_word' id='word_1_187' title='bbox 949 2946 1052 3006; x_wconf 87' lang='lat' dir='ltr'><strong>illa</strong></span> <span class='ocrx_word' id='word_1_188' title='bbox 1083 2964 1206 3006; x_wconf 90' lang='lat' dir='ltr'><strong>non</strong></span> <span class='ocrx_word' id='word_1_189' title='bbox 1256 2951 1350 3007; x_wconf 87' lang='lat' dir='ltr'><strong>est</strong></span> <span class='ocrx_word' id='word_1_190' title='bbox 1379 2948 1633 3027; x_wconf 88' lang='lat' dir='ltr'><strong>propria</strong></span> <span class='ocrx_word' id='word_1_191' title='bbox 1662 2966 1808 3007; x_wconf 88' lang='lat' dir='ltr'><strong>ven-</strong></span> 
     </span>
     <span class='ocr_line' id='line_1_32' title="bbox 284 3037 1807 3117; baseline 0.003 -20"><span class='ocrx_word' id='word_1_192' title='bbox 284 3037 448 3115; x_wconf 81' lang='lat' dir='ltr'><strong>ditio,</strong></span> <span class='ocrx_word' id='word_1_193' title='bbox 483 3038 612 3099; x_wconf 90' lang='lat' dir='ltr'><strong>imo</strong></span> <span class='ocrx_word' id='word_1_194' title='bbox 643 3056 758 3099; x_wconf 89' lang='lat' dir='ltr'><strong>nec</strong></span> <span class='ocrx_word' id='word_1_195' title='bbox 778 3039 1176 3117; x_wconf 78' lang='lat' dir='ltr'><strong>permutatio,</strong></span> <span class='ocrx_word' id='word_1_196' title='bbox 1202 3041 1312 3100; x_wconf 89' lang='lat' dir='ltr'><strong>sed</strong></span> <span class='ocrx_word' id='word_1_197' title='bbox 1344 3045 1439 3102; x_wconf 90' lang='lat' dir='ltr'><strong>est</strong></span> <span class='ocrx_word' id='word_1_198' title='bbox 1464 3041 1807 3102; x_wconf 81' lang='lat' dir='ltr'><strong>reservatio</strong></span> 
     </span>
     <span class='ocr_line' id='line_1_33' title="bbox 282 3130 1808 3212; baseline 0.003 -21"><span class='ocrx_word' id='word_1_199' title='bbox 282 3130 435 3192; x_wconf 91' lang='lat' dir='ltr'><strong>illius</strong></span> <span class='ocrx_word' id='word_1_200' title='bbox 488 3131 668 3212; x_wconf 84' lang='lat' dir='ltr'><strong>juris,</strong></span> <span class='ocrx_word' id='word_1_201' title='bbox 730 3150 856 3212; x_wconf 89' lang='lat' dir='ltr'><strong>qua</strong></span> <span class='ocrx_word' id='word_1_202' title='bbox 913 3134 1131 3194; x_wconf 89' lang='lat' dir='ltr'><strong>Petrus</strong></span> <span class='ocrx_word' id='word_1_203' title='bbox 1186 3134 1568 3196; x_wconf 86' lang='lat' dir='ltr'><strong>transferens</strong></span> <span class='ocrx_word' id='word_1_204' title='bbox 1625 3153 1808 3196; x_wconf 89' lang='lat' dir='ltr'><strong>suum</strong></span> 
     </span>
     <span class='ocr_line' id='line_1_34' title="bbox 282 3224 1808 3308; baseline 0.003 -23"><span class='ocrx_word' id='word_1_205' title='bbox 282 3225 581 3303; x_wconf 81' lang='lat' dir='ltr'><strong>praedium</strong></span> <span class='ocrx_word' id='word_1_206' title='bbox 613 3224 674 3285; x_wconf 91' lang='lat' dir='ltr'><strong>in</strong></span> <span class='ocrx_word' id='word_1_207' title='bbox 704 3226 737 3287; x_wconf 88' lang='lat' dir='ltr'>J</span> <span class='ocrx_word' id='word_1_208' title='bbox 746 3242 1015 3286; x_wconf 86' lang='lat' dir='ltr'><strong>oannem</strong></span> <span class='ocrx_word' id='word_1_209' title='bbox 1042 3231 1325 3288; x_wconf 87' lang='lat' dir='ltr'><strong>reservat</strong></span> <span class='ocrx_word' id='word_1_210' title='bbox 1368 3228 1487 3288; x_wconf 92' lang='lat' dir='ltr'><strong>sibi</strong></span> <span class='ocrx_word' id='word_1_211' title='bbox 1516 3227 1613 3308; x_wconf 88' lang='lat' dir='ltr'><strong>jus</strong></span> <span class='ocrx_word' id='word_1_212' title='bbox 1642 3230 1808 3289; x_wconf 87' lang='lat' dir='ltr'><strong>acci-</strong></span> 
     </span>
     <span class='ocr_line' id='line_1_35' title="bbox 283 3318 1804 3395; baseline 0.002 -18"><span class='ocrx_word' id='word_1_213' title='bbox 283 3318 484 3395; x_wconf 87' lang='lat' dir='ltr'><strong>piendi</strong></span> <span class='ocrx_word' id='word_1_214' title='bbox 523 3318 604 3379; x_wconf 86' lang='lat' dir='ltr'><strong>de</strong></span> <span class='ocrx_word' id='word_1_215' title='bbox 643 3318 949 3380; x_wconf 87' lang='lat' dir='ltr'><strong>fructibus</strong></span> <span class='ocrx_word' id='word_1_216' title='bbox 996 3319 1159 3379; x_wconf 90' lang='lat' dir='ltr'><strong>illius</strong></span> <span class='ocrx_word' id='word_1_217' title='bbox 1188 3320 1406 3381; x_wconf 87' lang='lat' dir='ltr'><strong>decem</strong></span> <span class='ocrx_word' id='word_1_218' title='bbox 1438 3338 1661 3382; x_wconf 88' lang='lat' dir='ltr'><strong>aureos</strong></span> <span class='ocrx_word' id='word_1_219' title='bbox 1689 3340 1804 3382; x_wconf 89' lang='lat' dir='ltr'><strong>an-</strong></span> 
     </span>
     <span class='ocr_line' id='line_1_36' title="bbox 284 3412 1805 3492; baseline 0.003 -22"><span class='ocrx_word' id='word_1_220' title='bbox 284 3429 452 3488; x_wconf 87' lang='lat' dir='ltr'><strong>nuos,</strong></span> <span class='ocrx_word' id='word_1_221' title='bbox 486 3412 658 3492; x_wconf 90' lang='lat' dir='ltr'><strong>quod</strong></span> <span class='ocrx_word' id='word_1_222' title='bbox 692 3413 799 3492; x_wconf 87' lang='lat' dir='ltr'><strong>jus</strong></span> <span class='ocrx_word' id='word_1_223' title='bbox 824 3414 1101 3474; x_wconf 86' lang='lat' dir='ltr'><strong>Joannes</strong></span> <span class='ocrx_word' id='word_1_224' title='bbox 1148 3431 1271 3473; x_wconf 92' lang='lat' dir='ltr'><strong>non</strong></span> <span class='ocrx_word' id='word_1_225' title='bbox 1316 3414 1426 3475; x_wconf 87' lang='lat' dir='ltr'><strong>dat</strong></span> <span class='ocrx_word' id='word_1_226' title='bbox 1456 3417 1661 3491; x_wconf 85' lang='lat' dir='ltr'><strong>Petr0,</strong></span> <span class='ocrx_word' id='word_1_227' title='bbox 1696 3415 1805 3476; x_wconf 90' lang='lat' dir='ltr'><strong>sed</strong></span> 
     </span>
     <span class='ocr_line' id='line_1_37' title="bbox 280 3495 1801 3588; baseline 0.004 -26"><span class='ocrx_word' id='word_1_228' title='bbox 280 3503 407 3582; x_wconf 91' lang='lat' dir='ltr'><strong>ipse</strong></span> <span class='ocrx_word' id='word_1_229' title='bbox 453 3507 678 3567; x_wconf 84' lang='lat' dir='ltr'><strong>Petrus</strong></span> <span class='ocrx_word' id='word_1_230' title='bbox 724 3505 882 3567; x_wconf 89' lang='lat' dir='ltr'><strong>dans</strong></span> <span class='ocrx_word' id='word_1_231' title='bbox 927 3506 1234 3584; x_wconf 80' lang='lat' dir='ltr'><strong>praedium</strong></span> <span class='ocrx_word' id='word_1_232' title='bbox 1282 3495 1489 3586; x_wconf 83' lang='lat' dir='ltr'><strong>quoad</strong></span> <span class='ocrx_word' id='word_1_233' title='bbox 1537 3508 1801 3588; x_wconf 86' lang='lat' dir='ltr'><strong>reliqua,</strong></span> 
     </span>
     <span class='ocr_line' id='line_1_38' title="bbox 280 3599 1808 3679; baseline 0.004 -21"><span class='ocrx_word' id='word_1_234' title='bbox 280 3605 555 3660; x_wconf 87' lang='lat' dir='ltr'><strong>reservat</strong></span> <span class='ocrx_word' id='word_1_235' title='bbox 599 3599 716 3659; x_wconf 90' lang='lat' dir='ltr'><strong>sibi</strong></span> <span class='ocrx_word' id='word_1_236' title='bbox 765 3600 917 3660; x_wconf 90' lang='lat' dir='ltr'><strong>illud</strong></span> <span class='ocrx_word' id='word_1_237' title='bbox 957 3601 1095 3679; x_wconf 90' lang='lat' dir='ltr'><strong>jus,</strong></span> <span class='ocrx_word' id='word_1_238' title='bbox 1147 3604 1218 3662; x_wconf 91' lang='lat' dir='ltr'><strong>ut</strong></span> <span class='ocrx_word' id='word_1_239' title='bbox 1258 3617 1403 3661; x_wconf 85' lang='lat' dir='ltr'><strong>cum</strong></span> <span class='ocrx_word' id='word_1_240' title='bbox 1446 3601 1581 3662; x_wconf 89' lang='lat' dir='ltr'><strong>aliis</strong></span> <span class='ocrx_word' id='word_1_241' title='bbox 1623 3602 1808 3664; x_wconf 89' lang='lat' dir='ltr'><strong>docet</strong></span> 
     </span>
     <span class='ocr_line' id='line_1_39' title="bbox 278 3691 1807 3771; baseline 0.005 -21"><span class='ocrx_word' id='word_1_242' title='bbox 278 3691 392 3753; x_wconf 87' lang='lat' dir='ltr'><strong>late</strong></span> <span class='ocrx_word' id='word_1_243' title='bbox 419 3693 653 3754; x_wconf 87' lang='lat' dir='ltr'><strong>Molina</strong></span> <span class='ocrx_word' id='word_1_244' title='bbox 684 3708 753 3754; x_wconf 91' lang='lat'><strong>11.</strong></span> <span class='ocrx_word' id='word_1_245' title='bbox 785 3696 936 3753; x_wconf 90' lang='lat' dir='ltr'><strong>tom.</strong></span> <span class='ocrx_word' id='word_1_246' title='bbox 973 3693 1204 3771; x_wconf 88' lang='lat' dir='ltr'><strong>disput.</strong></span> <span class='ocrx_word' id='word_1_247' title='bbox 1251 3696 1390 3754; x_wconf 79' lang='lat'><strong>382.</strong></span> <span class='ocrx_word' id='word_1_248' title='bbox 1427 3693 1613 3754; x_wconf 88' lang='lat' dir='ltr'><strong>Aliud</strong></span> <span class='ocrx_word' id='word_1_249' title='bbox 1644 3700 1807 3758; x_wconf 88' lang='lat' dir='ltr'><strong>esset</strong></span> 
     </span>
     <span class='ocr_line' id='line_1_40' title="bbox 277 3784 1806 3867; baseline 0.001 -22"><span class='ocrx_word' id='word_1_250' title='bbox 277 3785 323 3845; x_wconf 87' lang='lat' dir='ltr'><strong>si</strong></span> <span class='ocrx_word' id='word_1_251' title='bbox 351 3784 805 3846; x_wconf 83' lang='lat' dir='ltr'><strong>admisceretur</strong></span> <span class='ocrx_word' id='word_1_252' title='bbox 833 3787 1100 3865; x_wconf 89' lang='lat' dir='ltr'><strong>pecunia</strong></span> <span class='ocrx_word' id='word_1_253' title='bbox 1133 3787 1364 3867; x_wconf 87' lang='lat' dir='ltr'><strong>aliqua,</strong></span> <span class='ocrx_word' id='word_1_254' title='bbox 1400 3805 1588 3866; x_wconf 89' lang='lat' dir='ltr'><strong>quam</strong></span> <span class='ocrx_word' id='word_1_255' title='bbox 1617 3789 1806 3850; x_wconf 86' lang='lat' dir='ltr'><strong>Joan-</strong></span> 
     </span>
     <span class='ocr_line' id='line_1_41' title="bbox 276 3879 1804 3958; baseline 0.003 -21"><span class='ocrx_word' id='word_1_256' title='bbox 276 3893 379 3938; x_wconf 84' lang='lat' dir='ltr'><strong>nes</strong></span> <span class='ocrx_word' id='word_1_257' title='bbox 407 3879 592 3941; x_wconf 90' lang='lat' dir='ltr'><strong>daret</strong></span> <span class='ocrx_word' id='word_1_258' title='bbox 622 3879 699 3939; x_wconf 90' lang='lat' dir='ltr'><strong>de</strong></span> <span class='ocrx_word' id='word_1_259' title='bbox 727 3880 1019 3958; x_wconf 81' lang='lat' dir='ltr'><strong>praesenti</strong></span> <span class='ocrx_word' id='word_1_260' title='bbox 1045 3898 1157 3958; x_wconf 92' lang='lat' dir='ltr'><strong>pro</strong></span> <span class='ocrx_word' id='word_1_261' title='bbox 1188 3880 1424 3958; x_wconf 85' lang='lat' dir='ltr'><strong>praedio</strong></span> <span class='ocrx_word' id='word_1_262' title='bbox 1446 3880 1631 3941; x_wconf 92' lang='lat' dir='ltr'><strong>simul</strong></span> <span class='ocrx_word' id='word_1_263' title='bbox 1660 3899 1804 3941; x_wconf 89' lang='lat' dir='ltr'><strong>cum</strong></span> 
     </span>
     <span class='ocr_line' id='line_1_42' title="bbox 275 3972 1803 4051; baseline 0.001 -20"><span class='ocrx_word' id='word_1_264' title='bbox 275 3972 698 4033; x_wconf 80' lang='lat' dir='ltr'><strong>reservatione</strong></span> <span class='ocrx_word' id='word_1_265' title='bbox 748 3989 972 4033; x_wconf 75' lang='lat' dir='ltr'><strong>annuae</strong></span> <span class='ocrx_word' id='word_1_266' title='bbox 1017 3973 1335 4051; x_wconf 89' lang='lat' dir='ltr'><strong>pensionis</strong></span> <span class='ocrx_word' id='word_1_267' title='bbox 1369 3992 1383 4033; x_wconf 73' lang='grc' dir='ltr'>ε</span> <span class='ocrx_word' id='word_1_268' title='bbox 1435 3978 1585 4034; x_wconf 90' lang='lat' dir='ltr'><strong>tunc</strong></span> <span class='ocrx_word' id='word_1_269' title='bbox 1635 3975 1803 4034; x_wconf 88' lang='lat' dir='ltr'><strong>enim</strong></span> 
     </span>
     <span class='ocr_line' id='line_1_43' title="bbox 273 4064 1804 4146; baseline 0.002 -21"><span class='ocrx_word' id='word_1_270' title='bbox 273 4083 343 4124; x_wconf 79' lang='lat' dir='ltr'><strong>ex</strong></span> <span class='ocrx_word' id='word_1_271' title='bbox 373 4066 646 4144; x_wconf 89' lang='lat' dir='ltr'><strong>pecunia</strong></span> <span class='ocrx_word' id='word_1_272' title='bbox 666 4064 770 4125; x_wconf 90' lang='lat' dir='ltr'><strong>illa</strong></span> <span class='ocrx_word' id='word_1_273' title='bbox 799 4065 1136 4127; x_wconf 87' lang='lat' dir='ltr'><strong>deberetur</strong></span> <span class='ocrx_word' id='word_1_274' title='bbox 1160 4066 1429 4145; x_wconf 85' lang='lat' dir='ltr'><strong>gabella,</strong></span> <span class='ocrx_word' id='word_1_275' title='bbox 1465 4067 1612 4146; x_wconf 85' lang='lat' dir='ltr'><strong>quia</strong></span> <span class='ocrx_word' id='word_1_276' title='bbox 1641 4070 1804 4128; x_wconf 88' lang='lat' dir='ltr'><strong>esset</strong></span> 
     </span>
     <span class='ocr_line' id='line_1_44' title="bbox 274 4158 1308 4239; baseline 0.002 -21"><span class='ocrx_word' id='word_1_277' title='bbox 274 4158 772 4239; x_wconf 81' lang='lat' dir='ltr'><strong>pretium&#39;praedii</strong></span> <span class='ocrx_word' id='word_1_278' title='bbox 803 4177 914 4237; x_wconf 90' lang='lat' dir='ltr'><strong>pro</strong></span> <span class='ocrx_word' id='word_1_279' title='bbox 946 4178 1021 4220; x_wconf 88' lang='lat' dir='ltr'><strong>ea</strong></span> <span class='ocrx_word' id='word_1_280' title='bbox 1048 4159 1308 4221; x_wconf 87' lang='lat' dir='ltr'><strong>venditi.</strong></span> 
     </span>
    </p>

    <p class='ocr_par' dir='ltr' id='par_1_6' title="bbox 261 4252 1804 5635">
     <span class='ocr_line' id='line_1_45' title="bbox 347 4252 1804 4331; baseline 0.001 -18"><span class='ocrx_word' id='word_1_281' title='bbox 347 4252 616 4326; x_wconf 80' lang='lat' dir='ltr'><strong>Quando</strong></span> <span class='ocrx_word' id='word_1_282' title='bbox 642 4269 792 4311; x_wconf 89' lang='lat' dir='ltr'><strong>vero</strong></span> <span class='ocrx_word' id='word_1_283' title='bbox 823 4252 1079 4313; x_wconf 87' lang='lat' dir='ltr'><strong>daretur</strong></span> <span class='ocrx_word' id='word_1_284' title='bbox 1104 4252 1412 4331; x_wconf 82' lang='lat' dir='ltr'><strong>pra-dium</strong></span> <span class='ocrx_word' id='word_1_285' title='bbox 1435 4271 1576 4314; x_wconf 90' lang='lat' dir='ltr'><strong>cum</strong></span> <span class='ocrx_word' id='word_1_286' title='bbox 1606 4272 1804 4315; x_wconf 87' lang='lat' dir='ltr'><strong>reser-</strong></span> 
     </span>
     <span class='ocr_line' id='line_1_46' title="bbox 271 4343 1803 4425; baseline 0.005 -24"><span class='ocrx_word' id='word_1_287' title='bbox 271 4346 517 4406; x_wconf 82' lang='lat' dir='ltr'><strong>vatione</strong></span> <span class='ocrx_word' id='word_1_288' title='bbox 548 4362 774 4405; x_wconf 87' lang='lat' dir='ltr'><strong>census</strong></span> <span class='ocrx_word' id='word_1_289' title='bbox 804 4343 1194 4420; x_wconf 75' lang='lat' dir='ltr'><strong>redimibiliS,</strong></span> <span class='ocrx_word' id='word_1_290' title='bbox 1229 4363 1310 4404; x_wconf 88' lang='lat' dir='ltr'><strong>an</strong></span> <span class='ocrx_word' id='word_1_291' title='bbox 1349 4345 1659 4407; x_wconf 83' lang='lat' dir='ltr'><strong>debeatur</strong></span> <span class='ocrx_word' id='word_1_292' title='bbox 1689 4366 1803 4425; x_wconf 86' lang='lat' dir='ltr'><strong>ga-</strong></span> 
     </span>
     <span class='ocr_line' id='line_1_47' title="bbox 270 4437 1801 4516; baseline 0.003 -19"><span class='ocrx_word' id='word_1_293' title='bbox 270 4437 449 4515; x_wconf 89' lang='lat' dir='ltr'><strong>bella,</strong></span> <span class='ocrx_word' id='word_1_294' title='bbox 484 4437 1000 4516; x_wconf 87' lang='lat' dir='ltr'><strong>distinguendum</strong></span> <span class='ocrx_word' id='word_1_295' title='bbox 1031 4442 1144 4499; x_wconf 83' lang='lat' dir='ltr'><strong>est.</strong></span> <span class='ocrx_word' id='word_1_296' title='bbox 1169 4440 1328 4498; x_wconf 87' lang='lat' dir='ltr'><strong>Nam</strong></span> <span class='ocrx_word' id='word_1_297' title='bbox 1357 4443 1562 4516; x_wconf 89' lang='lat' dir='ltr'><strong>potest</strong></span> <span class='ocrx_word' id='word_1_298' title='bbox 1587 4439 1649 4499; x_wconf 92' lang='lat' dir='ltr'><strong>id</strong></span> <span class='ocrx_word' id='word_1_299' title='bbox 1680 4440 1801 4501; x_wconf 92' lang='lat' dir='ltr'><strong>du-</strong></span> 
     </span>
     <span class='ocr_line' id='line_1_48' title="bbox 268 4530 1800 4609; baseline 0.003 -19"><span class='ocrx_word' id='word_1_300' title='bbox 268 4531 512 4609; x_wconf 83' lang='lat' dir='ltr'><strong>pliciter</strong></span> <span class='ocrx_word' id='word_1_301' title='bbox 557 4530 717 4591; x_wconf 81' lang='lat' dir='ltr'><strong>fieri.</strong></span> <span class='ocrx_word' id='word_1_302' title='bbox 768 4531 1000 4606; x_wconf 89' lang='lat' dir='ltr'><strong>Prim0,</strong></span> <span class='ocrx_word' id='word_1_303' title='bbox 1053 4530 1104 4591; x_wconf 90' lang='lat' dir='ltr'><strong>si</strong></span> <span class='ocrx_word' id='word_1_304' title='bbox 1133 4532 1441 4609; x_wconf 79' lang='lat' dir='ltr'><strong>praedium</strong></span> <span class='ocrx_word' id='word_1_305' title='bbox 1489 4532 1800 4594; x_wconf 88' lang='lat' dir='ltr'><strong>vendatur</strong></span> 
     </span>
     <span class='ocr_line' id='line_1_49' title="bbox 269 4624 1798 4703; baseline 0.001 -18"><span class='ocrx_word' id='word_1_306' title='bbox 269 4628 521 4685; x_wconf 85' lang='lat' dir='ltr'><strong>centum</strong></span> <span class='ocrx_word' id='word_1_307' title='bbox 551 4624 780 4700; x_wconf 88' lang='lat' dir='ltr'><strong>aureis,</strong></span> <span class='ocrx_word' id='word_1_308' title='bbox 815 4643 876 4685; x_wconf 92' lang='lat' dir='ltr'><strong>v.</strong></span> <span class='ocrx_word' id='word_1_309' title='bbox 909 4643 971 4703; x_wconf 84' lang='lat' dir='ltr'><strong>g.</strong></span> <span class='ocrx_word' id='word_1_310' title='bbox 1007 4642 1149 4684; x_wconf 93' lang='lat' dir='ltr'><strong>cum</strong></span> <span class='ocrx_word' id='word_1_311' title='bbox 1179 4629 1384 4703; x_wconf 81' lang='lat' dir='ltr'><strong>pactO,</strong></span> <span class='ocrx_word' id='word_1_312' title='bbox 1411 4628 1481 4686; x_wconf 91' lang='lat' dir='ltr'><strong>ut</strong></span> <span class='ocrx_word' id='word_1_313' title='bbox 1499 4625 1798 4703; x_wconf 88' lang='lat' dir='ltr'><strong>quamdiu</strong></span> 
     </span>
     <span class='ocr_line' id='line_1_50' title="bbox 269 4717 1791 4796; baseline 0.001 -20"><span class='ocrx_word' id='word_1_314' title='bbox 269 4735 388 4777; x_wconf 94' lang='lat' dir='ltr'><strong>non</strong></span> <span class='ocrx_word' id='word_1_315' title='bbox 417 4717 775 4793; x_wconf 86' lang='lat' dir='ltr'><strong>solvuntur,</strong></span> <span class='ocrx_word' id='word_1_316' title='bbox 827 4717 1057 4778; x_wconf 89' lang='lat' dir='ltr'><strong>dentur</strong></span> <span class='ocrx_word' id='word_1_317' title='bbox 1082 4721 1319 4796; x_wconf 86' lang='lat' dir='ltr'><strong>septem</strong></span> <span class='ocrx_word' id='word_1_318' title='bbox 1368 4718 1539 4777; x_wconf 89' lang='lat' dir='ltr'><strong>aurei</strong></span> <span class='ocrx_word' id='word_1_319' title='bbox 1571 4719 1791 4791; x_wconf 84' lang='lat' dir='ltr'><strong>a11nui;</strong></span> 
     </span>
     <span class='ocr_line' id='line_1_51' title="bbox 266 4809 1792 4888; baseline 0.001 -19"><span class='ocrx_word' id='word_1_320' title='bbox 266 4815 327 4872; x_wconf 90' lang='lat' dir='ltr'><strong>et</strong></span> <span class='ocrx_word' id='word_1_321' title='bbox 351 4815 505 4872; x_wconf 90' lang='lat' dir='ltr'><strong>tunc</strong></span> <span class='ocrx_word' id='word_1_322' title='bbox 536 4809 800 4870; x_wconf 89' lang='lat' dir='ltr'><strong>debetur</strong></span> <span class='ocrx_word' id='word_1_323' title='bbox 828 4828 949 4870; x_wconf 91' lang='lat' dir='ltr'><strong>non</strong></span> <span class='ocrx_word' id='word_1_324' title='bbox 976 4827 1121 4885; x_wconf 89' lang='lat' dir='ltr'><strong>una,</strong></span> <span class='ocrx_word' id='word_1_325' title='bbox 1151 4809 1260 4870; x_wconf 89' lang='lat' dir='ltr'><strong>sed</strong></span> <span class='ocrx_word' id='word_1_326' title='bbox 1278 4809 1505 4888; x_wconf 80' lang='lat' dir='ltr'><strong>duplex</strong></span> <span class='ocrx_word' id='word_1_327' title='bbox 1525 4810 1792 4888; x_wconf 83' lang='lat' dir='ltr'><strong>gabella‚</strong></span> 
     </span>
     <span class='ocr_line' id='line_1_52' title="bbox 267 4901 1800 4982; baseline 0.001 -20"><span class='ocrx_word' id='word_1_328' title='bbox 267 4903 410 4982; x_wconf 84' lang='lat' dir='ltr'><strong>quia</strong></span> <span class='ocrx_word' id='word_1_329' title='bbox 480 4902 821 4963; x_wconf 89' lang='lat' dir='ltr'><strong>intervenit</strong></span> <span class='ocrx_word' id='word_1_330' title='bbox 921 4901 1153 4980; x_wconf 84' lang='lat' dir='ltr'><strong>duplex</strong></span> <span class='ocrx_word' id='word_1_331' title='bbox 1225 4902 1539 4975; x_wconf 85' lang='lat' dir='ltr'><strong>venditio;</strong></span> <span class='ocrx_word' id='word_1_332' title='bbox 1603 4902 1800 4964; x_wconf 88' lang='lat' dir='ltr'><strong>altera</strong></span> 
     </span>
     <span class='ocr_line' id='line_1_53' title="bbox 264 4996 1800 5076; baseline -0.002 -19"><span class='ocrx_word' id='word_1_333' title='bbox 264 4996 485 5076; x_wconf 65' lang='lat' dir='ltr'><strong>praedii</strong></span> <span class='ocrx_word' id='word_1_334' title='bbox 517 5013 631 5074; x_wconf 90' lang='lat' dir='ltr'><strong>pro</strong></span> <span class='ocrx_word' id='word_1_335' title='bbox 679 4998 931 5056; x_wconf 90' lang='lat' dir='ltr'><strong>centum</strong></span> <span class='ocrx_word' id='word_1_336' title='bbox 959 4996 1187 5072; x_wconf 76' lang='lat' dir='ltr'><strong>aureiS,</strong></span> <span class='ocrx_word' id='word_1_337' title='bbox 1224 4996 1421 5057; x_wconf 84' lang='lat' dir='ltr'><strong>altera</strong></span> <span class='ocrx_word' id='word_1_338' title='bbox 1449 5014 1671 5056; x_wconf 90' lang='lat' dir='ltr'><strong>census</strong></span> <span class='ocrx_word' id='word_1_339' title='bbox 1698 5014 1800 5055; x_wconf 87' lang='lat' dir='ltr'><strong>re·</strong></span> 
     </span>
     <span class='ocr_line' id='line_1_54' title="bbox 266 5088 1801 5168; baseline 0 -19"><span class='ocrx_word' id='word_1_340' title='bbox 266 5089 568 5149; x_wconf 90' lang='lat' dir='ltr'><strong>dimibilis</strong></span> <span class='ocrx_word' id='word_1_341' title='bbox 596 5107 709 5168; x_wconf 90' lang='lat' dir='ltr'><strong>pro</strong></span> <span class='ocrx_word' id='word_1_342' title='bbox 747 5088 864 5148; x_wconf 90' lang='lat' dir='ltr'><strong>illis</strong></span> <span class='ocrx_word' id='word_1_343' title='bbox 893 5091 1143 5149; x_wconf 88' lang='lat' dir='ltr'><strong>centum</strong></span> <span class='ocrx_word' id='word_1_344' title='bbox 1175 5089 1406 5166; x_wconf 79' lang='lat' dir='ltr'><strong>aureiS,</strong></span> <span class='ocrx_word' id='word_1_345' title='bbox 1441 5107 1599 5168; x_wconf 90' lang='lat' dir='ltr'><strong>quos</strong></span> <span class='ocrx_word' id='word_1_346' title='bbox 1637 5108 1801 5168; x_wconf 79' lang='lat' dir='ltr'><strong>prae-</strong></span> 
     </span>
     <span class='ocr_line' id='line_1_55' title="bbox 263 5181 1797 5261; baseline 0.001 -20"><span class='ocrx_word' id='word_1_347' title='bbox 263 5181 347 5242; x_wconf 90' lang='lat' dir='ltr'><strong>dii</strong></span> <span class='ocrx_word' id='word_1_348' title='bbox 375 5185 629 5260; x_wconf 88' lang='lat' dir='ltr'><strong>emptor</strong></span> <span class='ocrx_word' id='word_1_349' title='bbox 656 5181 863 5259; x_wconf 89' lang='lat' dir='ltr'><strong>debet,</strong></span> <span class='ocrx_word' id='word_1_350' title='bbox 893 5181 999 5261; x_wconf 89' lang='lat' dir='ltr'><strong>qui</strong></span> <span class='ocrx_word' id='word_1_351' title='bbox 1028 5200 1251 5242; x_wconf 90' lang='lat' dir='ltr'><strong>census</strong></span> <span class='ocrx_word' id='word_1_352' title='bbox 1279 5200 1402 5241; x_wconf 92' lang='lat' dir='ltr'><strong>non</strong></span> <span class='ocrx_word' id='word_1_353' title='bbox 1425 5185 1520 5243; x_wconf 90' lang='lat' dir='ltr'><strong>est</strong></span> <span class='ocrx_word' id='word_1_354' title='bbox 1546 5181 1797 5261; x_wconf 87' lang='lat' dir='ltr'><strong>proprie</strong></span> 
     </span>
     <span class='ocr_line' id='line_1_56' title="bbox 263 5274 1796 5353; baseline 0.001 -20"><span class='ocrx_word' id='word_1_355' title='bbox 263 5275 709 5350; x_wconf 78' lang='lat' dir='ltr'><strong>reservativuS,</strong></span> <span class='ocrx_word' id='word_1_356' title='bbox 741 5292 883 5335; x_wconf 89' lang='lat' dir='ltr'><strong>cum</strong></span> <span class='ocrx_word' id='word_1_357' title='bbox 913 5274 1203 5336; x_wconf 89' lang='lat' dir='ltr'><strong>venditor</strong></span> <span class='ocrx_word' id='word_1_358' title='bbox 1245 5274 1464 5353; x_wconf 86' lang='lat' dir='ltr'><strong>praedii</strong></span> <span class='ocrx_word' id='word_1_359' title='bbox 1494 5275 1649 5335; x_wconf 88' lang='lat' dir='ltr'><strong>nihil</strong></span> <span class='ocrx_word' id='word_1_360' title='bbox 1678 5275 1796 5335; x_wconf 91' lang='lat' dir='ltr'><strong>sibi</strong></span> 
     </span>
     <span class='ocr_line' id='line_1_57' title="bbox 261 5366 1796 5445; baseline 0.001 -19"><span class='ocrx_word' id='word_1_361' title='bbox 261 5372 545 5428; x_wconf 88' lang='lat' dir='ltr'><strong>reservet</strong></span> <span class='ocrx_word' id='word_1_362' title='bbox 570 5367 650 5426; x_wconf 90' lang='lat' dir='ltr'><strong>de</strong></span> <span class='ocrx_word' id='word_1_363' title='bbox 679 5366 937 5445; x_wconf 86' lang='lat' dir='ltr'><strong>praedio,</strong></span> <span class='ocrx_word' id='word_1_364' title='bbox 972 5368 1080 5427; x_wconf 86' lang='lat' dir='ltr'><strong>sed</strong></span> <span class='ocrx_word' id='word_1_365' title='bbox 1111 5368 1351 5445; x_wconf 84' lang='lat' dir='ltr'><strong>integre</strong></span> <span class='ocrx_word' id='word_1_366' title='bbox 1382 5368 1533 5428; x_wconf 90' lang='lat' dir='ltr'><strong>illud</strong></span> <span class='ocrx_word' id='word_1_367' title='bbox 1561 5367 1796 5428; x_wconf 88' lang='lat' dir='ltr'><strong>vendat</strong></span> 
     </span>
     <span class='ocr_line' id='line_1_58' title="bbox 261 5458 1797 5541; baseline 0.003 -22"><span class='ocrx_word' id='word_1_368' title='bbox 261 5477 373 5538; x_wconf 87' lang='lat' dir='ltr'><strong>pro</strong></span> <span class='ocrx_word' id='word_1_369' title='bbox 423 5461 682 5520; x_wconf 87' lang='lat' dir='ltr'><strong>centum</strong></span> <span class='ocrx_word' id='word_1_370' title='bbox 739 5458 965 5536; x_wconf 89' lang='lat' dir='ltr'><strong>aureis,</strong></span> <span class='ocrx_word' id='word_1_371' title='bbox 1016 5478 1092 5520; x_wconf 89' lang='lat' dir='ltr'><strong>ex</strong></span> <span class='ocrx_word' id='word_1_372' title='bbox 1134 5461 1361 5539; x_wconf 89' lang='lat' dir='ltr'><strong>quibus</strong></span> <span class='ocrx_word' id='word_1_373' title='bbox 1389 5465 1607 5541; x_wconf 91' lang='lat' dir='ltr'><strong>postea</strong></span> <span class='ocrx_word' id='word_1_374' title='bbox 1644 5460 1797 5524; x_wconf 91' lang='lat' dir='ltr'><strong>emit</strong></span> 
     </span>
     <span class='ocr_line' id='line_1_59' title="bbox 261 5552 1790 5635; baseline 0.001 -20"><span class='ocrx_word' id='word_1_375' title='bbox 261 5571 522 5615; x_wconf 89' lang='lat' dir='ltr'><strong>censum</strong></span> <span class='ocrx_word' id='word_1_376' title='bbox 570 5552 1009 5615; x_wconf 86' lang='lat' dir='ltr'><strong>redimibilem.</strong></span> <span class='ocrx_word' id='word_1_377' title='bbox 1068 5552 1358 5616; x_wconf 89' lang='lat' dir='ltr'><strong>Secundo</strong></span> <span class='ocrx_word' id='word_1_378' title='bbox 1404 5554 1468 5615; x_wconf 90' lang='lat' dir='ltr'><strong>id</strong></span> <span class='ocrx_word' id='word_1_379' title='bbox 1496 5553 1629 5614; x_wconf 86' lang='lat' dir='ltr'><strong>fieri</strong></span> <span class='ocrx_word' id='word_1_380' title='bbox 1676 5572 1790 5635; x_wconf 88' lang='lat' dir='ltr'><strong>po-</strong></span> 
     </span>
    </p>
   </div>
   <div class='ocr_carea' id='block_1_5' title="bbox 3330 357 3449 418">
    <p class='ocr_par' dir='ltr' id='par_1_7' title="bbox 3330 357 3449 418">
     <span class='ocr_line' id='line_1_60' title="bbox 3330 357 3449 418; baseline 0.017 -1"><span class='ocrx_word' id='word_1_381' title='bbox 3330 357 3449 418; x_wconf 77' lang='lat'><strong>665</strong></span> 
     </span>
    </p>
   </div>
   <div class='ocr_carea' id='block_1_6' title="bbox 1887 534 3449 5636">
    <p class='ocr_par' dir='ltr' id='par_1_8' title="bbox 1887 534 3449 5636">
     <span class='ocr_line' id='line_1_61' title="bbox 1912 534 3449 616; baseline -0.001 -20"><span class='ocrx_word' id='word_1_382' title='bbox 1912 537 2054 612; x_wconf 89' lang='lat' dir='ltr'><strong>test,</strong></span> <span class='ocrx_word' id='word_1_383' title='bbox 2087 535 2141 596; x_wconf 91' lang='lat' dir='ltr'><strong>si</strong></span> <span class='ocrx_word' id='word_1_384' title='bbox 2168 536 2201 597; x_wconf 84' lang='lat' dir='ltr'>J</span> <span class='ocrx_word' id='word_1_385' title='bbox 2209 535 2398 598; x_wconf 89' lang='lat' dir='ltr'><strong>oanni</strong></span> <span class='ocrx_word' id='word_1_386' title='bbox 2421 534 2727 616; x_wconf 65' lang='lat' dir='ltr'><strong>praedium</strong></span> <span class='ocrx_word' id='word_1_387' title='bbox 2757 535 2944 598; x_wconf 88' lang='lat' dir='ltr'><strong>detur</strong></span> <span class='ocrx_word' id='word_1_388' title='bbox 2972 552 3010 594; x_wconf 91' lang='lat' dir='ltr'><strong>a</strong></span> <span class='ocrx_word' id='word_1_389' title='bbox 3038 536 3223 596; x_wconf 87' lang='lat' dir='ltr'><strong>Petro</strong></span> <span class='ocrx_word' id='word_1_390' title='bbox 3250 551 3449 595; x_wconf 89' lang='lat' dir='ltr'><strong>reser-</strong></span> 
     </span>
     <span class='ocr_line' id='line_1_62' title="bbox 1912 629 3448 708; baseline 0.001 -21"><span class='ocrx_word' id='word_1_391' title='bbox 1912 633 2100 690; x_wconf 89' lang='lat' dir='ltr'><strong>vante</strong></span> <span class='ocrx_word' id='word_1_392' title='bbox 2128 629 2246 690; x_wconf 88' lang='lat' dir='ltr'><strong>sibi</strong></span> <span class='ocrx_word' id='word_1_393' title='bbox 2277 647 2502 690; x_wconf 85' lang='lat' dir='ltr'><strong>aureos</strong></span> <span class='ocrx_word' id='word_1_394' title='bbox 2528 632 2770 708; x_wconf 89' lang='lat' dir='ltr'><strong>septem</strong></span> <span class='ocrx_word' id='word_1_395' title='bbox 2790 646 3057 704; x_wconf 88' lang='lat' dir='ltr'><strong>annuos,</strong></span> <span class='ocrx_word' id='word_1_396' title='bbox 3082 645 3239 707; x_wconf 89' lang='lat' dir='ltr'><strong>quos</strong></span> <span class='ocrx_word' id='word_1_397' title='bbox 3259 629 3292 691; x_wconf 82' lang='lat' dir='ltr'>J</span> <span class='ocrx_word' id='word_1_398' title='bbox 3299 645 3448 689; x_wconf 86' lang='lat' dir='ltr'><strong>oan-</strong></span> 
     </span>
     <span class='ocr_line' id='line_1_63' title="bbox 1914 720 3448 800; baseline 0 -20"><span class='ocrx_word' id='word_1_399' title='bbox 1914 739 2026 782; x_wconf 91' lang='lat' dir='ltr'><strong>nes</strong></span> <span class='ocrx_word' id='word_1_400' title='bbox 2053 722 2362 783; x_wconf 90' lang='lat' dir='ltr'><strong>redimere</strong></span> <span class='ocrx_word' id='word_1_401' title='bbox 2403 722 2596 800; x_wconf 88' lang='lat' dir='ltr'><strong>possit</strong></span> <span class='ocrx_word' id='word_1_402' title='bbox 2625 721 2788 783; x_wconf 86' lang='lat' dir='ltr'><strong>datis</strong></span> <span class='ocrx_word' id='word_1_403' title='bbox 2831 725 3081 783; x_wconf 90' lang='lat' dir='ltr'><strong>centum</strong></span> <span class='ocrx_word' id='word_1_404' title='bbox 3121 720 3326 782; x_wconf 88' lang='lat' dir='ltr'><strong>aureis</strong></span> <span class='ocrx_word' id='word_1_405' title='bbox 3354 738 3448 780; x_wconf 92' lang='lat' dir='ltr'><strong>se-</strong></span> 
     </span>
     <span class='ocr_line' id='line_1_64' title="bbox 1914 813 3448 895; baseline 0.001 -22"><span class='ocrx_word' id='word_1_406' title='bbox 1914 814 2060 876; x_wconf 91' lang='lat' dir='ltr'><strong>mel.</strong></span> <span class='ocrx_word' id='word_1_407' title='bbox 2109 816 2242 888; x_wconf 89' lang='lat' dir='ltr'><strong>Quo</strong></span> <span class='ocrx_word' id='word_1_408' title='bbox 2290 833 2438 876; x_wconf 88' lang='lat' dir='ltr'><strong>casu</strong></span> <span class='ocrx_word' id='word_1_409' title='bbox 2487 815 2676 895; x_wconf 87' lang='lat' dir='ltr'><strong>aliqui</strong></span> <span class='ocrx_word' id='word_1_410' title='bbox 2735 814 2973 890; x_wconf 90' lang='lat' dir='ltr'><strong>dicunt,</strong></span> <span class='ocrx_word' id='word_1_411' title='bbox 3019 813 3235 873; x_wconf 87' lang='lat' dir='ltr'><strong>deberi</strong></span> <span class='ocrx_word' id='word_1_412' title='bbox 3290 813 3448 874; x_wconf 86' lang='lat' dir='ltr'><strong>duas</strong></span> 
     </span>
     <span class='ocr_line' id='line_1_65' title="bbox 1915 906 3445 989; baseline -0.001 -22"><span class='ocrx_word' id='word_1_413' title='bbox 1915 907 2194 986; x_wconf 83' lang='lat' dir='ltr'><strong>gabellas</strong></span> <span class='ocrx_word' id='word_1_414' title='bbox 2238 913 2498 989; x_wconf 88' lang='lat' dir='ltr'><strong>propter</strong></span> <span class='ocrx_word' id='word_1_415' title='bbox 2541 907 2857 987; x_wconf 88' lang='lat' dir='ltr'><strong>duplicem</strong></span> <span class='ocrx_word' id='word_1_416' title='bbox 2884 906 3311 967; x_wconf 89' lang='lat' dir='ltr'><strong>venditionem</strong></span> <span class='ocrx_word' id='word_1_417' title='bbox 3359 906 3445 966; x_wconf 93' lang='lat' dir='ltr'><strong>ibi</strong></span> 
     </span>
     <span class='ocr_line' id='line_1_66' title="bbox 1913 999 3448 1079; baseline 0.001 -20"><span class='ocrx_word' id='word_1_418' title='bbox 1913 999 2242 1078; x_wconf 83' lang='lat' dir='ltr'><strong>inclusam,</strong></span> <span class='ocrx_word' id='word_1_419' title='bbox 2275 1006 2346 1062; x_wconf 89' lang='lat' dir='ltr'><strong>nt</strong></span> <span class='ocrx_word' id='word_1_420' title='bbox 2373 1002 2435 1061; x_wconf 93' lang='lat' dir='ltr'><strong>in</strong></span> <span class='ocrx_word' id='word_1_421' title='bbox 2465 1020 2613 1061; x_wconf 89' lang='lat' dir='ltr'><strong>casu</strong></span> <span class='ocrx_word' id='word_1_422' title='bbox 2642 999 3044 1079; x_wconf 75' lang='lat' dir='ltr'><strong>praecedenti.</strong></span> <span class='ocrx_word' id='word_1_423' title='bbox 3080 999 3200 1059; x_wconf 88' lang='lat' dir='ltr'><strong>Alii</strong></span> <span class='ocrx_word' id='word_1_424' title='bbox 3230 999 3448 1062; x_wconf 88' lang='lat' dir='ltr'><strong>dicunt</strong></span> 
     </span>
     <span class='ocr_line' id='line_1_67' title="bbox 1914 1091 3447 1171; baseline -0.001 -18"><span class='ocrx_word' id='word_1_425' title='bbox 1914 1092 2130 1154; x_wconf 87' lang='lat' dir='ltr'><strong>deberi</strong></span> <span class='ocrx_word' id='word_1_426' title='bbox 2159 1094 2410 1155; x_wconf 90' lang='lat' dir='ltr'><strong>unicam</strong></span> <span class='ocrx_word' id='word_1_427' title='bbox 2458 1112 2496 1153; x_wconf 87' lang='lat' dir='ltr'><strong>a</strong></span> <span class='ocrx_word' id='word_1_428' title='bbox 2522 1092 2848 1154; x_wconf 88' lang='lat' dir='ltr'><strong>venditore</strong></span> <span class='ocrx_word' id='word_1_429' title='bbox 2884 1091 3124 1171; x_wconf 80' lang='lat' dir='ltr'><strong>praedii.</strong></span> <span class='ocrx_word' id='word_1_430' title='bbox 3164 1092 3283 1152; x_wconf 82' lang='lat' dir='ltr'><strong>Alii</strong></span> <span class='ocrx_word' id='word_1_431' title='bbox 3312 1110 3447 1152; x_wconf 88' lang='lat' dir='ltr'><strong>me-</strong></span> 
     </span>
     <span class='ocr_line' id='line_1_68' title="bbox 1910 1183 3445 1263; baseline -0.001 -18"><span class='ocrx_word' id='word_1_432' title='bbox 1910 1186 2030 1246; x_wconf 89' lang='lat' dir='ltr'><strong>lius</strong></span> <span class='ocrx_word' id='word_1_433' title='bbox 2081 1186 2319 1263; x_wconf 89' lang='lat' dir='ltr'><strong>dicunt,</strong></span> <span class='ocrx_word' id='word_1_434' title='bbox 2375 1187 2612 1247; x_wconf 89' lang='lat' dir='ltr'><strong>nullam</strong></span> <span class='ocrx_word' id='word_1_435' title='bbox 2643 1190 2793 1246; x_wconf 91' lang='lat' dir='ltr'><strong>tunc</strong></span> <span class='ocrx_word' id='word_1_436' title='bbox 2838 1183 3077 1260; x_wconf 87' lang='lat' dir='ltr'><strong>deberi,</strong></span> <span class='ocrx_word' id='word_1_437' title='bbox 3110 1184 3221 1244; x_wconf 89' lang='lat' dir='ltr'><strong>sed</strong></span> <span class='ocrx_word' id='word_1_438' title='bbox 3252 1202 3445 1244; x_wconf 87' lang='lat' dir='ltr'><strong>unam</strong></span> 
     </span>
     <span class='ocr_line' id='line_1_69' title="bbox 1910 1276 3447 1359; baseline -0.003 -19"><span class='ocrx_word' id='word_1_439' title='bbox 1910 1282 2133 1358; x_wconf 87' lang='lat' dir='ltr'><strong>postea</strong></span> <span class='ocrx_word' id='word_1_440' title='bbox 2162 1289 2415 1359; x_wconf 88' lang='lat' dir='ltr'><strong>quando</strong></span> <span class='ocrx_word' id='word_1_441' title='bbox 2450 1278 2793 1339; x_wconf 88' lang='lat' dir='ltr'><strong>redimetur</strong></span> <span class='ocrx_word' id='word_1_442' title='bbox 2820 1295 3065 1353; x_wconf 78' lang='lat' dir='ltr'><strong>censuS,</strong></span> <span class='ocrx_word' id='word_1_443' title='bbox 3099 1281 3162 1337; x_wconf 90' lang='lat' dir='ltr'><strong>et</strong></span> <span class='ocrx_word' id='word_1_444' title='bbox 3190 1276 3447 1356; x_wconf 87' lang='lat' dir='ltr'><strong>quidem</strong></span> 
     </span>
     <span class='ocr_line' id='line_1_70' title="bbox 1914 1368 3446 1450; baseline -0.001 -20"><span class='ocrx_word' id='word_1_445' title='bbox 1914 1371 2216 1433; x_wconf 89' lang='lat' dir='ltr'><strong>solvenda</strong></span> <span class='ocrx_word' id='word_1_446' title='bbox 2242 1371 2610 1450; x_wconf 80' lang='lat' dir='ltr'><strong>gabellariO,</strong></span> <span class='ocrx_word' id='word_1_447' title='bbox 2645 1369 2749 1449; x_wconf 92' lang='lat' dir='ltr'><strong>qui</strong></span> <span class='ocrx_word' id='word_1_448' title='bbox 2777 1373 2927 1432; x_wconf 90' lang='lat' dir='ltr'><strong>tunc</strong></span> <span class='ocrx_word' id='word_1_449' title='bbox 2945 1368 3154 1444; x_wconf 88' lang='lat' dir='ltr'><strong>fuerit,</strong></span> <span class='ocrx_word' id='word_1_450' title='bbox 3189 1386 3313 1429; x_wconf 91' lang='lat' dir='ltr'><strong>non</strong></span> <span class='ocrx_word' id='word_1_451' title='bbox 3337 1368 3446 1447; x_wconf 87' lang='lat' dir='ltr'><strong>qui</strong></span> 
     </span>
     <span class='ocr_line' id='line_1_71' title="bbox 1911 1460 3445 1543; baseline -0.002 -19"><span class='ocrx_word' id='word_1_452' title='bbox 1911 1464 2117 1526; x_wconf 84' lang='lat' dir='ltr'><strong>fuerat</strong></span> <span class='ocrx_word' id='word_1_453' title='bbox 2160 1469 2443 1543; x_wconf 88' lang='lat' dir='ltr'><strong>tempore</strong></span> <span class='ocrx_word' id='word_1_454' title='bbox 2505 1466 2886 1525; x_wconf 62' lang='lat' dir='ltr'><strong>contractus</strong></span> <span class='ocrx_word' id='word_1_455' title='bbox 2941 1464 3247 1523; x_wconf 88' lang='lat' dir='ltr'><strong>Auctores</strong></span> <span class='ocrx_word' id='word_1_456' title='bbox 3299 1460 3445 1522; x_wconf 89' lang='lat' dir='ltr'><strong>vide</strong></span> 
     </span>
     <span class='ocr_line' id='line_1_72' title="bbox 1914 1553 3446 1636; baseline -0.002 -19"><span class='ocrx_word' id='word_1_457' title='bbox 1914 1557 2080 1636; x_wconf 87' lang='lat' dir='ltr'><strong>apud</strong></span> <span class='ocrx_word' id='word_1_458' title='bbox 2105 1557 2404 1618; x_wconf 87' lang='lat' dir='ltr'><strong>Molinam</strong></span> <span class='ocrx_word' id='word_1_459' title='bbox 2429 1557 2569 1617; x_wconf 78' lang='lat' dir='ltr'><strong>loco</strong></span> <span class='ocrx_word' id='word_1_460' title='bbox 2597 1556 2804 1629; x_wconf 86' lang='lat' dir='ltr'><strong>citato,</strong></span> <span class='ocrx_word' id='word_1_461' title='bbox 2831 1555 2938 1635; x_wconf 88' lang='lat' dir='ltr'><strong>qui</strong></span> <span class='ocrx_word' id='word_1_462' title='bbox 2969 1554 3131 1614; x_wconf 87' lang='lat' dir='ltr'><strong>hanc</strong></span> <span class='ocrx_word' id='word_1_463' title='bbox 3160 1553 3446 1614; x_wconf 89' lang='lat' dir='ltr'><strong>ultimam</strong></span> 
     </span>
     <span class='ocr_line' id='line_1_73' title="bbox 1913 1645 3445 1728; baseline -0.003 -17"><span class='ocrx_word' id='word_1_464' title='bbox 1913 1649 2287 1711; x_wconf 84' lang='lat' dir='ltr'><strong>sententiam</strong></span> <span class='ocrx_word' id='word_1_465' title='bbox 2327 1649 2727 1727; x_wconf 86' lang='lat' dir='ltr'><strong>amplectitur</strong></span> <span class='ocrx_word' id='word_1_466' title='bbox 2771 1666 2961 1728; x_wconf 90' lang='lat' dir='ltr'><strong>quam</strong></span> <span class='ocrx_word' id='word_1_467' title='bbox 2989 1646 3199 1727; x_wconf 84' lang='lat' dir='ltr'><strong>praxis</strong></span> <span class='ocrx_word' id='word_1_468' title='bbox 3227 1645 3445 1708; x_wconf 86' lang='lat' dir='ltr'><strong>obser·</strong></span> 
     </span>
     <span class='ocr_line' id='line_1_74' title="bbox 1911 1740 3448 1821; baseline -0.003 -19"><span class='ocrx_word' id='word_1_469' title='bbox 1911 1746 2039 1804; x_wconf 84' lang='lat' dir='ltr'><strong>vat.</strong></span> <span class='ocrx_word' id='word_1_470' title='bbox 2074 1743 2255 1803; x_wconf 87' lang='lat' dir='ltr'><strong>Ratio</strong></span> <span class='ocrx_word' id='word_1_471' title='bbox 2284 1746 2497 1804; x_wconf 89' lang='lat' dir='ltr'><strong>autem</strong></span> <span class='ocrx_word' id='word_1_472' title='bbox 2527 1745 2642 1818; x_wconf 89' lang='lat' dir='ltr'><strong>est,</strong></span> <span class='ocrx_word' id='word_1_473' title='bbox 2663 1740 2809 1821; x_wconf 87' lang='lat' dir='ltr'><strong>quia</strong></span> <span class='ocrx_word' id='word_1_474' title='bbox 2840 1759 2914 1800; x_wconf 87' lang='lat' dir='ltr'><strong>ex</strong></span> <span class='ocrx_word' id='word_1_475' title='bbox 2943 1758 3136 1800; x_wconf 89' lang='lat' dir='ltr'><strong>censu</strong></span> <span class='ocrx_word' id='word_1_476' title='bbox 3163 1756 3448 1799; x_wconf 88' lang='lat' dir='ltr'><strong>reserva-</strong></span> 
     </span>
     <span class='ocr_line' id='line_1_75' title="bbox 1909 1832 3447 1913; baseline -0.004 -17"><span class='ocrx_word' id='word_1_477' title='bbox 1909 1835 2039 1896; x_wconf 91' lang='lat' dir='ltr'><strong>tivo</strong></span> <span class='ocrx_word' id='word_1_478' title='bbox 2069 1853 2194 1895; x_wconf 91' lang='lat' dir='ltr'><strong>non</strong></span> <span class='ocrx_word' id='word_1_479' title='bbox 2225 1835 2490 1896; x_wconf 87' lang='lat' dir='ltr'><strong>debetur</strong></span> <span class='ocrx_word' id='word_1_480' title='bbox 2514 1834 2784 1913; x_wconf 82' lang='lat' dir='ltr'><strong>gabella,</strong></span> <span class='ocrx_word' id='word_1_481' title='bbox 2818 1838 2887 1895; x_wconf 92' lang='lat' dir='ltr'><strong>ut</strong></span> <span class='ocrx_word' id='word_1_482' title='bbox 2915 1832 3151 1893; x_wconf 88' lang='lat' dir='ltr'><strong>dictum</strong></span> <span class='ocrx_word' id='word_1_483' title='bbox 3181 1835 3275 1892; x_wconf 88' lang='lat' dir='ltr'><strong>est</strong></span> <span class='ocrx_word' id='word_1_484' title='bbox 3307 1849 3320 1895; x_wconf 90' lang='lat'>:</span> <span class='ocrx_word' id='word_1_485' title='bbox 3352 1832 3447 1891; x_wconf 86' lang='lat' dir='ltr'><strong>fa·</strong></span> 
     </span>
     <span class='ocr_line' id='line_1_76' title="bbox 1912 1924 3442 2004; baseline -0.003 -16"><span class='ocrx_word' id='word_1_486' title='bbox 1912 1927 2111 1989; x_wconf 88' lang='lat' dir='ltr'><strong>cultas</strong></span> <span class='ocrx_word' id='word_1_487' title='bbox 2139 1946 2289 1989; x_wconf 91' lang='lat' dir='ltr'><strong>vero</strong></span> <span class='ocrx_word' id='word_1_488' title='bbox 2339 1927 2574 2004; x_wconf 87' lang='lat' dir='ltr'><strong>addita,</strong></span> <span class='ocrx_word' id='word_1_489' title='bbox 2608 1931 2676 1988; x_wconf 90' lang='lat' dir='ltr'><strong>ut</strong></span> <span class='ocrx_word' id='word_1_490' title='bbox 2720 1944 2943 1987; x_wconf 86' lang='lat' dir='ltr'><strong>census</strong></span> <span class='ocrx_word' id='word_1_491' title='bbox 2972 1924 3198 1985; x_wconf 89' lang='lat' dir='ltr'><strong>redimi</strong></span> <span class='ocrx_word' id='word_1_492' title='bbox 3225 1924 3442 2004; x_wconf 86' lang='lat' dir='ltr'><strong>possit,</strong></span> 
     </span>
     <span class='ocr_line' id='line_1_77' title="bbox 1912 2016 3446 2099; baseline -0.003 -18"><span class='ocrx_word' id='word_1_493' title='bbox 1912 2037 2037 2081; x_wconf 92' lang='lat' dir='ltr'><strong>non</strong></span> <span class='ocrx_word' id='word_1_494' title='bbox 2083 2019 2235 2082; x_wconf 84' lang='lat' dir='ltr'><strong>facit</strong></span> <span class='ocrx_word' id='word_1_495' title='bbox 2279 2020 2708 2083; x_wconf 88' lang='lat' dir='ltr'><strong>venditionem</strong></span> <span class='ocrx_word' id='word_1_496' title='bbox 2762 2019 3039 2099; x_wconf 87' lang='lat' dir='ltr'><strong>aliquam</strong></span> <span class='ocrx_word' id='word_1_497' title='bbox 3092 2036 3235 2079; x_wconf 88' lang='lat' dir='ltr'><strong>cum</strong></span> <span class='ocrx_word' id='word_1_498' title='bbox 3290 2016 3446 2078; x_wconf 88' lang='lat' dir='ltr'><strong>nihil</strong></span> 
     </span>
     <span class='ocr_line' id='line_1_78' title="bbox 1912 2109 3447 2192; baseline -0.001 -19"><span class='ocrx_word' id='word_1_499' title='bbox 1912 2132 2025 2192; x_wconf 90' lang='lat' dir='ltr'><strong>pro</strong></span> <span class='ocrx_word' id='word_1_500' title='bbox 2058 2112 2163 2173; x_wconf 90' lang='lat' dir='ltr'><strong>illa</strong></span> <span class='ocrx_word' id='word_1_501' title='bbox 2218 2114 2513 2175; x_wconf 88' lang='lat' dir='ltr'><strong>facultate</strong></span> <span class='ocrx_word' id='word_1_502' title='bbox 2568 2114 2751 2175; x_wconf 86' lang='lat' dir='ltr'><strong>detur</strong></span> <span class='ocrx_word' id='word_1_503' title='bbox 2799 2114 3130 2188; x_wconf 84' lang='lat' dir='ltr'><strong>aJoanne,</strong></span> <span class='ocrx_word' id='word_1_504' title='bbox 3173 2128 3319 2171; x_wconf 89' lang='lat' dir='ltr'><strong>nam</strong></span> <span class='ocrx_word' id='word_1_505' title='bbox 3340 2109 3447 2189; x_wconf 85' lang='lat' dir='ltr'><strong>jus</strong></span> 
     </span>
     <span class='ocr_line' id='line_1_79' title="bbox 1913 2204 3445 2285; baseline -0.001 -19"><span class='ocrx_word' id='word_1_506' title='bbox 1913 2206 1992 2266; x_wconf 89' lang='lat' dir='ltr'><strong>ad</strong></span> <span class='ocrx_word' id='word_1_507' title='bbox 2022 2225 2248 2267; x_wconf 89' lang='lat' dir='ltr'><strong>aureos</strong></span> <span class='ocrx_word' id='word_1_508' title='bbox 2278 2211 2518 2285; x_wconf 86' lang='lat' dir='ltr'><strong>septem</strong></span> <span class='ocrx_word' id='word_1_509' title='bbox 2550 2224 2791 2267; x_wconf 89' lang='lat' dir='ltr'><strong>annuos</strong></span> <span class='ocrx_word' id='word_1_510' title='bbox 2822 2224 2946 2266; x_wconf 84' lang='lat' dir='ltr'><strong>non</strong></span> <span class='ocrx_word' id='word_1_511' title='bbox 2977 2207 3165 2266; x_wconf 85' lang='lat' dir='ltr'><strong>datur</strong></span> <span class='ocrx_word' id='word_1_512' title='bbox 3191 2223 3230 2264; x_wconf 92' lang='lat' dir='ltr'><strong>a</strong></span> <span class='ocrx_word' id='word_1_513' title='bbox 3257 2204 3445 2265; x_wconf 88' lang='lat' dir='ltr'><strong>Joan-</strong></span> 
     </span>
     <span class='ocr_line' id='line_1_80' title="bbox 1913 2292 3447 2375; baseline -0.001 -16"><span class='ocrx_word' id='word_1_514' title='bbox 1913 2318 2012 2375; x_wconf 90' lang='lat' dir='ltr'><strong>ne,</strong></span> <span class='ocrx_word' id='word_1_515' title='bbox 2057 2299 2169 2359; x_wconf 87' lang='lat' dir='ltr'><strong>sed</strong></span> <span class='ocrx_word' id='word_1_516' title='bbox 2214 2299 2366 2359; x_wconf 90' lang='lat' dir='ltr'><strong>illud</strong></span> <span class='ocrx_word' id='word_1_517' title='bbox 2417 2302 2637 2360; x_wconf 87' lang='lat' dir='ltr'><strong>Petrus</strong></span> <span class='ocrx_word' id='word_1_518' title='bbox 2683 2299 2803 2359; x_wconf 89' lang='lat' dir='ltr'><strong>sibi</strong></span> <span class='ocrx_word' id='word_1_519' title='bbox 2835 2292 3135 2375; x_wconf 86' lang='lat' dir='ltr'><strong>reservat,</strong></span> <span class='ocrx_word' id='word_1_520' title='bbox 3168 2315 3311 2358; x_wconf 90' lang='lat' dir='ltr'><strong>cum</strong></span> <span class='ocrx_word' id='word_1_521' title='bbox 3340 2296 3447 2357; x_wconf 90' lang='lat' dir='ltr'><strong>illa</strong></span> 
     </span>
     <span class='ocr_line' id='line_1_81' title="bbox 1909 2390 3446 2470; baseline -0.003 -18"><span class='ocrx_word' id='word_1_522' title='bbox 1909 2395 2121 2452; x_wconf 84' lang='lat' dir='ltr'><strong>tamen</strong></span> <span class='ocrx_word' id='word_1_523' title='bbox 2169 2392 2560 2468; x_wconf 87' lang='lat' dir='ltr'><strong>limitatione,</strong></span> <span class='ocrx_word' id='word_1_524' title='bbox 2612 2396 2683 2453; x_wconf 91' lang='lat' dir='ltr'><strong>ut</strong></span> <span class='ocrx_word' id='word_1_525' title='bbox 2726 2393 3001 2454; x_wconf 89' lang='lat' dir='ltr'><strong>Joannes</strong></span> <span class='ocrx_word' id='word_1_526' title='bbox 3048 2390 3245 2470; x_wconf 91' lang='lat' dir='ltr'><strong>possit</strong></span> <span class='ocrx_word' id='word_1_527' title='bbox 3287 2406 3446 2450; x_wconf 90' lang='lat' dir='ltr'><strong>onus</strong></span> 
     </span>
     <span class='ocr_line' id='line_1_82' title="bbox 1912 2483 3445 2564; baseline -0.001 -20"><span class='ocrx_word' id='word_1_528' title='bbox 1912 2484 2063 2544; x_wconf 89' lang='lat' dir='ltr'><strong>illud</strong></span> <span class='ocrx_word' id='word_1_529' title='bbox 2093 2484 2426 2560; x_wconf 89' lang='lat' dir='ltr'><strong>redimere,</strong></span> <span class='ocrx_word' id='word_1_530' title='bbox 2461 2484 2628 2564; x_wconf 89' lang='lat' dir='ltr'><strong>quod</strong></span> <span class='ocrx_word' id='word_1_531' title='bbox 2660 2487 2755 2545; x_wconf 90' lang='lat' dir='ltr'><strong>est</strong></span> <span class='ocrx_word' id='word_1_532' title='bbox 2782 2486 3036 2546; x_wconf 89' lang='lat' dir='ltr'><strong>Petrum</strong></span> <span class='ocrx_word' id='word_1_533' title='bbox 3067 2483 3347 2561; x_wconf 82' lang='lat' dir='ltr'><strong>obligare</strong></span> <span class='ocrx_word' id='word_1_534' title='bbox 3378 2499 3445 2543; x_wconf 89' lang='lat' dir='ltr'><strong>se</strong></span> 
     </span>
     <span class='ocr_line' id='line_1_83' title="bbox 1911 2577 3445 2657; baseline -0.003 -18"><span class='ocrx_word' id='word_1_535' title='bbox 1911 2578 1993 2639; x_wconf 86' lang='lat' dir='ltr'><strong>ad</strong></span> <span class='ocrx_word' id='word_1_536' title='bbox 2023 2577 2422 2638; x_wconf 91' lang='lat' dir='ltr'><strong>vendendum</strong></span> <span class='ocrx_word' id='word_1_537' title='bbox 2464 2577 2570 2657; x_wconf 89' lang='lat' dir='ltr'><strong>jus</strong></span> <span class='ocrx_word' id='word_1_538' title='bbox 2609 2577 2785 2654; x_wconf 90' lang='lat' dir='ltr'><strong>illud,</strong></span> <span class='ocrx_word' id='word_1_539' title='bbox 2820 2577 2987 2657; x_wconf 89' lang='lat' dir='ltr'><strong>quod</strong></span> <span class='ocrx_word' id='word_1_540' title='bbox 3019 2577 3137 2638; x_wconf 90' lang='lat' dir='ltr'><strong>sibi</strong></span> <span class='ocrx_word' id='word_1_541' title='bbox 3165 2592 3445 2636; x_wconf 89' lang='lat' dir='ltr'><strong>reserva-</strong></span> 
     </span>
     <span class='ocr_line' id='line_1_84' title="bbox 1911 2670 3445 2750; baseline -0.002 -18"><span class='ocrx_word' id='word_1_542' title='bbox 1911 2671 2001 2732; x_wconf 89' lang='lat' dir='ltr'><strong>vit</strong></span> <span class='ocrx_word' id='word_1_543' title='bbox 2031 2670 2110 2731; x_wconf 86' lang='lat' dir='ltr'><strong>ad</strong></span> <span class='ocrx_word' id='word_1_544' title='bbox 2142 2673 2381 2749; x_wconf 90' lang='lat' dir='ltr'><strong>septem</strong></span> <span class='ocrx_word' id='word_1_545' title='bbox 2410 2689 2655 2747; x_wconf 87' lang='lat' dir='ltr'><strong>aureos,</strong></span> <span class='ocrx_word' id='word_1_546' title='bbox 2718 2671 2962 2750; x_wconf 89' lang='lat' dir='ltr'><strong>quoties</strong></span> <span class='ocrx_word' id='word_1_547' title='bbox 2990 2672 3023 2733; x_wconf 86' lang='lat' dir='ltr'>J</span> <span class='ocrx_word' id='word_1_548' title='bbox 3031 2688 3265 2730; x_wconf 87' lang='lat' dir='ltr'><strong>oannes</strong></span> <span class='ocrx_word' id='word_1_549' title='bbox 3306 2688 3445 2749; x_wconf 90' lang='lat' dir='ltr'><strong>pre-</strong></span> 
     </span>
     <span class='ocr_line' id='line_1_85' title="bbox 1910 2760 3443 2835; baseline -0.001 -11"><span class='ocrx_word' id='word_1_550' title='bbox 1910 2763 2065 2824; x_wconf 86' lang='lat' dir='ltr'><strong>tium</strong></span> <span class='ocrx_word' id='word_1_551' title='bbox 2114 2763 2441 2835; x_wconf 88' lang='lat' dir='ltr'><strong>obtulerit;</strong></span> <span class='ocrx_word' id='word_1_552' title='bbox 2493 2781 2618 2823; x_wconf 91' lang='lat' dir='ltr'><strong>non</strong></span> <span class='ocrx_word' id='word_1_553' title='bbox 2663 2766 2873 2824; x_wconf 86' lang='lat' dir='ltr'><strong>tamen</strong></span> <span class='ocrx_word' id='word_1_554' title='bbox 2906 2762 3123 2824; x_wconf 85' lang='lat' dir='ltr'><strong>vendit</strong></span> <span class='ocrx_word' id='word_1_555' title='bbox 3169 2780 3336 2822; x_wconf 90' lang='lat' dir='ltr'><strong>nunc</strong></span> <span class='ocrx_word' id='word_1_556' title='bbox 3365 2760 3443 2823; x_wconf 89' lang='lat' dir='ltr'><strong>de</strong></span> 
     </span>
     <span class='ocr_line' id='line_1_86' title="bbox 1908 2854 3439 2936; baseline 0.003 -21"><span class='ocrx_word' id='word_1_557' title='bbox 1908 2856 2072 2917; x_wconf 82' lang='lat' dir='ltr'><strong>facto</strong></span> <span class='ocrx_word' id='word_1_558' title='bbox 2108 2876 2120 2917; x_wconf 92' lang='lat'>:</span> <span class='ocrx_word' id='word_1_559' title='bbox 2155 2856 2431 2936; x_wconf 89' lang='lat' dir='ltr'><strong>alioquin</strong></span> <span class='ocrx_word' id='word_1_560' title='bbox 2471 2856 2747 2917; x_wconf 88' lang='lat' dir='ltr'><strong>Joannes</strong></span> <span class='ocrx_word' id='word_1_561' title='bbox 2798 2854 3109 2933; x_wconf 83' lang='lat' dir='ltr'><strong>obligatus</strong></span> <span class='ocrx_word' id='word_1_562' title='bbox 3148 2857 3439 2920; x_wconf 78' lang='lat' dir='ltr'><strong>maneret</strong></span> 
     </span>
     <span class='ocr_line' id='line_1_87' title="bbox 1908 2947 3436 3026; baseline 0 -17"><span class='ocrx_word' id='word_1_563' title='bbox 1908 2949 1988 3010; x_wconf 87' lang='lat' dir='ltr'><strong>ad</strong></span> <span class='ocrx_word' id='word_1_564' title='bbox 2020 2948 2410 3009; x_wconf 83' lang='lat' dir='ltr'><strong>offerendum</strong></span> <span class='ocrx_word' id='word_1_565' title='bbox 2438 2952 2503 3009; x_wconf 90' lang='lat' dir='ltr'><strong>et</strong></span> <span class='ocrx_word' id='word_1_566' title='bbox 2528 2947 2898 3009; x_wconf 90' lang='lat' dir='ltr'><strong>solvendum</strong></span> <span class='ocrx_word' id='word_1_567' title='bbox 2927 2947 3199 3026; x_wconf 86' lang='lat' dir='ltr'><strong>pretium</strong></span> <span class='ocrx_word' id='word_1_568' title='bbox 3228 2949 3436 3009; x_wconf 74' lang='lat' dir='ltr'><strong>Petro.</strong></span> 
     </span>
     <span class='ocr_line' id='line_1_88' title="bbox 1909 3040 3441 3121; baseline -0.001 -19"><span class='ocrx_word' id='word_1_569' title='bbox 1909 3044 2134 3103; x_wconf 85' lang='lat' dir='ltr'><strong>Postea</strong></span> <span class='ocrx_word' id='word_1_570' title='bbox 2182 3060 2354 3121; x_wconf 83' lang='lat' dir='ltr'><strong>ergo,</strong></span> <span class='ocrx_word' id='word_1_571' title='bbox 2405 3042 2657 3121; x_wconf 89' lang='lat' dir='ltr'><strong>quando</strong></span> <span class='ocrx_word' id='word_1_572' title='bbox 2704 3040 3036 3102; x_wconf 88' lang='lat' dir='ltr'><strong>redimitur</strong></span> <span class='ocrx_word' id='word_1_573' title='bbox 3068 3059 3314 3116; x_wconf 76' lang='lat' dir='ltr'><strong>censuS,</strong></span> <span class='ocrx_word' id='word_1_574' title='bbox 3368 3042 3441 3101; x_wconf 83' lang='lat' dir='ltr'><strong>fit</strong></span> 
     </span>
     <span class='ocr_line' id='line_1_89' title="bbox 1908 3134 3441 3214; baseline 0 -18"><span class='ocrx_word' id='word_1_575' title='bbox 1908 3134 2110 3214; x_wconf 90' lang='lat' dir='ltr'><strong>prima</strong></span> <span class='ocrx_word' id='word_1_576' title='bbox 2152 3134 2450 3210; x_wconf 89' lang='lat' dir='ltr'><strong>venditi0,</strong></span> <span class='ocrx_word' id='word_1_577' title='bbox 2498 3152 2621 3214; x_wconf 88' lang='lat' dir='ltr'><strong>qua</strong></span> <span class='ocrx_word' id='word_1_578' title='bbox 2666 3134 2942 3196; x_wconf 88' lang='lat' dir='ltr'><strong>Joannes</strong></span> <span class='ocrx_word' id='word_1_579' title='bbox 2990 3134 3143 3196; x_wconf 90' lang='lat' dir='ltr'><strong>emit</strong></span> <span class='ocrx_word' id='word_1_580' title='bbox 3170 3152 3207 3194; x_wconf 89' lang='lat' dir='ltr'><strong>a</strong></span> <span class='ocrx_word' id='word_1_581' title='bbox 3257 3136 3441 3196; x_wconf 86' lang='lat' dir='ltr'><strong>Petro</strong></span> 
     </span>
     <span class='ocr_line' id='line_1_90' title="bbox 1900 3227 3443 3308; baseline 0.001 -21"><span class='ocrx_word' id='word_1_582' title='bbox 1900 3227 2005 3308; x_wconf 87' lang='lat' dir='ltr'><strong>jus</strong></span> <span class='ocrx_word' id='word_1_583' title='bbox 2031 3228 2199 3308; x_wconf 87' lang='lat' dir='ltr'><strong>quod</strong></span> <span class='ocrx_word' id='word_1_584' title='bbox 2220 3228 2338 3288; x_wconf 90' lang='lat' dir='ltr'><strong>sibi</strong></span> <span class='ocrx_word' id='word_1_585' title='bbox 2357 3231 2823 3301; x_wconf 88' lang='lat' dir='ltr'><strong>reservaverat;</strong></span> <span class='ocrx_word' id='word_1_586' title='bbox 2845 3245 3036 3307; x_wconf 87' lang='lat' dir='ltr'><strong>quam</strong></span> <span class='ocrx_word' id='word_1_587' title='bbox 3065 3227 3443 3307; x_wconf 88' lang='lat' dir='ltr'><strong>redemptio-</strong></span> 
     </span>
     <span class='ocr_line' id='line_1_91' title="bbox 1907 3324 3440 3400; baseline 0.001 -19"><span class='ocrx_word' id='word_1_588' title='bbox 1907 3339 2051 3382; x_wconf 90' lang='lat' dir='ltr'><strong>nem</strong></span> <span class='ocrx_word' id='word_1_589' title='bbox 2093 3324 2313 3384; x_wconf 86' lang='lat' dir='ltr'><strong>Petrus</strong></span> <span class='ocrx_word' id='word_1_590' title='bbox 2357 3337 2649 3382; x_wconf 83' lang='lat' dir='ltr'><strong>recusare</strong></span> <span class='ocrx_word' id='word_1_591' title='bbox 2700 3339 2825 3381; x_wconf 90' lang='lat' dir='ltr'><strong>non</strong></span> <span class='ocrx_word' id='word_1_592' title='bbox 2872 3324 3079 3400; x_wconf 89' lang='lat' dir='ltr'><strong>potest</strong></span> <span class='ocrx_word' id='word_1_593' title='bbox 3135 3340 3209 3381; x_wconf 80' lang='lat' dir='ltr'><strong>ex</strong></span> <span class='ocrx_word' id='word_1_594' title='bbox 3256 3325 3440 3399; x_wconf 83' lang='lat' dir='ltr'><strong>pacto</strong></span> 
     </span>
     <span class='ocr_line' id='line_1_92' title="bbox 1906 3414 3441 3494; baseline 0 -20"><span class='ocrx_word' id='word_1_595' title='bbox 1906 3415 2327 3492; x_wconf 81' lang='lat' dir='ltr'><strong>antecedenti,</strong></span> <span class='ocrx_word' id='word_1_596' title='bbox 2376 3418 2439 3476; x_wconf 91' lang='lat' dir='ltr'><strong>et</strong></span> <span class='ocrx_word' id='word_1_597' title='bbox 2482 3432 2623 3494; x_wconf 75' lang='lat' dir='ltr'><strong>quse</strong></span> <span class='ocrx_word' id='word_1_598' title='bbox 2654 3414 3005 3494; x_wconf 81' lang='lat' dir='ltr'><strong>redemptio</strong></span> <span class='ocrx_word' id='word_1_599' title='bbox 3035 3433 3158 3476; x_wconf 92' lang='lat' dir='ltr'><strong>non</strong></span> <span class='ocrx_word' id='word_1_600' title='bbox 3191 3417 3287 3476; x_wconf 91' lang='lat' dir='ltr'><strong>est</strong></span> <span class='ocrx_word' id='word_1_601' title='bbox 3312 3414 3441 3474; x_wconf 88' lang='lat' dir='ltr'><strong>dis-</strong></span> 
     </span>
     <span class='ocr_line' id='line_1_93' title="bbox 1906 3506 3441 3587; baseline -0.001 -19"><span class='ocrx_word' id='word_1_602' title='bbox 1906 3508 2130 3569; x_wconf 89' lang='lat' dir='ltr'><strong>solutio</strong></span> <span class='ocrx_word' id='word_1_603' title='bbox 2179 3507 2404 3587; x_wconf 90' lang='lat' dir='ltr'><strong>prioris</strong></span> <span class='ocrx_word' id='word_1_604' title='bbox 2445 3510 2825 3583; x_wconf 88' lang='lat' dir='ltr'><strong>contractus,</strong></span> <span class='ocrx_word' id='word_1_605' title='bbox 2876 3525 3021 3568; x_wconf 89' lang='lat' dir='ltr'><strong>cum</strong></span> <span class='ocrx_word' id='word_1_606' title='bbox 3066 3506 3235 3567; x_wconf 86' lang='lat' dir='ltr'><strong>nulla</strong></span> <span class='ocrx_word' id='word_1_607' title='bbox 3271 3524 3441 3586; x_wconf 82' lang='lat' dir='ltr'><strong>prae-</strong></span> 
     </span>
     <span class='ocr_line' id='line_1_94' title="bbox 1906 3599 3439 3678; baseline -0.001 -17"><span class='ocrx_word' id='word_1_608' title='bbox 1906 3601 2161 3662; x_wconf 88' lang='lat' dir='ltr'><strong>cesserit</strong></span> <span class='ocrx_word' id='word_1_609' title='bbox 2192 3600 2486 3678; x_wconf 90' lang='lat' dir='ltr'><strong>venditio,</strong></span> <span class='ocrx_word' id='word_1_610' title='bbox 2536 3599 2697 3662; x_wconf 89' lang='lat' dir='ltr'><strong>sicut</strong></span> <span class='ocrx_word' id='word_1_611' title='bbox 2723 3600 2881 3662; x_wconf 90' lang='lat' dir='ltr'><strong>solet</strong></span> <span class='ocrx_word' id='word_1_612' title='bbox 2926 3617 3062 3660; x_wconf 88' lang='lat' dir='ltr'><strong>esse</strong></span> <span class='ocrx_word' id='word_1_613' title='bbox 3092 3599 3155 3658; x_wconf 91' lang='lat' dir='ltr'><strong>in</strong></span> <span class='ocrx_word' id='word_1_614' title='bbox 3195 3599 3439 3660; x_wconf 89' lang='lat' dir='ltr'><strong>redem-</strong></span> 
     </span>
     <span class='ocr_line' id='line_1_95' title="bbox 1903 3691 3434 3773; baseline -0.001 -19"><span class='ocrx_word' id='word_1_615' title='bbox 1903 3693 2116 3773; x_wconf 90' lang='lat' dir='ltr'><strong>ptione</strong></span> <span class='ocrx_word' id='word_1_616' title='bbox 2164 3694 2428 3754; x_wconf 88' lang='lat' dir='ltr'><strong>aliorum</strong></span> <span class='ocrx_word' id='word_1_617' title='bbox 2477 3711 2803 3770; x_wconf 88' lang='lat' dir='ltr'><strong>censuum,</strong></span> <span class='ocrx_word' id='word_1_618' title='bbox 2864 3691 2974 3753; x_wconf 90' lang='lat' dir='ltr'><strong>sed</strong></span> <span class='ocrx_word' id='word_1_619' title='bbox 3014 3696 3110 3752; x_wconf 86' lang='lat' dir='ltr'><strong>est</strong></span> <span class='ocrx_word' id='word_1_620' title='bbox 3154 3691 3434 3752; x_wconf 89' lang='lat' dir='ltr'><strong>venditio</strong></span> 
     </span>
     <span class='ocr_line' id='line_1_96' title="bbox 1896 3784 3435 3866; baseline -0.001 -20"><span class='ocrx_word' id='word_1_621' title='bbox 1896 3786 2058 3866; x_wconf 87' lang='lat' dir='ltr'><strong>juris</strong></span> <span class='ocrx_word' id='word_1_622' title='bbox 2086 3785 2165 3846; x_wconf 89' lang='lat' dir='ltr'><strong>ad</strong></span> <span class='ocrx_word' id='word_1_623' title='bbox 2197 3804 2454 3846; x_wconf 88' lang='lat' dir='ltr'><strong>censum</strong></span> <span class='ocrx_word' id='word_1_624' title='bbox 2500 3804 2803 3862; x_wconf 83' lang='lat' dir='ltr'><strong>annuum,</strong></span> <span class='ocrx_word' id='word_1_625' title='bbox 2854 3784 3023 3865; x_wconf 89' lang='lat' dir='ltr'><strong>quod</strong></span> <span class='ocrx_word' id='word_1_626' title='bbox 3076 3786 3296 3845; x_wconf 88' lang='lat' dir='ltr'><strong>Petrus</strong></span> <span class='ocrx_word' id='word_1_627' title='bbox 3327 3785 3435 3844; x_wconf 88' lang='lat' dir='ltr'><strong>ha-</strong></span> 
     </span>
     <span class='ocr_line' id='line_1_97' title="bbox 1902 3876 3437 3958; baseline 0 -20"><span class='ocrx_word' id='word_1_628' title='bbox 1902 3877 2114 3955; x_wconf 90' lang='lat' dir='ltr'><strong>bebat,</strong></span> <span class='ocrx_word' id='word_1_629' title='bbox 2175 3883 2363 3958; x_wconf 88' lang='lat' dir='ltr'><strong>atque</strong></span> <span class='ocrx_word' id='word_1_630' title='bbox 2412 3878 2551 3940; x_wconf 87' lang='lat' dir='ltr'><strong>ideo</strong></span> <span class='ocrx_word' id='word_1_631' title='bbox 2598 3883 2749 3941; x_wconf 88' lang='lat' dir='ltr'><strong>tunc</strong></span> <span class='ocrx_word' id='word_1_632' title='bbox 2777 3877 2980 3939; x_wconf 89' lang='lat' dir='ltr'><strong>solum</strong></span> <span class='ocrx_word' id='word_1_633' title='bbox 3024 3876 3293 3938; x_wconf 89' lang='lat' dir='ltr'><strong>debetur</strong></span> <span class='ocrx_word' id='word_1_634' title='bbox 3319 3896 3437 3956; x_wconf 83' lang='lat' dir='ltr'><strong>ga-</strong></span> 
     </span>
     <span class='ocr_line' id='line_1_98' title="bbox 1901 3969 3424 4045; baseline -0.001 -13"><span class='ocrx_word' id='word_1_635' title='bbox 1901 3971 2066 4032; x_wconf 88' lang='lat' dir='ltr'><strong>bella</strong></span> <span class='ocrx_word' id='word_1_636' title='bbox 2121 3991 2195 4033; x_wconf 82' lang='lat' dir='ltr'><strong>ex</strong></span> <span class='ocrx_word' id='word_1_637' title='bbox 2244 3971 2347 4032; x_wconf 90' lang='lat' dir='ltr'><strong>illa</strong></span> <span class='ocrx_word' id='word_1_638' title='bbox 2402 3971 2783 4033; x_wconf 87' lang='lat' dir='ltr'><strong>venditione.</strong></span> <span class='ocrx_word' id='word_1_639' title='bbox 2843 3971 3023 4034; x_wconf 90' lang='lat' dir='ltr'><strong>Unde</strong></span> <span class='ocrx_word' id='word_1_640' title='bbox 3070 3969 3289 4030; x_wconf 90' lang='lat' dir='ltr'><strong>ultimo</strong></span> <span class='ocrx_word' id='word_1_641' title='bbox 3332 3970 3424 4045; x_wconf 89' lang='lat' dir='ltr'><strong>fit,</strong></span> 
     </span>
     <span class='ocr_line' id='line_1_99' title="bbox 1903 4061 3436 4145; baseline -0.001 -20"><span class='ocrx_word' id='word_1_642' title='bbox 1903 4065 2072 4145; x_wconf 90' lang='lat' dir='ltr'><strong>quod</strong></span> <span class='ocrx_word' id='word_1_643' title='bbox 2102 4064 2151 4125; x_wconf 87' lang='lat' dir='ltr'><strong>si</strong></span> <span class='ocrx_word' id='word_1_644' title='bbox 2198 4069 2416 4144; x_wconf 90' lang='lat' dir='ltr'><strong>postea</strong></span> <span class='ocrx_word' id='word_1_645' title='bbox 2447 4063 2889 4125; x_wconf 82' lang='lat' dir='ltr'><strong>contrahentes</strong></span> <span class='ocrx_word' id='word_1_646' title='bbox 2935 4061 3332 4140; x_wconf 89' lang='lat' dir='ltr'><strong>conveniant,</strong></span> <span class='ocrx_word' id='word_1_647' title='bbox 3365 4065 3436 4124; x_wconf 91' lang='lat' dir='ltr'><strong>ut</strong></span> 
     </span>
     <span class='ocr_line' id='line_1_100' title="bbox 1899 4157 3435 4236; baseline -0.002 -16"><span class='ocrx_word' id='word_1_648' title='bbox 1899 4177 2001 4220; x_wconf 89' lang='lat' dir='ltr'><strong>res</strong></span> <span class='ocrx_word' id='word_1_649' title='bbox 2029 4157 2111 4218; x_wconf 88' lang='lat' dir='ltr'><strong>ad</strong></span> <span class='ocrx_word' id='word_1_650' title='bbox 2136 4157 2463 4236; x_wconf 89' lang='lat' dir='ltr'><strong>antiquum</strong></span> <span class='ocrx_word' id='word_1_651' title='bbox 2493 4160 2722 4218; x_wconf 82' lang='lat' dir='ltr'><strong>statum</strong></span> <span class='ocrx_word' id='word_1_652' title='bbox 2739 4160 3110 4232; x_wconf 81' lang='lat' dir='ltr'><strong>revertatur,</strong></span> <span class='ocrx_word' id='word_1_653' title='bbox 3133 4159 3196 4217; x_wconf 78' lang='lat' dir='ltr'><strong>et</strong></span> <span class='ocrx_word' id='word_1_654' title='bbox 3216 4159 3435 4217; x_wconf 90' lang='lat' dir='ltr'><strong>Petrus</strong></span> 
     </span>
     <span class='ocr_line' id='line_1_101' title="bbox 1900 4247 3437 4331; baseline -0.002 -18"><span class='ocrx_word' id='word_1_655' title='bbox 1900 4255 2233 4331; x_wconf 86' lang='lat' dir='ltr'><strong>recuperet</strong></span> <span class='ocrx_word' id='word_1_656' title='bbox 2278 4268 2462 4311; x_wconf 90' lang='lat' dir='ltr'><strong>suum</strong></span> <span class='ocrx_word' id='word_1_657' title='bbox 2507 4249 2836 4329; x_wconf 82' lang='lat' dir='ltr'><strong>praedium,</strong></span> <span class='ocrx_word' id='word_1_658' title='bbox 2880 4247 3157 4329; x_wconf 88' lang='lat' dir='ltr'><strong>illudque</strong></span> <span class='ocrx_word' id='word_1_659' title='bbox 3205 4249 3437 4311; x_wconf 88' lang='lat' dir='ltr'><strong>habeat</strong></span> 
     </span>
     <span class='ocr_line' id='line_1_102' title="bbox 1904 4341 3435 4421; baseline -0.001 -17"><span class='ocrx_word' id='word_1_660' title='bbox 1904 4345 2066 4406; x_wconf 89' lang='lat' dir='ltr'><strong>sicut</strong></span> <span class='ocrx_word' id='word_1_661' title='bbox 2118 4347 2324 4420; x_wconf 87' lang='lat' dir='ltr'><strong>antea,</strong></span> <span class='ocrx_word' id='word_1_662' title='bbox 2378 4343 2550 4404; x_wconf 88' lang='lat' dir='ltr'><strong>nulla</strong></span> <span class='ocrx_word' id='word_1_663' title='bbox 2603 4341 2908 4404; x_wconf 85' lang='lat' dir='ltr'><strong>debeatur</strong></span> <span class='ocrx_word' id='word_1_664' title='bbox 2958 4342 3227 4421; x_wconf 84' lang='lat' dir='ltr'><strong>gabella,</strong></span> <span class='ocrx_word' id='word_1_665' title='bbox 3287 4342 3435 4421; x_wconf 88' lang='lat' dir='ltr'><strong>quia</strong></span> 
     </span>
     <span class='ocr_line' id='line_1_103' title="bbox 1901 4434 3428 4515; baseline -0.001 -18"><span class='ocrx_word' id='word_1_666' title='bbox 1901 4437 2006 4497; x_wconf 90' lang='lat' dir='ltr'><strong>illa</strong></span> <span class='ocrx_word' id='word_1_667' title='bbox 2053 4455 2179 4498; x_wconf 91' lang='lat' dir='ltr'><strong>non</strong></span> <span class='ocrx_word' id='word_1_668' title='bbox 2221 4439 2316 4497; x_wconf 90' lang='lat' dir='ltr'><strong>est</strong></span> <span class='ocrx_word' id='word_1_669' title='bbox 2360 4436 2613 4515; x_wconf 89' lang='lat' dir='ltr'><strong>empti0,</strong></span> <span class='ocrx_word' id='word_1_670' title='bbox 2644 4434 2747 4495; x_wconf 88' lang='lat' dir='ltr'><strong>vel</strong></span> <span class='ocrx_word' id='word_1_671' title='bbox 2787 4434 3137 4513; x_wconf 89' lang='lat' dir='ltr'><strong>redemptio</strong></span> <span class='ocrx_word' id='word_1_672' title='bbox 3183 4453 3428 4512; x_wconf 79' lang='lat' dir='ltr'><strong>censuS,</strong></span> 
     </span>
     <span class='ocr_line' id='line_1_104' title="bbox 1899 4528 3435 4608; baseline -0.001 -18"><span class='ocrx_word' id='word_1_673' title='bbox 1899 4531 2007 4590; x_wconf 90' lang='lat' dir='ltr'><strong>sed</strong></span> <span class='ocrx_word' id='word_1_674' title='bbox 2065 4534 2159 4591; x_wconf 92' lang='lat' dir='ltr'><strong>est</strong></span> <span class='ocrx_word' id='word_1_675' title='bbox 2226 4529 2511 4591; x_wconf 89' lang='lat' dir='ltr'><strong>rescissio</strong></span> <span class='ocrx_word' id='word_1_676' title='bbox 2581 4528 2806 4608; x_wconf 89' lang='lat' dir='ltr'><strong>prioris</strong></span> <span class='ocrx_word' id='word_1_677' title='bbox 2881 4531 3260 4603; x_wconf 89' lang='lat' dir='ltr'><strong>contractus,</strong></span> <span class='ocrx_word' id='word_1_678' title='bbox 3319 4545 3435 4607; x_wconf 89' lang='lat' dir='ltr'><strong>per</strong></span> 
     </span>
     <span class='ocr_line' id='line_1_105' title="bbox 1899 4621 3344 4703; baseline -0.001 -20"><span class='ocrx_word' id='word_1_679' title='bbox 1899 4642 2090 4703; x_wconf 88' lang='lat' dir='ltr'><strong>quam</strong></span> <span class='ocrx_word' id='word_1_680' title='bbox 2115 4625 2152 4685; x_wconf 86' lang='lat' dir='ltr'>J</span> <span class='ocrx_word' id='word_1_681' title='bbox 2159 4641 2393 4684; x_wconf 87' lang='lat' dir='ltr'><strong>oannes</strong></span> <span class='ocrx_word' id='word_1_682' title='bbox 2424 4621 2575 4683; x_wconf 85' lang='lat' dir='ltr'><strong>nihil</strong></span> <span class='ocrx_word' id='word_1_683' title='bbox 2604 4621 2842 4698; x_wconf 88' lang='lat' dir='ltr'><strong>vendit,</strong></span> <span class='ocrx_word' id='word_1_684' title='bbox 2876 4622 2974 4682; x_wconf 91' lang='lat' dir='ltr'><strong>vel</strong></span> <span class='ocrx_word' id='word_1_685' title='bbox 3003 4624 3344 4701; x_wconf 89' lang='lat' dir='ltr'><strong>permutat.</strong></span> 
     </span>
     <span class='ocr_line' id='line_1_106' title="bbox 1977 4713 3429 4790; baseline -0.003 -12"><span class='ocrx_word' id='word_1_686' title='bbox 1977 4717 2311 4778; x_wconf 82' lang='lat' dir='ltr'><strong>Dubitatur</strong></span> <span class='ocrx_word' id='word_1_687' title='bbox 2356 4715 2792 4790; x_wconf 91' lang='lat' dir='ltr'><strong>decimonon0,</strong></span> <span class='ocrx_word' id='word_1_688' title='bbox 2825 4733 2904 4773; x_wconf 84' lang='lat' dir='ltr'><strong>an</strong></span> <span class='ocrx_word' id='word_1_689' title='bbox 2948 4732 3024 4774; x_wconf 87' lang='lat' dir='ltr'><strong>ex</strong></span> <span class='ocrx_word' id='word_1_690' title='bbox 3053 4732 3243 4774; x_wconf 89' lang='lat' dir='ltr'><strong>censu</strong></span> <span class='ocrx_word' id='word_1_691' title='bbox 3271 4713 3429 4775; x_wconf 88' lang='lat' dir='ltr'><strong>vita-</strong></span> 
     </span>
     <span class='ocr_line' id='line_1_107' title="bbox 1897 4806 3432 4888; baseline -0.002 -17"><span class='ocrx_word' id='word_1_692' title='bbox 1897 4811 2029 4872; x_wconf 91' lang='lat' dir='ltr'><strong>litio</strong></span> <span class='ocrx_word' id='word_1_693' title='bbox 2060 4809 2366 4870; x_wconf 87' lang='lat' dir='ltr'><strong>debeatur</strong></span> <span class='ocrx_word' id='word_1_694' title='bbox 2391 4808 2658 4888; x_wconf 84' lang='lat' dir='ltr'><strong>gabella,</strong></span> <span class='ocrx_word' id='word_1_695' title='bbox 2693 4807 2944 4886; x_wconf 90' lang='lat' dir='ltr'><strong>quando</strong></span> <span class='ocrx_word' id='word_1_696' title='bbox 2972 4806 3334 4885; x_wconf 91' lang='lat' dir='ltr'><strong>imponitur,</strong></span> <span class='ocrx_word' id='word_1_697' title='bbox 3370 4810 3432 4868; x_wconf 88' lang='lat' dir='ltr'><strong>et</strong></span> 
     </span>
     <span class='ocr_line' id='line_1_108' title="bbox 1897 4899 3430 4979; baseline -0.004 -15"><span class='ocrx_word' id='word_1_698' title='bbox 1897 4903 2063 4964; x_wconf 90' lang='lat' dir='ltr'><strong>idem</strong></span> <span class='ocrx_word' id='word_1_699' title='bbox 2096 4903 2235 4979; x_wconf 89' lang='lat' dir='ltr'><strong>erit,</strong></span> <span class='ocrx_word' id='word_1_700' title='bbox 2268 4903 2319 4962; x_wconf 85' lang='lat' dir='ltr'><strong>si</strong></span> <span class='ocrx_word' id='word_1_701' title='bbox 2347 4902 2510 4962; x_wconf 89' lang='lat' dir='ltr'><strong>illius</strong></span> <span class='ocrx_word' id='word_1_702' title='bbox 2549 4919 2870 4979; x_wconf 91' lang='lat' dir='ltr'><strong>possessor</strong></span> <span class='ocrx_word' id='word_1_703' title='bbox 2896 4918 3040 4960; x_wconf 87' lang='lat' dir='ltr'><strong>eum</strong></span> <span class='ocrx_word' id='word_1_704' title='bbox 3070 4899 3247 4960; x_wconf 90' lang='lat' dir='ltr'><strong>alteri</strong></span> <span class='ocrx_word' id='word_1_705' title='bbox 3278 4918 3430 4959; x_wconf 88' lang='lat' dir='ltr'><strong>ven·</strong></span> 
     </span>
     <span class='ocr_line' id='line_1_109' title="bbox 1900 4991 3430 5075; baseline -0.004 -17"><span class='ocrx_word' id='word_1_706' title='bbox 1900 4995 2047 5058; x_wconf 89' lang='lat' dir='ltr'><strong>dat?</strong></span> <span class='ocrx_word' id='word_1_707' title='bbox 2073 4995 2339 5075; x_wconf 84' lang='lat' dir='ltr'><strong>Negavit</strong></span> <span class='ocrx_word' id='word_1_708' title='bbox 2366 4995 2717 5056; x_wconf 89' lang='lat' dir='ltr'><strong>Sarmiento</strong></span> <span class='ocrx_word' id='word_1_709' title='bbox 2745 4993 2853 5055; x_wconf 88' lang='lat' dir='ltr'><strong>lib.</strong></span> <span class='ocrx_word' id='word_1_710' title='bbox 2890 5009 3001 5054; x_wconf 82' lang='lat' dir='ltr'><strong>vu.</strong></span> <span class='ocrx_word' id='word_1_711' title='bbox 3034 4992 3224 5053; x_wconf 81' lang='lat' dir='ltr'><strong>select.</strong></span> <span class='ocrx_word' id='word_1_712' title='bbox 3255 4991 3430 5052; x_wconf 78' lang='lat' dir='ltr'><strong>inter-</strong></span> 
     </span>
     <span class='ocr_line' id='line_1_110' title="bbox 1887 5083 3429 5170; baseline -0.003 -22"><span class='ocrx_word' id='word_1_713' title='bbox 1887 5097 2046 5170; x_wconf 83' lang='lat' dir='ltr'><strong>pret.</strong></span> <span class='ocrx_word' id='word_1_714' title='bbox 2073 5107 2212 5168; x_wconf 88' lang='lat' dir='ltr'><strong>cap.</strong></span> <span class='ocrx_word' id='word_1_715' title='bbox 2247 5105 2289 5148; x_wconf 94' lang='lat'><strong>1.</strong></span> <span class='ocrx_word' id='word_1_716' title='bbox 2326 5107 2388 5148; x_wconf 92' lang='lat' dir='ltr'><strong>n.</strong></span> <span class='ocrx_word' id='word_1_717' title='bbox 2421 5090 2519 5149; x_wconf 80' lang='lat'><strong>40.</strong></span> <span class='ocrx_word' id='word_1_718' title='bbox 2572 5086 2717 5167; x_wconf 90' lang='lat' dir='ltr'><strong>quia</strong></span> <span class='ocrx_word' id='word_1_719' title='bbox 2746 5086 2853 5146; x_wconf 87' lang='lat' dir='ltr'><strong>illa</strong></span> <span class='ocrx_word' id='word_1_720' title='bbox 2900 5104 3026 5146; x_wconf 90' lang='lat' dir='ltr'><strong>non</strong></span> <span class='ocrx_word' id='word_1_721' title='bbox 3056 5090 3150 5146; x_wconf 88' lang='lat' dir='ltr'><strong>est</strong></span> <span class='ocrx_word' id='word_1_722' title='bbox 3176 5083 3429 5163; x_wconf 90' lang='lat' dir='ltr'><strong>propria</strong></span> 
     </span>
     <span class='ocr_line' id='line_1_111' title="bbox 1896 5177 3421 5259; baseline -0.003 -18"><span class='ocrx_word' id='word_1_723' title='bbox 1896 5181 2197 5257; x_wconf 89' lang='lat' dir='ltr'><strong>venditio,</strong></span> <span class='ocrx_word' id='word_1_724' title='bbox 2229 5179 2341 5240; x_wconf 86' lang='lat' dir='ltr'><strong>sed</strong></span> <span class='ocrx_word' id='word_1_725' title='bbox 2370 5183 2728 5241; x_wconf 89' lang='lat' dir='ltr'><strong>contractus</strong></span> <span class='ocrx_word' id='word_1_726' title='bbox 2758 5178 3017 5259; x_wconf 88' lang='lat' dir='ltr'><strong>quidam</strong></span> <span class='ocrx_word' id='word_1_727' title='bbox 3063 5177 3421 5253; x_wconf 74' lang='lat' dir='ltr'><strong>aleatoriuS,</strong></span> 
     </span>
     <span class='ocr_line' id='line_1_112' title="bbox 1897 5269 3422 5349; baseline -0.002 -15"><span class='ocrx_word' id='word_1_728' title='bbox 1897 5278 1970 5335; x_wconf 90' lang='lat' dir='ltr'><strong>ut</strong></span> <span class='ocrx_word' id='word_1_729' title='bbox 2022 5272 2523 5349; x_wconf 86' lang='lat' dir='ltr'><strong>assecurationis,</strong></span> <span class='ocrx_word' id='word_1_730' title='bbox 2581 5271 2679 5332; x_wconf 85' lang='lat' dir='ltr'><strong>vel</strong></span> <span class='ocrx_word' id='word_1_731' title='bbox 2753 5272 3034 5348; x_wconf 87' lang='lat' dir='ltr'><strong>sortium,</strong></span> <span class='ocrx_word' id='word_1_732' title='bbox 3108 5274 3217 5332; x_wconf 89' lang='lat' dir='ltr'><strong>aut</strong></span> <span class='ocrx_word' id='word_1_733' title='bbox 3268 5269 3422 5331; x_wconf 91' lang='lat' dir='ltr'><strong>ludi.</strong></span> 
     </span>
     <span class='ocr_line' id='line_1_113' title="bbox 1900 5364 3424 5444; baseline -0.004 -15"><span class='ocrx_word' id='word_1_734' title='bbox 1900 5365 2259 5429; x_wconf 90' lang='lat' dir='ltr'><strong>Communis</strong></span> <span class='ocrx_word' id='word_1_735' title='bbox 2306 5370 2513 5427; x_wconf 86' lang='lat' dir='ltr'><strong>tamen</strong></span> <span class='ocrx_word' id='word_1_736' title='bbox 2556 5364 2868 5426; x_wconf 89' lang='lat' dir='ltr'><strong>sententia</strong></span> <span class='ocrx_word' id='word_1_737' title='bbox 2908 5365 3201 5440; x_wconf 86' lang='lat' dir='ltr'><strong>affirmat,</strong></span> <span class='ocrx_word' id='word_1_738' title='bbox 3237 5381 3424 5444; x_wconf 88' lang='lat' dir='ltr'><strong>quam</strong></span> 
     </span>
     <span class='ocr_line' id='line_1_114' title="bbox 1894 5457 3419 5539; baseline -0.003 -18"><span class='ocrx_word' id='word_1_739' title='bbox 1894 5478 2038 5521; x_wconf 89' lang='lat' dir='ltr'><strong>cum</strong></span> <span class='ocrx_word' id='word_1_740' title='bbox 2068 5460 2206 5521; x_wconf 90' lang='lat' dir='ltr'><strong>aliis</strong></span> <span class='ocrx_word' id='word_1_741' title='bbox 2251 5458 2536 5539; x_wconf 88' lang='lat' dir='ltr'><strong>sequitur</strong></span> <span class='ocrx_word' id='word_1_742' title='bbox 2580 5457 2813 5520; x_wconf 88' lang='lat' dir='ltr'><strong>Molina</strong></span> <span class='ocrx_word' id='word_1_743' title='bbox 2860 5457 3025 5519; x_wconf 89' lang='lat' dir='ltr'><strong>dicta</strong></span> <span class='ocrx_word' id='word_1_744' title='bbox 3068 5458 3231 5536; x_wconf 90' lang='lat' dir='ltr'><strong>disp.</strong></span> <span class='ocrx_word' id='word_1_745' title='bbox 3280 5458 3419 5518; x_wconf 72' lang='lat'><strong>384.</strong></span> 
     </span>
     <span class='ocr_line' id='line_1_115' title="bbox 1893 5549 3427 5636; baseline -0.005 -20"><span class='ocrx_word' id='word_1_746' title='bbox 1893 5552 1948 5636; x_wconf 59' lang='grc' dir='ltr'><strong>ἦ.</strong></span> <span class='ocrx_word' id='word_1_747' title='bbox 1983 5554 2079 5616; x_wconf 82' lang='grc' dir='ltr'><strong>Αη</strong></span> <span class='ocrx_word' id='word_1_748' title='bbox 2115 5572 2274 5632; x_wconf 85' lang='lat' dir='ltr'><strong>vero,</strong></span> <span class='ocrx_word' id='word_1_749' title='bbox 2317 5570 2457 5635; x_wconf 81' lang='lat' dir='ltr'><strong>quae</strong></span> <span class='ocrx_word' id='word_1_750' title='bbox 2497 5550 2753 5634; x_wconf 89' lang='lat' dir='ltr'><strong>probari</strong></span> <span class='ocrx_word' id='word_1_751' title='bbox 2798 5554 3023 5631; x_wconf 86' lang='lat' dir='ltr'><strong>potest,</strong></span> <span class='ocrx_word' id='word_1_752' title='bbox 3073 5554 3231 5629; x_wconf 90' lang='lat' dir='ltr'><strong>tum,</strong></span> <span class='ocrx_word' id='word_1_753' title='bbox 3278 5549 3427 5632; x_wconf 86' lang='lat' dir='ltr'><strong>quia</strong></span> 
     </span>
    </p>
   </div>
   <div class='ocr_carea' id='block_1_7' title="bbox 3563 4722 3676 4781">
    <p class='ocr_par' dir='ltr' id='par_1_9' title="bbox 3563 4722 3676 4781">
     <span class='ocr_line' id='line_1_116' title="bbox 3563 4722 3676 4781; baseline 0.009 -1"><span class='ocrx_word' id='word_1_754' title='bbox 3563 4722 3676 4781; x_wconf 76' lang='lat'><strong>169</strong></span> 
     </span>
    </p>
   </div>
   <div class='ocr_carea' id='block_1_8' title="bbox 3517 4863 3720 4951">
    <p class='ocr_par' dir='ltr' id='par_1_10' title="bbox 3517 4863 3720 4951">
     <span class='ocr_line' id='line_1_117' title="bbox 3517 4863 3621 4896; baseline -0.038 0"><span class='ocrx_word' id='word_1_755' title='bbox 3517 4866 3542 4896; x_wconf 90' lang='grc'><strong>11</strong></span> <span class='ocrx_word' id='word_1_756' title='bbox 3570 4863 3621 4893; x_wconf 79' lang='lat' dir='ltr'><strong>ex</strong></span> 
     </span>
     <span class='ocr_line' id='line_1_118' title="bbox 3528 4904 3720 4951; baseline -0.031 -2"><span class='ocrx_word' id='word_1_757' title='bbox 3528 4904 3720 4951; x_wconf 70' lang='lat' dir='ltr'><strong>vitalino.</strong></span> 
     </span>
    </p>
   </div>
  </div>
 </body>
</html>
