4263 6376
1148 307 1617 369 DlSPU'l·ATIO
1660 307 1935 385 XXXIII,
1984 309 2260 374 Sssc'rlo
2303 315 2410 378 111.

225 481 567 560 regulariter
610 502 740 545 esse
788 483 1184 562 damnanda,
1235 489 1305 547 ut
1331 486 1454 547 illis
1489 485 1716 564 citatiS,

225 576 514 637 concludit
541 577 820 638 Sanchez
849 596 1022 639 num.
1055 581 1114 640 5.

294 668 616 731 Difficultas
647 670 831 750 hujus
860 672 1077 750 puncti
1103 672 1323 748 oritur,
1355 676 1424 734 ut
1452 673 1614 749 dixi,
1644 692 1720 732 ex

223 760 479 821 doctrina
506 763 798 824 sectionis
827 763 1268 842 praecedentiS,
1302 766 1365 824 in
1401 785 1526 845 qua
1554 765 1720 826 vidi-

220 872 341 912 mus
366 854 729 931 regulariter
746 873 883 916 esse
905 856 1350 935 obligationem
1373 857 1561 919 dandi
1586 857 1721 918 haee

220 946 400 1006 officia
426 947 849 1026 dignioribus,
893 966 1017 1010 non
1049 949 1304 1028 quidem
1334 955 1593 1029 propter
1612 950 1718 1030 jus

217 1040 364 1117 quod
393 1040 503 1117 ipsi
533 1040 793 1116 habent,
823 1042 934 1103 sed
956 1047 1211 1121 propter
1230 1043 1629 1105 incommoda
1659 1047 1722 1105 et

215 1131 562 1193 detrimenta
612 1135 830 1211 gravia
876 1153 1015 1214 quae
1060 1137 1475 1198 communiter
1504 1137 1716 1197 oriun-

215 1231 302 1285 tur
321 1271 336 1299 ,
382 1226 431 1285 si
458 1243 583 1286 non
614 1226 699 1288 ita
725 1228 1100 1306 regulariter
1129 1229 1379 1291 dantur.
1430 1233 1578 1290 Haec
1607 1249 1719 1289 au-

212 1323 322 1378 tem
340 1317 561 1378 *eadem
586 1319 1095 1382 inconvenientia
1124 1328 1188 1383 et
1227 1321 1473 1400 majora
1512 1322 1717 1383 orius.-

210 1416 316 1486 tur,
345 1411 393 1471 si
418 1411 772 1473 vendantur
804 1432 817 1473 :
862 1413 1089 1474 clarius
1118 1414 1285 1474 enim
1312 1415 1560 1475 fovetur
1586 1419 1717 1476 stu-

210 1503 363 1563 dium
386 1504 820 1565 accumulandi
864 1506 1070 1583 potius
1111 1507 1358 1568 divitias
1400 1508 1478 1566 ad
1512 1507 1718 1586 digni-

211 1601 349 1658 tatae
396 1598 818 1677 assequendas
849 1643 865 1675 ,
926 1617 1115 1678 quam
1168 1600 1392 1662 merita
1446 1599 1710 1680 majora.

210 1690 592 1769 Frequentius
623 1691 812 1752 etiam
842 1697 1115 1769 erratur,
1151 1692 1301 1753 dum
1329 1697 1585 1772 putatur
1613 1692 1712 1752 di-

207 1801 346 1861 gnus
374 1783 473 1863 qui
493 1783 701 1863 majus
721 1784 992 1863 pretium
1013 1788 1212 1858 offert,
1245 1803 1370 1847 non
1391 1785 1710 1864 praemisso

207 1880 398 1937 exacto
426 1876 736 1953 examine,
777 1882 840 1939 et
867 1877 990 1937 alia
1012 1896 1150 1957 quae
1172 1896 1359 1957 supra
1388 1896 1712 1940 enumera-

208 1987 405 2029 vimus.

270 2062 522 2122 Aliunde
577 2081 730 2124 vero
777 2082 901 2124 non
948 2062 1196 2124 videtur
1241 2064 1533 2142 neganda
1575 2063 1711 2124 haec

205 2155 436 2216 facultas
463 2157 728 2216 summis
756 2156 1162 2236 principibuS,
1195 2175 1320 2217 non
1345 2157 1545 2217 solum
1568 2174 1712 2233 pro-

204 2254 321 2326 pter
344 2250 683 2310 multorum
724 2250 989 2328 praxim,
1035 2249 1146 2310 sed
1187 2250 1376 2310 etiam
1419 2250 1587 2328 quia,
1642 2253 1713 2311 ut

204 2342 386 2419 arguit
407 2341 712 2417 Sanchez,
746 2341 1074 2421 regiaipsa
1102 2345 1376 2419 potestas
1394 2342 1584 2402 vendi
1604 2360 1712 2421 po-

201 2438 322 2510 test,
350 2438 416 2494 ut
441 2435 494 2496 si
527 2434 883 2514 respublica
926 2435 1137 2513 aliqua
1166 2453 1200 2493 a
1255 2434 1471 2496 Turcis
1524 2435 1708 2495 valde

201 2545 468 2605 oppressa
495 2527 688 2588 iniret
714 2531 969 2606 pactum
1002 2546 1145 2587 cum
1177 2526 1408 2606 aliquo,
1442 2531 1513 2588 ut
1540 2527 1708 2606 ipsos

200 2619 556 2696 defenderet,
589 2625 654 2683 et
688 2625 869 2700 parta
917 2621 1180 2681 victoria
1225 2620 1538 2698 acciperet
1593 2638 1704 2699 pro

198 2713 457 2775 mercede
485 2714 768 2793 ipsorum
795 2732 1080 2791 regnum,
1114 2712 1285 2792 quod
1308 2717 1472 2774 esset
1501 2713 1702 2792 quod-

199 2803 324 2865 dam
348 2805 722 2867 venditionis
741 2824 955 2884 geuus,
986 2805 1084 2867 Ad
1114 2805 1236 2866 hoc
1256 2807 1468 2866 tamen
1500 2823 1705 2865 exem-

198 2898 368 2976 plum,
420 2898 588 2979 quod
634 2898 717 2960 ab
763 2898 916 2978 ipsis
976 2899 1255 2975 affertur,
1336 2898 1704 2978 responderi

199 2995 403 3069 posset,
433 3009 569 3054 esse
613 3010 917 3070 magnum
964 2992 1321 3053 discrimen.
1371 2994 1530 3052 Nam
1566 3010 1700 3052 res-

197 3084 438 3162 publica,
495 3104 609 3146 seu
664 3084 1079 3146 communitas
1124 3088 1257 3146 tota
1321 3103 1447 3145 non
1512 3084 1706 3145 habet

198 3177 614 3257 obligationem
635 3177 896 3259 justitiae
926 3196 1078 3257 erga
1104 3177 1317 3255 alium,
1341 3182 1408 3240 ut
1427 3197 1561 3239 sese
1590 3197 1704 3258 per

197 3270 487 3349 digniores
540 3272 641 3333 vel
692 3271 936 3332 meliori
986 3271 1172 3333 modo
1214 3271 1543 3351 gubernet,
1591 3272 1700 3332 sed

196 3368 377 3442 potest
418 3364 761 3445 quemlibet
802 3365 1065 3425 modum
1112 3364 1540 3426 convenientis
1584 3384 1702 3443 gu-

196 3456 546 3519 bernationis
576 3457 808 3536 eligere
839 3457 974 3517 sine
1027 3456 1210 3517 ullius
1254 3457 1502 3536 injuria,
1535 3477 1697 3537 prae-

194 3551 383 3612 sertim
436 3551 805 3612 imminente
850 3550 1125 3629 graviori
1177 3549 1479 3630 periculo.
1526 3551 1701 3612 Prin-

195 3661 321 3723 ceps
343 3663 486 3706 vero
517 3644 834 3722 obligatur
863 3661 938 3702 ex
972 3641 1214 3721 justitia
1255 3660 1406 3721 erga
1454 3662 1700 3723 rempu-

194 3735 398 3798 blicam
441 3738 521 3798 ad
569 3753 713 3797 eam
767 3735 1269 3814 gubernandam,
1320 3736 1420 3796 vel
1459 3736 1701 3799 meliori

193 3830 378 3906 modo,
410 3831 508 3892 vel
534 3835 706 3891 certe
735 3828 821 3889 ita
864 3832 933 3889 ut
979 3828 1255 3889 vitentur
1301 3828 1701 3891 incommoda

193 3927 246 3983 et
268 3923 631 3986 detrimenta
657 3921 913 4001 gravia;
944 3940 1140 4001 quare
1168 3922 1223 3983 si
1270 3921 1408 3983 haec
1450 3940 1525 3982 ex
1568 3923 1700 3983 offi-

190 4016 403 4077 ciorum
446 4015 805 4077 venditione
854 4019 1218 4091 nascuntur,
1273 4033 1400 4076 non
1470 4016 1701 4094 poterit

190 4109 452 4189 princeps
478 4127 553 4171 ea
569 4107 866 4184 vendere,
886 4106 1033 4170 licet
1047 4106 1421 4187 respublica,
1436 4126 1548 4168 seu
1570 4114 1700 4170 tota

191 4202 579 4265 communitas
628 4201 826 4281 possit
890 4199 1111 4279 pretio,
1171 4201 1271 4261 vel
1341 4201 1538 4280 gratis
1602 4202 1700 4264 sui

192 4295 580 4374 principatum
609 4294 674 4355 in
704 4293 896 4355 alium
921 4293 1278 4356 transferre.

257 4388 551 4451 Caeterum
580 4387 731 4448 lieet
748 4386 1104 4465 exemplum
1131 4386 1284 4447 illud
1303 4405 1429 4447 non
1446 4388 1699 4449 convin-

191 4483 294 4555 cat,
324 4480 528 4541 afferri
558 4482 822 4559 possunt
847 4479 1133 4557 exempla
1161 4479 1283 4540 alia
1320 4498 1445 4541 non
1491 4481 1699 4542 minus

190 4577 340 4633 certa
367 4593 381 4634 ε
412 4573 700 4634 videmus
729 4571 896 4631 enim
937 4572 1283 4652 principem
1309 4591 1695 4653 supremum,

188 4663 316 4727 licet
349 4667 609 4729 fortasse
650 4658 865 4726 totum
908 4682 1195 4743 regnum,
1247 4665 1347 4726 vel
1387 4667 1699 4746 principa·

189 4760 304 4817 tum
330 4777 449 4820 non
476 4762 693 4839 posset
718 4757 783 4817 in
803 4756 997 4819 alium
1030 4761 1356 4819 externum
1377 4777 1488 4837 pro
1518 4760 1695 4822 libito

188 4851 521 4928 transferre,
571 4869 755 4930 posse
799 4854 1012 4913 tamen
1059 4851 1292 4931 oppida
1327 4852 1539 4931 aliqua
1584 4853 1697 4914 do-

190 4960 320 5004 nare
346 4944 682 5025 aliquando
708 4942 973 5005 subditis
1001 4944 1082 5005 ob
1111 4944 1364 5023 egregia
1392 4946 1690 5023 facinora,

187 5037 435 5098 vendere
464 5039 679 5114 etiam,
730 5042 795 5099 et
836 5036 1162 5098 infeudare
1206 5037 1270 5097 in
1322 5043 1695 5118 perpetuum

188 5129 289 5191 sub
314 5131 492 5192 certis
523 5129 1008 5207 conditionibuS,
1041 5134 1285 5193 retento
1326 5131 1443 5192 sibi
1491 5132 1696 5192 domi-

188 5221 277 5282 nio
305 5228 363 5285 et
382 5226 525 5304 jure
553 5223 971 5302 cognoscendi
1002 5223 1081 5284 de
1131 5224 1336 5286 causis
1375 5224 1696 5304 principa-

185 5313 329 5377 libus
375 5336 484 5395 per
534 5318 704 5380 viam
759 5316 1219 5397 appellationis,
1279 5320 1342 5377 et
1393 5317 1695 5395 puniendi

187 5408 560 5471 marchiones
586 5411 746 5487 illos,
786 5414 849 5471 et
900 5409 1115 5487 duces,
1166 5409 1266 5470 vel
1309 5410 1591 5486 comites,
1641 5410 1695 5472 si

187 5517 315 5562 cum
339 5502 615 5565 vassallis
643 5522 770 5566 non
797 5503 960 5566 bene
986 5521 1054 5564 se
1098 5507 1343 5583 gerant,
1392 5508 1502 5566 aut
1534 5503 1587 5566 si
1630 5504 1696 5564 in

3240 335 3363 396 55⁰

1818 485 1956 546 aliis
1985 486 2372 569 delinquant.
2425 495 2814 576 Frequenter
2852 503 3043 566 etiam
3093 508 3353 586 piissimi

1817 579 2227 658 imperatores
2275 590 2337 647 et
2392 605 2570 667 reges
2613 592 2930 659 donarunt
2967 602 3201 679 oppida
3243 605 3357 665 ali-

1821 689 1945 749 qua
1973 677 2035 733 et
2063 676 2250 736 urbes
2279 680 2577 759 ecclesiis,
2622 686 2723 746 vel
2766 695 3161 754 monasteriis
3211 685 3381 758 cum‘

1811 762 2248 842 jurisdictione
2278 771 2469 832 etiam
2490 778 2839 857 temporali,
2878 782 2966 843 ita
2996 791 3066 847 ut
3116 789 3198 848 ad
3226 792 3355 870 epi-

1818 874 2099 935 scopum,
2134 861 2497 942 capitulum,
2533 869 2631 929 vel
2661 871 2921 935 abbates
2950 885 3189 956 spectet
3229 885 3356 944 ele-

1818 949 1939 1009 ctio
1968 951 2462 1028 gubernatorum
2494 965 2556 1023 et
2583 963 2941 1028 officialium
2963 971 3348 1051 inferiorum;

1819 1059 1973 1119 quas
2016 1044 2368 1125 principum
2417 1050 2820 1118 liberalitates
2877 1079 3094 1125 omnes
3139 1067 3354 1129 lauda-

1817 1139 1983 1211 runt,
2004 1138 2411 1216 reprehendit
2427 1162 2632 1207 nem0.
2655 1149 2721 1209 Si
2742 1168 2892 1228 ergo
2909 1155 3132 1217 donari
3152 1165 3356 1238 potest

1818 1245 1855 1286 a
1910 1229 2190 1308 principe
2243 1233 2343 1311 jus
2399 1236 2553 1298 illud
2597 1241 2862 1320 eligendi
2890 1247 3209 1329 officiales,
3241 1273 3354 1316 cur

1815 1337 1939 1379 non
1960 1323 2192 1399 poterit
2220 1327 2407 1387 etiam
2427 1331 2635 1409 vendi,
2654 1352 2798 1394 cum
2830 1340 3077 1419 resipsa
3108 1349 3353 1426 tempo-

1814 1411 1964 1471 ralis
1992 1414 2072 1474 sit
2099 1420 2163 1476 et
2188 1420 2388 1496 pretio
2411 1423 2794 1487 aestimabilis
2813 1430 2842 1489 ⁴?
2871 1431 2934 1492 Si
2966 1452 3115 1514 ergo
3144 1444 3353 1516 potest
3475 1458 3479 1462 ’

1812 1505 1999 1564 vendi
2030 1509 2224 1569 semel
2260 1510 2614 1590 jurisdictio
2656 1519 2722 1579 in
2769 1540 2916 1599 uno,
2959 1528 3060 1587 vel
3103 1529 3352 1594 duobus

1814 1597 2059 1675 oppidis
2086 1604 2457 1683 marchioni,
2494 1609 2589 1669 vel
2617 1611 2759 1673 duci
2791 1615 3077 1696 subditis,
3113 1640 3236 1683 non
3258 1625 3352 1686 fa-

1813 1688 1928 1750 cile
1956 1699 2220 1771 apparet
2263 1714 2375 1757 cur
2403 1717 2526 1759 non
2583 1705 2776 1780 possit
2829 1709 3015 1770 etiam
3059 1714 3352 1796 princeps

1811 1783 2083 1844 vendere
2113 1786 2236 1847 alia
2264 1787 2560 1854 inferiora
2589 1796 2816 1875 officia,
2840 1801 3152 1881 siquidem
3181 1826 3350 1871 mar-
3427 1841 3440 1854 ·

1811 1874 2073 1954 chioniS,
2106 1897 2166 1939 v.
2200 1899 2263 1958 g.
2296 1899 2525 1945 munus
2556 1905 2678 1948 non
2720 1892 2927 1955 minus
2984 1897 3180 1962 habet
3228 1903 3347 1965 fre-

1811 1973 2076 2045 quenter
2080 1969 2586 2049 jurisdictionem
2600 1979 2663 2039 in
2685 1983 2988 2066 subditOS,
3005 2010 3194 2070 quam
3209 2015 3350 2058 mu·-

1809 2078 1926 2120 nus
1955 2065 2263 2141 praetoriS,
2300 2069 2398 2128 vel
2419 2067 2684 2148 judicis;
2727 2076 2780 2136 si
2821 2097 2972 2159 ergo
2992 2082 3348 2162 jurisdictio

1810 2152 1913 2212 illa
1941 2156 2145 2233 maj0r
2178 2158 2346 2220 licite
2376 2163 2566 2223 vendi
2618 2173 2844 2247 potest,
2886 2178 3118 2252 poterit
3157 2182 3347 2243 etiam·

1808 2246 2048 2308 facilius
2085 2250 2311 2329 minor,
2363 2273 2504 2333 quae
2539 2270 2906 2325 occurrente
2948 2253 3340 2351 necessitate,

1807 2338 2049 2401 facilius
2078 2344 2310 2405 auferri
2341 2350 2589 2427 poterit,
2624 2357 2688 2414 et
2716 2374 2792 2415 ex
2824 2377 2891 2418 se
2921 2362 3129 2424 minus
3160 2366 3348 2430 dura-

1808 2431 1949 2492 bilis
1980 2439 2092 2510 est,
2126 2440 2475 2513 praesertim
2503 2443 2554 2502 si
2582 2445 2662 2505 sit
2689 2453 3058 2532 personaliS,
3107 2463 3171 2519 et
3219 2478 3348 2523 nen

1807 2543 1950 2585 eum
1969 2527 2113 2604 jure
2148 2532 2561 2594 transferendi
2612 2556 2752 2599 eam
2797 2542 2877 2602 ad
2924 2563 3340 2632 successoreS,

1804 2623 1992 2696 prout
2018 2621 2389 2684 transfertur
2432 2632 2706 2703 potestas
2762 2637 2825 2695 et
2844 2634 3198 2715 jurisdictio
3235 2645 3343 2708 illa

1804 2711 2215 2790 marchioniS,
2250 2717 2346 2776 vel
2377 2717 2575 2782 ducis.

1884 2804 2015 2881 Ego
2049 2806 2304 2884 quidem
2336 2811 2643 2892 existimo,
2669 2818 2905 2881 nullam
2936 2823 3122 2888 aliam
3149 2848 3340 2911 regu·-

1801 2895 1928 2956 lam
1956 2896 2019 2957 in
2056 2897 2177 2962 hoc
2217 2907 2448 2980 puncto
2493 2909 2683 2969 statui
2726 2929 2931 2990 posse,
2991 2920 3109 2981 nisi
3146 2942 3338 3002 quam

1803 2989 2077 3050 sectione
2157 2996 2538 3071 praecedenti
2621 3004 3015 3071 tradidimus,
3107 3017 3335 3080 Totum
3387 2978 3686 3081 affigam:-

3386 3087 3663 3133 venditionem

3455 3140 3611 3186 licitam

3467 3195 3610 3241 honum

3407 3249 3651 3295 officiorum.

1802 3082 1969 3141 enim
1995 3082 2117 3144 hoc
2144 3086 2379 3163 pendet
2431 3107 2555 3151 non
2594 3111 2668 3153 ex
2709 3095 3091 3177 obligatione
3146 3127 3336 3190 quam

1801 3175 2092 3256 princeps
2121 3177 2314 3242 habet
2340 3200 2490 3263 erga
2517 3185 2855 3269 digniores,
2890 3200 2961 3258 ut
2995 3200 3083 3260 eis
3131 3205 3338 3269 officia

1803 3271 2103 3347 conferat,
2138 3273 2248 3333 sed
2304 3294 2379 3335 ex
2450 3278 2828 3359 obligatione
2899 3307 3088 3368 quam
3146 3297 3342 3363 habet

1801 3380 1950 3441 erga
1979 3366 2456 3446 rempublicam,
2491 3375 2562 3434 ut
2586 3373 2720 3453 ejus
2740 3377 2975 3443 damna
3003 3386 3328 3468 impediat.

1802 3456 2005 3527 Quare
2033 3457 2170 3518 haec
2199 3462 2420 3539 regula
2461 3466 2829 3531 universalis
2871 3480 3168 3543 constitui
3223 3504 3337 3564 po-

1800 3552 1939 3626 test,
1974 3553 2043 3611 ut
2069 3551 2312 3630 quoties
2329 3557 2618 3620 omnibus
2644 3567 2941 3645 pensati8‚
2977 3588 3102 3634 non
3123 3594 3338 3657 aequa-

1797 3641 1881 3701 lia
1910 3643 2006 3703 vel
2036 3649 2205 3706 certe
2234 3665 2359 3708 non
2387 3651 2680 3726 graviora
2707 3658 2872 3718 mala
2902 3661 3202 3730 timentur
3219 3673 3337 3732 rei·

1799 3734 2063 3812 publicae
2095 3738 2176 3798 ob
2203 3740 2630 3804 venditionem
2658 3748 3027 3832 officiorum,
3063 3777 3253 3838 quam
3282 3767 3334 3827 si

1800 3845 1923 3888 non
1954 3829 2328 3907 vendantur,
2358 3834 2633 3897 venditio
2666 3839 2878 3902 illicita
2908 3863 3033 3908 non
3064 3852 3164 3927 sit,
3189 3872 3336 3918 con·

1798 3922 2194 3986 currentibus
2264 3925 2403 3986 aliis
2469 3930 2930 3998 conditionibus
2968 3951 3337 4014 necessariis

1798 4032 1989 4093 supra
2014 4015 2252 4093 positis,
2278 4022 2346 4079 ut
2364 4019 2531 4080 mala
2559 4022 2663 4083 illa
2689 4024 3135 4106 impediantur.
3173 4043 3336 4113 Quo-

1799 4107 1914 4168 ties
1940 4125 2090 4168 vero
2120 4126 2195 4168 ex
2215 4111 2574 4174 venditione
2601 4119 2896 4195 graviora
2921 4128 3089 4189 mala
3109 4132 3335 4198 timen-

1794 4203 1919 4277 tur,
1951 4205 2139 4280 prout
2164 4201 2525 4282 frequenter
2552 4207 2757 4271 timeri
2794 4224 3076 4298 possunt,
3115 4231 3340 4293 vendi-2

1796 4293 1884 4354 tio
1919 4311 2044 4355 non
2084 4295 2165 4356 sit
2201 4295 2410 4360 licita:
2453 4302 2703 4378 quando
2741 4311 2952 4369 autem
2988 4312 3128 4378 haee
3165 4325 3336 4387 mala

1798 4386 2095 4465 graviora
2122 4387 2482 4468 timeantur,
2531 4395 2631 4455 vel
2674 4416 2800 4459 non
2844 4401 3208 4491 timeantur,
3251 4420 3331 4481 ad

1797 4479 2197 4558 prudentiam
2224 4483 2425 4561 magis
2451 4485 2751 4567 principis
2779 4508 2926 4555 cnm
2958 4504 3214 4568 consilia
3245 4512 3333 4572 vi-

1797 4590 2012 4633 rorum
2040 4573 2444 4653 prudentum,
2492 4583 2555 4640 et
2579 4580 2932 4649 timentium
2966 4592 3163 4657 Deum
3195 4620 3333 4682 spe-

1797 4669 1944 4743 ctat,
1979 4685 2168 4746 quam
2198 4667 2279 4728 ad
2332 4669 2742 4752 theologiam,
2774 4696 2914 4757 quae
2963 4703 3086 4748 non
3125 4701 3333 4771 potest

1797 4777 1987 4819 unam
2015 4759 2459 4823 indivisibilem
2486 4767 2770 4844 regulam
2802 4763 2953 4835 d'are
2981 4796 3094 4856 pro
3125 4785 3331 4853 diver-

1795 4852 1878 4911 sis
1908 4852 2176 4930 casibuS,
2210 4858 2273 4915 et
2298 4859 2672 4921 occurentiis
2703 4880 2844 4942 quae
2886 4873 3138 4937 evenire
3183 4899 3329 4961 pos-

1795 4949 1958 5007 sunt.

1873 5041 2021 5100 Haec
2049 5044 2260 5102 autem
2292 5043 2532 5121 regula,
2588 5047 2934 5113 formaliter
2982 5055 3320 5141 loquendo,

1793 5132 1854 5192 in
1885 5133 2173 5195 omnibus
2220 5136 2439 5198 officiis
2478 5142 2936 5218 temporalibus
2977 5148 3183 5215 locum
3213 5157 3325 5220 ha-

1790 5225 1934 5289 bet:
1968 5228 2376 5291 materialiter
2404 5234 2611 5292 tamen
2663 5233 2905 5299 facilius
2960 5247 3324 5328 contingere

1792 5324 2018 5398 potest,
2042 5320 2212 5400 quod
2239 5321 2409 5384 licita
2453 5324 2536 5385 sit
2579 5327 2852 5390 venditio
2908 5335 3092 5397 unius
3134 5359 3325 5421 quam

1795 5412 2048 5473 alterius
2077 5414 2286 5476 officii.
2322 5417 2400 5479 Et
2424 5417 2486 5477 in
2516 5417 2636 5479 hoc
2677 5438 2864 5483 sensu
2912 5425 3171 5510 intelligi
3201 5441 3324 5515 pri-

1794 5523 1898 5566 mo
1925 5512 2208 5585 possunt,
2244 5508 2349 5587 qui
2380 5508 2615 5588 dicunt,
2646 5529 2830 5590 posse
2863 5521 3050 5582 vendi
3078 5524 3322 5595 facilius

3484 2853 3561 2913 27

3469 5098 3547 5158 28
