4263 6376
1187 254 1659 316 DISPUTATIO
1704 253 1895 331 XXX,
1944 252 2220 315 SEC'PIO
2264 253 2368 313 IV.

3239 256 3357 316 479

231 436 458 514 propter
480 432 628 493 illud
658 451 814 493 onus
847 450 969 493 non
1011 431 1266 491 ineundi
1309 430 1538 503 aliam;
1574 430 1724 509 quia
1820 429 2012 506 illam,
2047 430 2146 489 vel
2176 429 2326 511 emit
2357 449 2533 508 spem
2562 431 2719 493 lucri
2748 430 3002 507 incerti,
3038 431 3356 492 offerendo

232 532 393 607 pacto
425 545 544 587 non
579 529 844 601 servato,
878 525 1067 586 debet
1096 523 1359 584 reddere
1390 524 1452 583 id
1469 523 1638 602 quod
1660 523 1723 582 in

230 620 466 699 pretium
496 618 631 679 talis
660 619 865 679 oneris
896 616 1277 695 promissum
1306 616 1362 676 ei
1394 616 1512 677 fuit
1548 635 1561 676 :
1598 633 1724 675 non

227 719 412 774 tamen
436 716 675 772 tenetur
700 711 1031 772 restituere
1050 710 1318 785 lucrum,
1341 708 1509 788 quod
1526 727 1601 769 ex
1619 726 1723 786 po-

229 805 444 867 steriori
469 804 761 865 societate
795 803 1039 879 habuit,
1071 802 1149 862 de
1181 801 1410 881 quibus
1438 802 1562 861 late
1592 801 1727 863 Mo-

228 898 339 957 lina
363 896 510 974 disp.
539 898 679 958 419.

299 987 507 1050 Ultimo
561 987 1015 1049 advertendum
1056 990 1184 1061 est,
1226 984 1480 1064 quando
1522 984 1728 1046 socius

161 1121 169 1163 ἰ
231 1100 294 1141 ex
319 1081 507 1158 culpa,
538 1080 636 1140 vel
666 1084 847 1159 pacto
877 1098 1001 1141 non
1047 1080 1378 1140 observato
1409 1077 1598 1139 debet
1619 1078 1729 1139 ali-

161 1192 167 1268 :
232 1172 360 1252 quid
383 1174 699 1234 restituere
721 1173 904 1234 sociis
934 1190 1048 1250 pro
1080 1171 1336 1244 damno,
1370 1190 1494 1233 non
1523 1172 1726 1231 solum

232 1266 690 1345 computandum
734 1283 867 1326 esse
906 1264 1211 1324 damnum
1253 1264 1461 1341 ipsum
1506 1281 1729 1324 secun-

161 1347 191 1429 ’ζ
230 1358 358 1417 dum
383 1376 464 1433 se,
498 1358 606 1418 sed
635 1358 826 1418 etiam
853 1357 1099 1417 lucrum
1129 1356 1300 1434 quod
1330 1374 1403 1416 ea
1434 1356 1511 1416 de
1537 1373 1729 1416 causa

229 1450 387 1510 sociis
415 1449 787 1511 diminutum
815 1450 968 1525 suit,
1017 1454 1086 1510 ut
1125 1449 1177 1509 si
1219 1467 1295 1508 ex
1350 1448 1728 1527 negligentia

229 1544 409 1603 minus
465 1543 736 1604 lucratus
791 1546 907 1619 est,
966 1543 1066 1602 vel
1122 1540 1175 1601 si
1226 1559 1599 1601 consumens
1629 1560 1727 1601 su-

1823 541 1935 600 pro
1967 523 2070 582 illo
2101 527 2350 600 partem
2380 524 2687 584 minorem
2734 527 2993 585 certam.
3027 524 3149 584 Alii
3184 523 3359 583 deni-

1825 634 1945 694 que
1975 614 2193 675 dicunt
2221 615 2464 676 Sixtum
2494 618 2568 677 V.
2612 616 2814 676 solum
2853 616 3121 677 voluisse
3151 615 3357 694 prohi-

1822 708 1971 769 bere
2021 726 2093 767 ea
2138 712 2323 786 pacta
2360 708 2613 787 quando
2661 707 2893 788 injusta
2931 709 3029 769 vel
3073 708 3359 769 usuraria

1825 803 2054 876 essent,
2087 818 2210 860 non
2236 818 2408 877 vero,
2447 800 2699 880 quando
2729 805 2937 861 essent
2960 799 3152 880 justa,
3188 801 3358 880 quod

1825 892 2034 970 colligi
2060 892 2313 953 videtur
2340 912 2415 953 ex
2443 893 2652 954 verbis
2694 898 2757 954 et
2803 892 3148 954 intentione
3193 894 3360 972 ejus-

1826 984 1968 1044 dem
1995 984 2183 1045 bullae
2207 1031 2221 1060 ,
2255 989 2320 1046 et
2347 1004 2420 1044 ex
2450 1003 2747 1063 responso
2794 985 3076 1065 ejusdem
3111 986 3359 1046 Pontifi-

1826 1077 1948 1154 ciS,
1993 1076 2097 1156 qui
2128 1076 2271 1137 viva
2313 1096 2467 1138 voce
2526 1078 2614 1139 ita
2671 1077 3021 1138 declarasse
3067 1078 3355 1154 refertur,

1826 1169 1995 1248 quod
2024 1188 2063 1229 a
2086 1169 2238 1229 viris
2267 1169 2390 1229 fide
2421 1170 2628 1248 dignis
2656 1188 2723 1230 se
2754 1169 3067 1231 audivisse
3096 1174 3362 1232 testatur

1824 1265 2009 1339 Azor,
2041 1262 2188 1322 licet
2217 1261 2349 1339 ipse
2379 1263 2684 1338 fateatur,
2738 1261 2854 1322 sibi
2904 1262 3056 1322 nihil
3086 1267 3256 1324 certo
3282 1263 3359 1323 de

1826 1354 1946 1415 hoc
1993 1372 2296 1432 responso
2339 1360 2651 1416 constare.
2701 1355 2825 1417 Sed
2859 1359 3070 1416 tamen
3118 1356 3355 1416 Filliuc.

1824 1446 1990 1508 dicto
2020 1450 2202 1508 tract.
2236 1448 2566 1509 XXXVIII.
2603 1465 2657 1507 c.
2694 1464 2786 1508 111.
2823 1466 2994 1508 num.
3029 1451 3129 1508 59.
3163 1446 3363 1510 credit

1825 1558 2044 1599 verum
2096 1539 2285 1599 fuisse
2341 1558 2714 1618 responsum
2769 1540 2951 1617 illud,
3013 1540 3362 1619 praesertim

1824 1650 1966 1693 cum
1997 1636 2137 1710 post
2167 1631 2402 1692 bullam
2446 1633 2618 1693 illam
2665 1633 2898 1711 passim
2937 1633 3169 1694 similes
3217 1651 3362 1693 con-

1823 1727 2063 1787 tractus
2095 1724 2492 1786 celebrentur
2513 1771 2528 1801 ,
2584 1729 2652 1787 ut
2679 1725 2756 1786 de
2785 1725 3105 1786 Lusitania
3139 1730 3201 1786 et
3228 1726 3362 1785 Bel-

1823 1816 1927 1895 gio
1947 1863 1962 1894 ,
2024 1817 2287 1896 aliisque
2346 1817 2689 1896 provinciis
2739 1822 3051 1879 testantur
3104 1818 3358 1894 Melina,

1821 1910 2089 1986 Lessius,
2151 1914 2213 1971 et
2262 1910 2368 1971 alii
2413 1932 2428 1971 :
2481 1929 2675 1991 quare
2735 1911 2832 1970 vel
2887 1911 3222 1972 dicendum
3271 1914 3365 1972 est

1825 2004 1989 2064 hanc
2016 2002 2207 2063 fuisse
2237 2003 2560 2065 Pontificis
2589 2007 2888 2080 mentem,
2908 2004 3008 2064 vel
3038 2008 3206 2065 certe
3228 2003 3365 2064 bul-

1822 2096 1947 2155 lam
1978 2096 2161 2156 aliter
2203 2113 2326 2155 non
2361 2088 2503 2156 esse
2552 2098 2893 2173 receptam.
2938 2094 3046 2155 His
3080 2095 3224 2156 addi
3256 2113 3363 2174 po·
3473 2096 3482 2105 ’

1822 2190 1978 2262 test,
2021 2188 2396 2249 Comitolum
2425 2188 2533 2250 lib.
2568 2189 2671 2249 111.
2706 2206 2962 2268 respons.
3005 2187 3214 2249 moral.
3252 2206 3358 2267 qu.

1823 2297 1933 2341 xn.
1969 2300 2031 2341 n.
2066 2284 2124 2342 3.
2162 2281 2481 2342 testificari
2511 2284 2764 2343 Patrem
2781 2280 3173 2360 Stephanum
3203 2284 3365 2342 Tuc-

1823 2373 2010 2447 cium,
2047 2372 2345 2433 eximium
2375 2378 2602 2435 nostrae
2632 2374 2949 2435 societatis
2970 2373 3358 2452 theologum,

1821 2465 2043 2526 litteris
2089 2465 2169 2525 ad
2215 2466 2509 2526 eumdem
2539 2466 2916 2527 Comitolum
2962 2466 3125 2527 datis
3167 2470 3361 2528 testa-

1823 2563 1957 2620 tum
1987 2557 2175 2619 fuisse
2226 2559 2468 2619 Sixtum
2497 2561 2572 2621 V.
2607 2558 2685 2619 de
2716 2577 2902 2619 sensu
2950 2558 3136 2619 bnllae
3176 2559 3363 2620 inter-

1824 2654 2114 2728 rogatum
2145 2651 2540 2730 respondisse
2567 2698 2582 2728 ,
2630 2671 2696 2711 se
2741 2651 2802 2711 in
2847 2669 2923 2712 ea
2961 2652 3232 2712 voluisse
3262 2670 3365 2713 so-

1824 2744 1956 2815 lum
1986 2743 2321 2822 prohibere
2351 2743 2617 2823 injustos
2665 2748 3025 2805 contractus
3050 2790 3066 2820 ,
3109 2747 3172 2805 et
3213 2762 3367 2806 con-

1826 2837 2151 2898 ventiones
2179 2836 2394 2898 solitas
2435 2836 2840 2898 societatibus
2886 2836 3160 2915 apponi,
3209 2852 3365 2916 quas

1827 2928 2068 2989 classici
2096 2928 2388 2989 doctores
2418 2928 2955 3002 condemnarent;
2999 2947 3123 2989 non
3155 2934 3366 2990 autem

1826 3041 1933 3083 eas
1965 3040 2121 3100 quas
2149 3021 2341 3082 iidem
2356 3022 2780 3100 approbarent
2798 3026 3101 3101 tanquam
3124 3020 3325 3101 justas
3345 3041 3361 3096 ;

1826 3114 2016 3194 idque
2046 3114 2252 3174 eidem
2278 3114 2507 3175 Tuccio
2539 3113 2824 3175 retulisse
2853 3115 3366 3176 cardinalemTo-

1825 3209 2021 3268 letum
2034 3212 2095 3269 et
2110 3207 2497 3268 cardinalem
2523 3212 2756 3269 sanctae
2775 3208 3114 3284 severinae,
3138 3207 3367 3287 quibus

1827 3301 2182 3361 sanciendae
2210 3301 2367 3379 legis
2397 3319 2548 3361 cura
2571 3300 2775 3362 fuerat
2802 3300 3157 3363 commissa.
3186 3301 3365 3362 Addo

1829 3393 2088 3454 ulterius
2115 3397 2338 3454 testem
2370 3394 2561 3453 alium
2591 3393 2880 3454 maximae
2909 3393 3062 3453 mihi
3095 3393 3370 3455 auctori-

228 1636 456 1713 perssue,
489 1639 597 1697 aut
626 1653 935 1713 usurpans
964 1634 1200 1713 aliquid
1230 1653 1308 1693 ex
1346 1634 1527 1694 bonis
1557 1652 1729 1695 com-

227 1728 507 1805 munibuS,
540 1728 749 1789 minus
787 1728 904 1805 sit,
954 1726 1123 1807 quod
1168 1726 1490 1805 negationi
1543 1746 1728 1806 expo·

226 1819 371 1879 nitur
390 1865 405 1895 ‚
435 1826 496 1883 et
520 1820 767 1883 lucrum
795 1821 987 1882 etiam
1015 1825 1476 1898 consequenter
1516 1819 1727 1881 decre-

225 1917 356 1973 scat.

654 2334 1077 2419 SEGTlo
1154 2336 1261 2419 lv.

225 2635 346 2710 Ouoe
360 2646 538 2718 pacta
564 2637 728 2698 licita
754 2637 871 2698 sint
899 2637 959 2697 in
987 2637 1256 2698 societate
1282 2656 1307 2698 .·
1334 2637 1431 2698 ubi
1474 2637 1543 2699 de
1572 2636 1727 2697 bulla

289 2741 444 2802 sacti
482 2742 548 2805 V.
586 2757 642 2802 et
668 2741 738 2802 de
755 2751 936 2823 pacto
967 2743 1410 2803 assecurationis
1439 2744 1596 2804 eirea
1634 2761 1728 2802 ca-

272 2847 468 2928 pitale,
498 2856 553 2909 et
581 2848 829 2911 lue-nem.

288 3115 616 3176 Sciendum
643 3118 757 3193 est,
793 3114 1036 3176 Sixtum
1065 3115 1140 3175 V.
1176 3131 1341 3175 anno
1386 3116 1562 3175 1586.
1598 3113 1731 3175 edi-

161 3276 167 3286 ,
222 3208 366 3269 disse
390 3209 626 3270 bullam
654 3208 1018 3288 quamdam,
1053 3225 1194 3287 quae
1223 3211 1319 3269 est
1344 3210 1445 3270 45.
1481 3208 1634 3270 sixti
1665 3208 1725 3268 in

161 3306 181 3360 .’
220 3316 282 3364 11.
309 3305 451 3362 tom.
487 3301 746 3362 Bullarii
768 3347 783 3377 ,
818 3305 881 3362 et
907 3300 1147 3378 incipit,
1188 3299 1557 3360 Detestabilis
1587 3320 1731 3362 ava-

161 3383 178 3423 *
218 3395 375 3472 n'tioe,
406 3396 469 3454 in
492 3413 621 3474 qua
664 3394 743 3454 ad
782 3392 1162 3454 coercendas
1205 3411 1425 3454 usuras
1466 3398 1529 3455 et
1565 3393 1731 3474 inju3-

216 3488 412 3564 stitias,
443 3507 589 3568 quae
614 3487 680 3547 in
709 3485 1114 3547 societatibus
1143 3485 1402 3562 fiebant,
1438 3486 1730 3547 declara-

217 3579 294 3639 vit
317 3580 629 3640 usurarias
656 3583 720 3639 et
745 3577 993 3639 illicitas
1025 3595 1244 3639 omnes
1273 3578 1633 3656 societateS,
1667 3579 1732 3639 in

213 3672 418 3750 quibus
445 3671 654 3732 socius
686 3671 1015 3732 conferens
1047 3671 1318 3748 capitale
1348 3671 1587 3750 obligat
1633 3690 1730 3732 so-

213 3765 362 3824 cium
413 3766 838 3826 conferentem
893 3782 1151 3842 operam
1207 3763 1288 3823 ad
1331 3764 1481 3841 hoc,
1528 3769 1594 3824 ut
1623 3784 1734 3843 pe-

214 3863 411 3918 reunte
442 3858 696 3936 capitali
727 3859 918 3918 etiam
960 3875 1073 3935 per
1120 3874 1337 3916 casum
1381 3856 1728 3934 fortuitum,

213 3950 418 4012 debeat
447 3951 602 4011 illud
631 3951 879 4011 salvum
909 3948 1175 4009 reddere
1205 3949 1262 4009 ei
1300 3949 1407 4028 qui
1439 3949 1590 4009 illud
1623 3967 1734 4028 ap-

214 4045 419 4122 posuit,
450 4045 550 4105 vel
582 4044 646 4103 in
678 4044 907 4123 quibus
937 4043 1016 4102 ab
1064 4041 1288 4103 eodem
1328 4040 1496 4103 socio
1527 4043 1734 4103 conse·

212 4141 368 4197 rente
436 4154 696 4216 operam
763 4135 1120 4214 exigeretur
1179 4134 1427 4194 lucrum
1491 4139 1732 4196 certum

210 4230 382 4291 etiam
410 4230 471 4290 in
503 4248 654 4291 casu
687 4247 809 4309 quo
828 4228 981 4289 nihil
1012 4226 1165 4288 lucri
1188 4227 1549 4289 haberetur.
1576 4228 1735 4301 Quia

210 4340 342 4383 vero
370 4323 464 4384 bis
491 4323 704 4384 verbis
734 4321 949 4383 illicita
979 4320 1274 4382 videntur
1300 4321 1496 4381 multa
1521 4325 1727 4399 pacta,

212 4433 336 4493 quae
363 4416 529 4478 inter
556 4415 763 4477 socios
789 4414 928 4474 fieri
960 4413 1380 4476 communiter
1407 4413 1638 4490 solent,
1673 4417 1735 4475 et

211 4524 242 4565 a
279 4507 638 4570 doctoribus
692 4506 1123 4587 approbantur
1173 4526 1186 4568 :
1238 4506 1433 4586 aliqui
1490 4505 1727 4583 dicunt,

210 4605 448 4680 propter
502 4600 854 4681 periculum
908 4599 1131 4659 saltem
1180 4616 1388 4659 usurae
1427 4615 1503 4658 ea
1547 4602 1733 4677 pacta

211 4693 383 4755 fuisse
410 4696 472 4755 in
497 4696 779 4756 futurum
809 4711 849 4754 a
881 4693 1181 4753 Pontifice
1210 4690 1548 4771 prohibita,
1583 4691 1734 4770 quia

214 4788 584 4864 generaliter
610 4787 909 4867 loquitur,
945 4784 1173 4865 quibus
1200 4785 1450 4846 videtur
1476 4803 1735 4846 consen-

209 4880 313 4939 tire
342 4884 502 4943 Azor
532 4883 638 4943 111.
671 4884 832 4959 part.
865 4879 974 4940 lib.
1010 4895 1095 4939 1x.
1131 4896 1269 4956 cap.
1305 4895 1400 4939 111.
1436 4896 1629 4958 quaes,
1664 4883 1725 4940 7.

206 4972 316 5033 Alii
343 4977 553 5035 tamen
584 4973 802 5033 dicunt
833 5019 849 5050 ,
908 4971 1276 5032 Pontificem
1331 4971 1535 5030 solum
1590 4987 1730 5048 pro-

208 5063 468 5128 hibuisse
497 5065 808 5146 ejusmodi
840 5068 1062 5144 pacta,
1106 5062 1358 5142 quando
1409 5080 1731 5141 apponun-

206 5161 299 5217 tur
322 5177 396 5219 ex
423 5161 487 5220 vi
515 5158 865 5234 societatis,
917 5175 1041 5216 nou
1082 5160 1295 5218 tamen
1338 5154 1591 5233 quando
1635 5172 1730 5215 so·

205 5251 403 5315 cietati
465 5252 831 5332 adjungitur
883 5250 1042 5310 alius
1093 5252 1452 5309 contractus
1517 5247 1726 5308 subse-

206 5360 412 5422 quens,
446 5363 573 5426 quo
615 5343 822 5406 socius
866 5346 1126 5422 propter
1175 5340 1448 5419 pretium
1486 5338 1729 5418 justum

204 5438 452 5518 suscipit
476 5440 547 5500 in
573 5456 640 5500 se
669 5436 1020 5516 periculum
1051 5434 1235 5496 sortis
1254 5479 1270 5510 ,
1305 5431 1725 5495 assecurando

1830 3487 1973 3548 tatis
2003 3491 2262 3565 propter
2305 3486 2605 3548 doctrinae
2653 3491 2716 3548 et
2756 3504 3003 3547 morum
3044 3486 3371 3565 integrita-

1828 3584 1955 3640 tem
1985 3578 2279 3639 eximiam
2300 3624 2315 3653 ,
2367 3597 2594 3656 nempe
2624 3578 2937 3640 IllustriSS.
2968 3583 3031 3640 et
3059 3581 3370 3641 Reveren-

1831 3671 1978 3732 diss.
2032 3673 2104 3731 D.
2150 3672 2461 3732 Joannem
2503 3671 2683 3749 Bapt.
2733 3672 3110 3747 Coccinum,
3171 3689 3368 3732 sacrae

1831 3768 1982 3824 rotae
2013 3763 2323 3824 decanum
2353 3762 2843 3841 meritissimum,
2879 3764 2986 3842 qui
3014 3764 3078 3823 in
3109 3782 3234 3823 una
3264 3764 3368 3823 de—

1831 3857 1940 3917 cis,
1973 3858 2257 3916 Romana
2286 3854 2600 3917 societatis
2628 3855 2691 3914 in
2737 3854 2861 3915 fine
2881 3901 2897 3931 ,
2941 3855 3041 3915 die
3071 3872 3166 3917 111.
3197 3856 3369 3917 Junii

1833 3951 2008 4010 1602.
2052 3948 2411 4025 concludit,
2461 3947 2626 4008 hanc
2669 3948 2914 4009 Bullam
2956 3948 3371 4026 comprehen—

1831 4043 1979 4103 dere
2010 4042 2217 4103 solum
2245 4059 2427 4102 casus
2459 4040 2776 4103 usurarios
2805 4042 2883 4101 de
2913 4042 3057 4121 jure
3087 4059 3371 4103 commu-

1831 4134 1917 4212 ni,
1949 4134 2179 4196 additis
2207 4133 2551 4214 majoribus
2597 4134 2831 4213 poenis,
2885 4138 3073 4213 atque
3118 4134 3207 4196 ita
3249 4137 3374 4195 Ro-

1829 4232 1960 4289 tam
1989 4226 2304 4288 censuisse
2338 4246 2352 4287 :
2388 4245 2577 4307 quam
2607 4226 2989 4287 decisionem
3017 4226 3208 4287 refert
3235 4226 3373 4287 Fla-

1828 4320 1968 4382 vius
1998 4319 2394 4382 Cherubinus
2409 4319 2473 4379 in
2498 4318 2859 4400 Compendio
2888 4318 3149 4396 bullar-ii,
3171 4318 3369 4381 schol.

1832 4417 1882 4477 Ι.
1918 4413 2000 4474 ad
2028 4412 2203 4473 illam
2229 4412 2471 4473 bullam
2495 4428 2634 4473 va.
2670 4412 2825 4474 Sixti
2846 4414 2922 4474 V.

1912 4509 2043 4568 Hoc
2073 4524 2223 4584 ergo
2254 4505 2599 4584 supposito,
2626 4523 2704 4566 ne
2727 4506 2954 4567 iterum
2975 4504 3055 4566 ad
3076 4523 3215 4565 eam
3236 4505 3372 4565 bul·

1829 4600 1957 4660 lam
1983 4598 2379 4660 redeundum
2408 4598 2508 4676 sit,
2527 4598 2790 4658 dubium
2819 4598 3092 4677 primum
3123 4601 3186 4658 et
3201 4598 3374 4676 prin-
3592 4659 3603 4670 ‚

1831 4692 2030 4772 cipale
2060 4695 2181 4767 est,
2222 4709 2304 4751 an
2333 4690 2574 4752 licitum
2617 4691 2698 4753 sit
2726 4694 2979 4770 pactum
3009 4709 3133 4770 quo
3166 4690 3373 4751 socius
3421 4660 3717 4755 Rim'ssesssiunff
3775 4719 3788 4724 ·

1831 4785 1940 4846 dat
1968 4784 2300 4863 pecuniam
2343 4783 2512 4845 socio
2561 4782 2895 4845 mercatori
2938 4783 3018 4844 ad
3048 4783 3374 4862 negotian-
3422 4766 3719 4870 fflfffgffissir}

1830 4878 2007 4954 dum,
2066 4877 2154 4939 ita
2201 4881 2271 4938 ut
2300 4876 2532 4938 debeat
2574 4877 2813 4938 salvam
2861 4880 2924 4938 et
2969 4875 3279 4954 integram
3307 4875 3372 4936 in
3515 4872 3634 4916 Μή·

1832 4970 2003 5033 omni
2031 4973 2261 5032 eventu
2290 4969 2556 5030 reddere
2585 4974 2839 5044 sortem,
2861 4973 2923 5029 et
2941 4969 3197 5047 insuper
3216 4986 3375 5048 quo-

1830 5062 2038 5124 tannis
2085 5066 2328 5123 certum
2367 5061 2613 5122 lucrum
2657 5079 2923 5140 parvum
2976 5079 3089 5139 pro
3131 5062 3372 5123 incerto

1829 5172 2084 5234 magne,
2116 5173 2177 5215 v.
2212 5173 2307 5233 gr.
2343 5154 2619 5234 quinque
2647 5154 2747 5214 vel
2777 5172 2885 5214 sex
2915 5171 3028 5231 pro
3062 5158 3316 5215 centum
3353 5173 3367 5215 :

1832 5265 1956 5326 quo
1988 5250 2170 5325 pacto
2209 5246 2413 5308 solent
2462 5246 2822 5327 frequenter
2865 5244 3073 5306 viduae
3125 5250 3190 5308 et
3231 5245 3373 5306 aliae

1828 5339 2063 5400 similes
2092 5357 2378 5417 personae
2407 5337 2703 5417 pecunias
2719 5337 3176 5399 mercatoribus
3193 5338 3369 5416 dare,

1827 5431 1938 5510 qui
1964 5431 2231 5494 libenter
2259 5435 2513 5511 pactum
2551 5429 2918 5510 acceptant,
2969 5433 3105 5491 tum
3148 5436 3219 5494 ut
3260 5430 3375 5494 ha-

3517 4534 3599 4595 38
