<?xml version="1.0" encoding="UTF-8"?>
<!DOCTYPE html PUBLIC "-//W3C//DTD XHTML 1.0 Transitional//EN"
    "http://www.w3.org/TR/xhtml1/DTD/xhtml1-transitional.dtd">
<html xmlns="http://www.w3.org/1999/xhtml" xml:lang="en" lang="en">
 <head>
  <title>
</title>
<meta http-equiv="Content-Type" content="text/html;charset=utf-8" />
  <meta name='ocr-system' content='tesseract 3.04.00' />
  <meta name='ocr-capabilities' content='ocr_page ocr_carea ocr_par ocr_line ocrx_word'/>
</head>
<body>
  <div class='ocr_page' id='page_1' title='image "./joannisdelugodi00lugogoog_0805.png"; bbox 0 0 4263 6376; ppageno 0'>
   <div class='ocr_carea' id='block_1_1' title="bbox 1174 343 2434 419">
    <p class='ocr_par' dir='ltr' id='par_1_1' title="bbox 1174 343 2434 419">
     <span class='ocr_line' id='line_1_1' title="bbox 1174 343 2434 419; baseline 0 -15"><span class='ocrx_word' id='word_1_1' title='bbox 1174 344 1644 407; x_wconf 76' lang='lat' dir='ltr'>nlsru‘rArlo</span> <span class='ocrx_word' id='word_1_2' title='bbox 1688 344 1962 419; x_wconf 70' lang='lat' dir='ltr'>xxmx,</span> <span class='ocrx_word' id='word_1_3' title='bbox 2014 343 2291 406; x_wconf 73' lang='lat' dir='ltr'>suario</span> <span class='ocrx_word' id='word_1_4' title='bbox 2333 345 2434 405; x_wconf 92' lang='lat'>111.</span> 
     </span>
    </p>
   </div>
   <div class='ocr_carea' id='block_1_2' title="bbox 223 517 1780 5637">
    <p class='ocr_par' dir='ltr' id='par_1_2' title="bbox 223 517 1773 2180">
     <span class='ocr_line' id='line_1_2' title="bbox 223 517 1763 594; baseline 0.005 -18"><span class='ocrx_word' id='word_1_5' title='bbox 223 517 431 594; x_wconf 86' lang='lat' dir='ltr'>possit</span> <span class='ocrx_word' id='word_1_6' title='bbox 467 536 612 578; x_wconf 90' lang='lat' dir='ltr'>eum</span> <span class='ocrx_word' id='word_1_7' title='bbox 653 517 956 580; x_wconf 79' lang='lat' dir='ltr'>inducere</span> <span class='ocrx_word' id='word_1_8' title='bbox 985 521 1064 580; x_wconf 91' lang='lat' dir='ltr'>ad</span> <span class='ocrx_word' id='word_1_9' title='bbox 1093 521 1559 583; x_wconf 84' lang='lat' dir='ltr'>testificandum</span> <span class='ocrx_word' id='word_1_10' title='bbox 1588 523 1763 584; x_wconf 87' lang='lat' dir='ltr'>illud.</span> 
     </span>
     <span class='ocr_line' id='line_1_3' title="bbox 224 612 1770 695; baseline 0.004 -26"><span class='ocrx_word' id='word_1_11' title='bbox 224 612 418 670; x_wconf 88' lang='lat' dir='ltr'>Azor.</span> <span class='ocrx_word' id='word_1_12' title='bbox 454 613 500 671; x_wconf 90' lang='lat'>1.</span> <span class='ocrx_word' id='word_1_13' title='bbox 533 615 688 673; x_wconf 86' lang='lat' dir='ltr'>tom.</span> <span class='ocrx_word' id='word_1_14' title='bbox 735 612 843 674; x_wconf 88' lang='lat' dir='ltr'>lib.</span> <span class='ocrx_word' id='word_1_15' title='bbox 879 630 963 674; x_wconf 78' lang='lat' dir='ltr'>xl.</span> <span class='ocrx_word' id='word_1_16' title='bbox 1000 632 1137 692; x_wconf 89' lang='lat' dir='ltr'>cap.</span> <span class='ocrx_word' id='word_1_17' title='bbox 1170 631 1255 676; x_wconf 74' lang='lat' dir='ltr'>xt.</span> <span class='ocrx_word' id='word_1_18' title='bbox 1291 632 1484 695; x_wconf 82' lang='lat' dir='ltr'>quaes.</span> <span class='ocrx_word' id='word_1_19' title='bbox 1517 619 1577 679; x_wconf 81' lang='lat'>2.</span> <span class='ocrx_word' id='word_1_20' title='bbox 1613 618 1770 677; x_wconf 87' lang='lat' dir='ltr'>Sua-</span> 
     </span>
     <span class='ocr_line' id='line_1_4' title="bbox 225 704 1764 788; baseline 0.006 -27"><span class='ocrx_word' id='word_1_21' title='bbox 225 722 338 762; x_wconf 88' lang='lat' dir='ltr'>rez</span> <span class='ocrx_word' id='word_1_22' title='bbox 367 707 518 764; x_wconf 91' lang='lat' dir='ltr'>tom.</span> <span class='ocrx_word' id='word_1_23' title='bbox 545 705 618 765; x_wconf 95' lang='lat' dir='ltr'>II.</span> <span class='ocrx_word' id='word_1_24' title='bbox 653 704 724 765; x_wconf 82' lang='lat' dir='ltr'>de</span> <span class='ocrx_word' id='word_1_25' title='bbox 740 706 1038 786; x_wconf 67' lang='grc' dir='ltr'><em>νείίῃίοιιε,</em></span> <span class='ocrx_word' id='word_1_26' title='bbox 1072 707 1179 767; x_wconf 91' lang='lat' dir='ltr'>lib.</span> <span class='ocrx_word' id='word_1_27' title='bbox 1209 724 1301 768; x_wconf 89' lang='lat'>111.</span> <span class='ocrx_word' id='word_1_28' title='bbox 1327 707 1398 768; x_wconf 82' lang='lat' dir='ltr'>de</span> <span class='ocrx_word' id='word_1_29' title='bbox 1410 708 1764 788; x_wconf 77' lang='lat' dir='ltr'>juramenta,</span> 
     </span>
     <span class='ocr_line' id='line_1_5' title="bbox 226 800 1769 874; baseline 0.005 -20"><span class='ocrx_word' id='word_1_30' title='bbox 226 814 375 874; x_wconf 88' lang='lat' dir='ltr'>cap.</span> <span class='ocrx_word' id='word_1_31' title='bbox 408 813 540 861; x_wconf 84' lang='lat' dir='ltr'><strong>xlv.</strong></span> <span class='ocrx_word' id='word_1_32' title='bbox 572 815 743 859; x_wconf 91' lang='lat' dir='ltr'>num.</span> <span class='ocrx_word' id='word_1_33' title='bbox 777 803 837 861; x_wconf 89' lang='lat'>8.</span> <span class='ocrx_word' id='word_1_34' title='bbox 873 800 1095 862; x_wconf 89' lang='lat' dir='ltr'>Thom.</span> <span class='ocrx_word' id='word_1_35' title='bbox 1133 801 1414 862; x_wconf 86' lang='lat' dir='ltr'>Sanchez</span> <span class='ocrx_word' id='word_1_36' title='bbox 1443 805 1593 863; x_wconf 87' lang='lat' dir='ltr'>tom.</span> <span class='ocrx_word' id='word_1_37' title='bbox 1629 806 1675 864; x_wconf 88' lang='lat'>1.</span> <span class='ocrx_word' id='word_1_38' title='bbox 1710 803 1769 862; x_wconf 79' lang='lat' dir='ltr'>in</span> 
     </span>
     <span class='ocr_line' id='line_1_6' title="bbox 228 888 1763 976; baseline 0.007 -29"><span class='ocrx_word' id='word_1_39' title='bbox 228 888 514 969; x_wconf 73' lang='lat' dir='ltr'>Decaloq.</span> <span class='ocrx_word' id='word_1_40' title='bbox 567 890 674 952; x_wconf 90' lang='lat' dir='ltr'>lib.</span> <span class='ocrx_word' id='word_1_41' title='bbox 708 893 813 952; x_wconf 86' lang='grc' dir='ltr'><strong>ΙΙΙ.</strong></span> <span class='ocrx_word' id='word_1_42' title='bbox 862 910 999 971; x_wconf 89' lang='lat' dir='ltr'>cap.</span> <span class='ocrx_word' id='word_1_43' title='bbox 1037 909 1172 954; x_wconf 76' lang='lat' dir='ltr'>vm.</span> <span class='ocrx_word' id='word_1_44' title='bbox 1224 912 1395 955; x_wconf 88' lang='lat' dir='ltr'>num.</span> <span class='ocrx_word' id='word_1_45' title='bbox 1433 899 1527 955; x_wconf 88' lang='lat'>10.</span> <span class='ocrx_word' id='word_1_46' title='bbox 1573 898 1763 976; x_wconf 82' lang='lat' dir='ltr'>Vasq.</span> 
     </span>
     <span class='ocr_line' id='line_1_7' title="bbox 225 980 1769 1067; baseline 0.005 -27"><span class='ocrx_word' id='word_1_47' title='bbox 225 980 303 1041; x_wconf 84' lang='lat' dir='ltr'>de</span> <span class='ocrx_word' id='word_1_48' title='bbox 347 982 597 1043; x_wconf 80' lang='lat' dir='ltr'>restitut.</span> <span class='ocrx_word' id='word_1_49' title='bbox 632 1002 769 1063; x_wconf 90' lang='lat' dir='ltr'>cap.</span> <span class='ocrx_word' id='word_1_50' title='bbox 804 987 964 1046; x_wconf 84' lang='lat' dir='ltr'><strong>VIII.</strong></span> <span class='ocrx_word' id='word_1_51' title='bbox 999 986 1150 1047; x_wconf 90' lang='lat' dir='ltr'>dub.</span> <span class='ocrx_word' id='word_1_52' title='bbox 1177 1003 1218 1046; x_wconf 92' lang='lat'>1.</span> <span class='ocrx_word' id='word_1_53' title='bbox 1253 1006 1424 1047; x_wconf 91' lang='lat' dir='ltr'>num.</span> <span class='ocrx_word' id='word_1_54' title='bbox 1448 991 1508 1049; x_wconf 89' lang='lat'>8.</span> <span class='ocrx_word' id='word_1_55' title='bbox 1543 989 1769 1067; x_wconf 83' lang='lat' dir='ltr'>quibus</span> 
     </span>
     <span class='ocr_line' id='line_1_8' title="bbox 229 1075 1763 1141; baseline 0.005 -7"><span class='ocrx_word' id='word_1_56' title='bbox 229 1075 402 1135; x_wconf 87' lang='lat' dir='ltr'>adde</span> <span class='ocrx_word' id='word_1_57' title='bbox 430 1077 734 1137; x_wconf 90' lang='lat' dir='ltr'>Basilium</span> <span class='ocrx_word' id='word_1_58' title='bbox 764 1078 1054 1139; x_wconf 88' lang='lat' dir='ltr'>Pontium</span> <span class='ocrx_word' id='word_1_59' title='bbox 1082 1079 1192 1139; x_wconf 89' lang='lat' dir='ltr'>lib.</span> <span class='ocrx_word' id='word_1_60' title='bbox 1228 1081 1301 1141; x_wconf 84' lang='lat' dir='ltr'>V.</span> <span class='ocrx_word' id='word_1_61' title='bbox 1337 1078 1406 1140; x_wconf 83' lang='lat' dir='ltr'>de</span> <span class='ocrx_word' id='word_1_62' title='bbox 1431 1081 1763 1141; x_wconf 81' lang='lat' dir='ltr'>matrz&#39;mon.</span> 
     </span>
     <span class='ocr_line' id='line_1_9' title="bbox 229 1170 1771 1250; baseline 0.004 -23"><span class='ocrx_word' id='word_1_63' title='bbox 229 1187 378 1247; x_wconf 85' lang='lat' dir='ltr'>cap.</span> <span class='ocrx_word' id='word_1_64' title='bbox 411 1185 592 1230; x_wconf 85' lang='lat' dir='ltr'>xvm.</span> <span class='ocrx_word' id='word_1_65' title='bbox 625 1170 682 1247; x_wconf 64' lang='grc' dir='ltr'>ἓ.</span> <span class='ocrx_word' id='word_1_66' title='bbox 717 1186 855 1232; x_wconf 84' lang='lat' dir='ltr'>v111.</span> <span class='ocrx_word' id='word_1_67' title='bbox 908 1191 1081 1233; x_wconf 93' lang='lat' dir='ltr'>num.</span> <span class='ocrx_word' id='word_1_68' title='bbox 1114 1176 1211 1233; x_wconf 84' lang='lat'>59.</span> <span class='ocrx_word' id='word_1_69' title='bbox 1265 1172 1500 1250; x_wconf 89' lang='lat' dir='ltr'>dicunt,</span> <span class='ocrx_word' id='word_1_70' title='bbox 1551 1174 1615 1234; x_wconf 89' lang='lat' dir='ltr'>id</span> <span class='ocrx_word' id='word_1_71' title='bbox 1646 1193 1771 1235; x_wconf 92' lang='lat' dir='ltr'>non</span> 
     </span>
     <span class='ocr_line' id='line_1_10' title="bbox 227 1261 1768 1345; baseline 0.005 -25"><span class='ocrx_word' id='word_1_72' title='bbox 227 1261 448 1322; x_wconf 88' lang='lat' dir='ltr'>licere.</span> <span class='ocrx_word' id='word_1_73' title='bbox 486 1262 664 1323; x_wconf 81' lang='lat' dir='ltr'>Ratio</span> <span class='ocrx_word' id='word_1_74' title='bbox 687 1267 899 1325; x_wconf 87' lang='lat' dir='ltr'>autem</span> <span class='ocrx_word' id='word_1_75' title='bbox 920 1282 1055 1324; x_wconf 87' lang='lat' dir='ltr'>esse</span> <span class='ocrx_word' id='word_1_76' title='bbox 1075 1269 1302 1344; x_wconf 89' lang='lat' dir='ltr'>potest,</span> <span class='ocrx_word' id='word_1_77' title='bbox 1336 1268 1484 1345; x_wconf 87' lang='lat' dir='ltr'>quia</span> <span class='ocrx_word' id='word_1_78' title='bbox 1499 1266 1643 1328; x_wconf 86' lang='lat' dir='ltr'>licet</span> <span class='ocrx_word' id='word_1_79' title='bbox 1668 1267 1768 1327; x_wconf 90' lang='lat' dir='ltr'>ille</span> 
     </span>
     <span class='ocr_line' id='line_1_11' title="bbox 227 1354 1770 1437; baseline 0.004 -24"><span class='ocrx_word' id='word_1_80' title='bbox 227 1354 464 1414; x_wconf 86' lang='lat' dir='ltr'>falsum</span> <span class='ocrx_word' id='word_1_81' title='bbox 492 1355 764 1417; x_wconf 79' lang='lat' dir='ltr'><strong>scienter</strong></span> <span class='ocrx_word' id='word_1_82' title='bbox 792 1375 914 1417; x_wconf 92' lang='lat' dir='ltr'>non</span> <span class='ocrx_word' id='word_1_83' title='bbox 937 1356 1138 1437; x_wconf 86' lang='lat' dir='ltr'>juret;</span> <span class='ocrx_word' id='word_1_84' title='bbox 1172 1378 1239 1418; x_wconf 90' lang='lat' dir='ltr'>re</span> <span class='ocrx_word' id='word_1_85' title='bbox 1261 1364 1470 1419; x_wconf 90' lang='lat' dir='ltr'>tamen</span> <span class='ocrx_word' id='word_1_86' title='bbox 1487 1378 1637 1420; x_wconf 85' lang='lat' dir='ltr'>vera</span> <span class='ocrx_word' id='word_1_87' title='bbox 1664 1360 1770 1421; x_wconf 91' lang='lat' dir='ltr'>ad-</span> 
     </span>
     <span class='ocr_line' id='line_1_12' title="bbox 230 1447 1771 1514; baseline 0.004 -7"><span class='ocrx_word' id='word_1_88' title='bbox 230 1447 414 1509; x_wconf 80' lang='lat' dir='ltr'>ducit</span> <span class='ocrx_word' id='word_1_89' title='bbox 440 1450 640 1508; x_wconf 90' lang='lat' dir='ltr'>Deum</span> <span class='ocrx_word' id='word_1_90' title='bbox 687 1450 751 1509; x_wconf 91' lang='lat' dir='ltr'>in</span> <span class='ocrx_word' id='word_1_91' title='bbox 781 1454 1006 1511; x_wconf 87' lang='lat' dir='ltr'>testem</span> <span class='ocrx_word' id='word_1_92' title='bbox 1034 1450 1124 1511; x_wconf 91' lang='lat' dir='ltr'>rei</span> <span class='ocrx_word' id='word_1_93' title='bbox 1153 1452 1326 1511; x_wconf 59' lang='lat' dir='ltr'>falsae</span> <span class='ocrx_word' id='word_1_94' title='bbox 1360 1473 1373 1513; x_wconf 87' lang='lat'>:</span> <span class='ocrx_word' id='word_1_95' title='bbox 1428 1453 1530 1514; x_wconf 90' lang='lat' dir='ltr'>ille</span> <span class='ocrx_word' id='word_1_96' title='bbox 1560 1459 1771 1514; x_wconf 86' lang='lat' dir='ltr'>autem</span> 
     </span>
     <span class='ocr_line' id='line_1_13' title="bbox 231 1540 1773 1622; baseline 0.005 -23"><span class='ocrx_word' id='word_1_97' title='bbox 231 1541 348 1619; x_wconf 86' lang='lat' dir='ltr'>qui</span> <span class='ocrx_word' id='word_1_98' title='bbox 379 1540 642 1617; x_wconf 75' lang='lat' dir='ltr'>inducit,</span> <span class='ocrx_word' id='word_1_99' title='bbox 680 1543 815 1621; x_wconf 87' lang='lat' dir='ltr'>jam</span> <span class='ocrx_word' id='word_1_100' title='bbox 845 1561 919 1602; x_wconf 85' lang='lat' dir='ltr'>ex</span> <span class='ocrx_word' id='word_1_101' title='bbox 949 1562 1014 1604; x_wconf 90' lang='lat' dir='ltr'>se</span> <span class='ocrx_word' id='word_1_102' title='bbox 1044 1550 1257 1606; x_wconf 82' lang='lat' dir='ltr'>movet</span> <span class='ocrx_word' id='word_1_103' title='bbox 1284 1551 1346 1606; x_wconf 88' lang='lat' dir='ltr'>et</span> <span class='ocrx_word' id='word_1_104' title='bbox 1378 1545 1664 1622; x_wconf 80' lang='lat' dir='ltr'>hortatur</span> <span class='ocrx_word' id='word_1_105' title='bbox 1692 1547 1773 1606; x_wconf 91' lang='lat' dir='ltr'>ad</span> 
     </span>
     <span class='ocr_line' id='line_1_14' title="bbox 230 1634 1771 1702; baseline 0.006 -9"><span class='ocrx_word' id='word_1_106' title='bbox 230 1634 363 1694; x_wconf 88' lang='lat' dir='ltr'>hoc</span> <span class='ocrx_word' id='word_1_107' title='bbox 389 1638 460 1695; x_wconf 88' lang='lat' dir='ltr'>ut</span> <span class='ocrx_word' id='word_1_108' title='bbox 484 1636 651 1695; x_wconf 90' lang='lat' dir='ltr'>Deus</span> <span class='ocrx_word' id='word_1_109' title='bbox 681 1637 979 1697; x_wconf 85' lang='lat' dir='ltr'>afferatur</span> <span class='ocrx_word' id='word_1_110' title='bbox 1007 1637 1069 1696; x_wconf 91' lang='lat' dir='ltr'>in</span> <span class='ocrx_word' id='word_1_111' title='bbox 1097 1642 1323 1698; x_wconf 88' lang='lat' dir='ltr'>testem</span> <span class='ocrx_word' id='word_1_112' title='bbox 1352 1638 1515 1699; x_wconf 86' lang='lat' dir='ltr'>illius</span> <span class='ocrx_word' id='word_1_113' title='bbox 1543 1641 1771 1702; x_wconf 86' lang='lat' dir='ltr'>falsita-</span> 
     </span>
     <span class='ocr_line' id='line_1_15' title="bbox 234 1727 1767 1811; baseline 0.003 -23"><span class='ocrx_word' id='word_1_114' title='bbox 234 1727 341 1803; x_wconf 86' lang='lat' dir='ltr'>tis,</span> <span class='ocrx_word' id='word_1_115' title='bbox 377 1727 545 1806; x_wconf 91' lang='lat' dir='ltr'>quod</span> <span class='ocrx_word' id='word_1_116' title='bbox 576 1727 830 1806; x_wconf 88' lang='lat' dir='ltr'>quidem</span> <span class='ocrx_word' id='word_1_117' title='bbox 859 1729 1109 1791; x_wconf 84' lang='lat' dir='ltr'>videtur</span> <span class='ocrx_word' id='word_1_118' title='bbox 1148 1730 1482 1793; x_wconf 89' lang='lat' dir='ltr'>intrinsece</span> <span class='ocrx_word' id='word_1_119' title='bbox 1509 1734 1767 1811; x_wconf 78' lang='lat' dir='ltr'>malum,</span> 
     </span>
     <span class='ocr_line' id='line_1_16' title="bbox 232 1820 1768 1903; baseline 0.003 -22"><span class='ocrx_word' id='word_1_120' title='bbox 232 1825 303 1881; x_wconf 86' lang='lat' dir='ltr'>et</span> <span class='ocrx_word' id='word_1_121' title='bbox 330 1820 743 1883; x_wconf 76' lang='lat' dir='ltr'>irreverentia</span> <span class='ocrx_word' id='word_1_122' title='bbox 772 1825 990 1882; x_wconf 90' lang='lat' dir='ltr'>contra</span> <span class='ocrx_word' id='word_1_123' title='bbox 1013 1823 1448 1885; x_wconf 88' lang='lat' dir='ltr'>auctoritatem</span> <span class='ocrx_word' id='word_1_124' title='bbox 1468 1825 1768 1903; x_wconf 90' lang='lat' dir='ltr'>divinam,</span> 
     </span>
     <span class='ocr_line' id='line_1_17' title="bbox 233 1914 1772 1992; baseline 0.005 -20"><span class='ocrx_word' id='word_1_125' title='bbox 233 1931 436 1992; x_wconf 89' lang='lat' dir='ltr'>quam</span> <span class='ocrx_word' id='word_1_126' title='bbox 466 1914 724 1992; x_wconf 87' lang='lat' dir='ltr'>quidem</span> <span class='ocrx_word' id='word_1_127' title='bbox 770 1933 896 1975; x_wconf 91' lang='lat' dir='ltr'>non</span> <span class='ocrx_word' id='word_1_128' title='bbox 944 1916 1148 1976; x_wconf 91' lang='lat' dir='ltr'>solum</span> <span class='ocrx_word' id='word_1_129' title='bbox 1191 1920 1284 1977; x_wconf 89' lang='lat' dir='ltr'>est</span> <span class='ocrx_word' id='word_1_130' title='bbox 1312 1918 1550 1978; x_wconf 91' lang='lat' dir='ltr'>malum</span> <span class='ocrx_word' id='word_1_131' title='bbox 1576 1919 1772 1979; x_wconf 92' lang='lat' dir='ltr'>addu-</span> 
     </span>
     <span class='ocr_line' id='line_1_18' title="bbox 236 2007 1773 2090; baseline 0.005 -24"><span class='ocrx_word' id='word_1_132' title='bbox 236 2023 386 2066; x_wconf 86' lang='lat' dir='ltr'>cere</span> <span class='ocrx_word' id='word_1_133' title='bbox 437 2007 499 2066; x_wconf 90' lang='lat' dir='ltr'>in</span> <span class='ocrx_word' id='word_1_134' title='bbox 536 2011 760 2068; x_wconf 88' lang='lat' dir='ltr'>testem</span> <span class='ocrx_word' id='word_1_135' title='bbox 790 2008 1127 2084; x_wconf 89' lang='lat' dir='ltr'>mendacii,</span> <span class='ocrx_word' id='word_1_136' title='bbox 1177 2009 1288 2068; x_wconf 88' lang='lat' dir='ltr'>sed</span> <span class='ocrx_word' id='word_1_137' title='bbox 1334 2010 1523 2073; x_wconf 89' lang='lat' dir='ltr'>etiam</span> <span class='ocrx_word' id='word_1_138' title='bbox 1551 2030 1773 2090; x_wconf 89' lang='lat' dir='ltr'>procu—</span> 
     </span>
     <span class='ocr_line' id='line_1_19' title="bbox 234 2100 837 2180; baseline 0.007 -22"><span class='ocrx_word' id='word_1_139' title='bbox 234 2117 383 2160; x_wconf 89' lang='lat' dir='ltr'>rare</span> <span class='ocrx_word' id='word_1_140' title='bbox 413 2103 581 2180; x_wconf 90' lang='lat' dir='ltr'>quod</span> <span class='ocrx_word' id='word_1_141' title='bbox 612 2100 676 2160; x_wconf 92' lang='lat' dir='ltr'>id</span> <span class='ocrx_word' id='word_1_142' title='bbox 708 2103 837 2162; x_wconf 86' lang='lat' dir='ltr'>fiat.</span> 
     </span>
    </p>

    <p class='ocr_par' dir='ltr' id='par_1_3' title="bbox 226 2194 1780 4231">
     <span class='ocr_line' id='line_1_20' title="bbox 324 2194 1773 2275; baseline 0.003 -21"><span class='ocrx_word' id='word_1_143' title='bbox 324 2194 719 2254; x_wconf 76' lang='lat' dir='ltr'>Contrarium</span> <span class='ocrx_word' id='word_1_144' title='bbox 739 2198 950 2254; x_wconf 89' lang='lat' dir='ltr'>tamen</span> <span class='ocrx_word' id='word_1_145' title='bbox 969 2195 1295 2274; x_wconf 74' lang='lat' dir='ltr'>probabile</span> <span class='ocrx_word' id='word_1_146' title='bbox 1316 2215 1472 2275; x_wconf 88' lang='lat' dir='ltr'>esse,</span> <span class='ocrx_word' id='word_1_147' title='bbox 1507 2203 1570 2259; x_wconf 85' lang='lat' dir='ltr'>et</span> <span class='ocrx_word' id='word_1_148' title='bbox 1585 2199 1773 2259; x_wconf 89' lang='lat' dir='ltr'>licere</span> 
     </span>
     <span class='ocr_line' id='line_1_21' title="bbox 237 2285 1769 2369; baseline 0.005 -25"><span class='ocrx_word' id='word_1_149' title='bbox 237 2285 542 2345; x_wconf 82' lang='lat' dir='ltr'>inducere</span> <span class='ocrx_word' id='word_1_150' title='bbox 597 2290 822 2348; x_wconf 90' lang='lat' dir='ltr'>testem</span> <span class='ocrx_word' id='word_1_151' title='bbox 867 2287 949 2347; x_wconf 92' lang='lat' dir='ltr'>ad</span> <span class='ocrx_word' id='word_1_152' title='bbox 989 2287 1333 2367; x_wconf 89' lang='lat' dir='ltr'>jurandum</span> <span class='ocrx_word' id='word_1_153' title='bbox 1380 2291 1444 2351; x_wconf 91' lang='lat' dir='ltr'>in</span> <span class='ocrx_word' id='word_1_154' title='bbox 1496 2310 1568 2352; x_wconf 91' lang='lat' dir='ltr'>eo</span> <span class='ocrx_word' id='word_1_155' title='bbox 1598 2310 1769 2369; x_wconf 87' lang='lat' dir='ltr'>casu,</span> 
     </span>
     <span class='ocr_line' id='line_1_22' title="bbox 238 2379 1768 2461; baseline 0.005 -24"><span class='ocrx_word' id='word_1_156' title='bbox 238 2379 432 2439; x_wconf 89' lang='lat' dir='ltr'>docet</span> <span class='ocrx_word' id='word_1_157' title='bbox 460 2381 679 2440; x_wconf 87' lang='lat' dir='ltr'>Petrus</span> <span class='ocrx_word' id='word_1_158' title='bbox 715 2380 997 2442; x_wconf 90' lang='lat' dir='ltr'>Hurtado</span> <span class='ocrx_word' id='word_1_159' title='bbox 1028 2380 1197 2444; x_wconf 89' lang='lat' dir='ltr'>dicta</span> <span class='ocrx_word' id='word_1_160' title='bbox 1235 2382 1395 2461; x_wconf 86' lang='lat' dir='ltr'>disp.</span> <span class='ocrx_word' id='word_1_161' title='bbox 1432 2386 1567 2446; x_wconf 82' lang='lat'>173.</span> <span class='ocrx_word' id='word_1_162' title='bbox 1617 2389 1768 2445; x_wconf 87' lang='lat' dir='ltr'>sect.</span> 
     </span>
     <span class='ocr_line' id='line_1_23' title="bbox 239 2473 1768 2553; baseline 0.005 -21"><span class='ocrx_word' id='word_1_163' title='bbox 239 2475 342 2532; x_wconf 80' lang='grc'>16.</span> <span class='ocrx_word' id='word_1_164' title='bbox 376 2473 432 2550; x_wconf 65' lang='grc' dir='ltr'>ξ.</span> <span class='ocrx_word' id='word_1_165' title='bbox 472 2475 606 2534; x_wconf 77' lang='grc'><strong>199.</strong></span> <span class='ocrx_word' id='word_1_166' title='bbox 642 2491 827 2552; x_wconf 90' lang='lat' dir='ltr'>quem</span> <span class='ocrx_word' id='word_1_167' title='bbox 857 2474 1139 2553; x_wconf 86' lang='lat' dir='ltr'>sequitur</span> <span class='ocrx_word' id='word_1_168' title='bbox 1166 2475 1364 2536; x_wconf 88' lang='lat' dir='ltr'>Diana</span> <span class='ocrx_word' id='word_1_169' title='bbox 1393 2477 1559 2539; x_wconf 90' lang='lat' dir='ltr'>dicto</span> <span class='ocrx_word' id='word_1_170' title='bbox 1590 2482 1768 2540; x_wconf 86' lang='lat' dir='ltr'>tract.</span> 
     </span>
     <span class='ocr_line' id='line_1_24' title="bbox 235 2564 1773 2652; baseline 0.005 -27"><span class='ocrx_word' id='word_1_171' title='bbox 235 2565 311 2626; x_wconf 84' lang='lat' dir='ltr'>de</span> <span class='ocrx_word' id='word_1_172' title='bbox 338 2564 633 2642; x_wconf 77' lang='lat' dir='ltr'>scandalo,</span> <span class='ocrx_word' id='word_1_173' title='bbox 666 2566 852 2626; x_wconf 87' lang='lat' dir='ltr'>resol.</span> <span class='ocrx_word' id='word_1_174' title='bbox 889 2570 985 2627; x_wconf 81' lang='lat'>14.</span> <span class='ocrx_word' id='word_1_175' title='bbox 1046 2569 1244 2630; x_wconf 83' lang='lat' dir='ltr'>Debet</span> <span class='ocrx_word' id='word_1_176' title='bbox 1272 2574 1482 2631; x_wconf 89' lang='lat' dir='ltr'>autem</span> <span class='ocrx_word' id='word_1_177' title='bbox 1510 2577 1773 2652; x_wconf 83' lang='lat' dir='ltr'>uterque</span> 
     </span>
     <span class='ocr_line' id='line_1_25' title="bbox 235 2658 1776 2743; baseline 0.005 -24"><span class='ocrx_word' id='word_1_178' title='bbox 235 2658 437 2738; x_wconf 87' lang='lat' dir='ltr'>loqui,</span> <span class='ocrx_word' id='word_1_179' title='bbox 488 2659 740 2739; x_wconf 89' lang='lat' dir='ltr'>quando</span> <span class='ocrx_word' id='word_1_180' title='bbox 789 2659 1014 2720; x_wconf 87' lang='lat' dir='ltr'>falsum</span> <span class='ocrx_word' id='word_1_181' title='bbox 1056 2660 1209 2721; x_wconf 90' lang='lat' dir='ltr'>illud</span> <span class='ocrx_word' id='word_1_182' title='bbox 1240 2662 1374 2723; x_wconf 88' lang='lat' dir='ltr'>sine</span> <span class='ocrx_word' id='word_1_183' title='bbox 1405 2663 1591 2725; x_wconf 87' lang='lat' dir='ltr'>ullius</span> <span class='ocrx_word' id='word_1_184' title='bbox 1619 2684 1776 2743; x_wconf 84' lang='lat' dir='ltr'>prae-</span> 
     </span>
     <span class='ocr_line' id='line_1_26' title="bbox 226 2752 1775 2835; baseline 0.005 -23"><span class='ocrx_word' id='word_1_185' title='bbox 226 2752 476 2833; x_wconf 86' lang='lat' dir='ltr'>judicio</span> <span class='ocrx_word' id='word_1_186' title='bbox 507 2753 877 2829; x_wconf 83' lang='lat' dir='ltr'>affirmatur,</span> <span class='ocrx_word' id='word_1_187' title='bbox 938 2754 1085 2832; x_wconf 92' lang='lat' dir='ltr'>quia</span> <span class='ocrx_word' id='word_1_188' title='bbox 1138 2754 1416 2835; x_wconf 88' lang='lat' dir='ltr'>alioquin</span> <span class='ocrx_word' id='word_1_189' title='bbox 1470 2757 1775 2819; x_wconf 85' lang='lat' dir='ltr'>inducens</span> 
     </span>
     <span class='ocr_line' id='line_1_27' title="bbox 237 2848 1776 2927; baseline 0.004 -21"><span class='ocrx_word' id='word_1_190' title='bbox 237 2865 370 2906; x_wconf 91' lang='lat' dir='ltr'>non</span> <span class='ocrx_word' id='word_1_191' title='bbox 402 2849 806 2907; x_wconf 80' lang='lat' dir='ltr'>excusaretur</span> <span class='ocrx_word' id='word_1_192' title='bbox 830 2865 870 2906; x_wconf 90' lang='lat' dir='ltr'>a</span> <span class='ocrx_word' id='word_1_193' title='bbox 894 2853 1151 2925; x_wconf 87' lang='lat' dir='ltr'>peccato</span> <span class='ocrx_word' id='word_1_194' title='bbox 1185 2848 1506 2927; x_wconf 82' lang='lat' dir='ltr'>injustitiae</span> <span class='ocrx_word' id='word_1_195' title='bbox 1550 2850 1613 2910; x_wconf 90' lang='lat' dir='ltr'>in</span> <span class='ocrx_word' id='word_1_196' title='bbox 1667 2852 1776 2913; x_wconf 90' lang='lat' dir='ltr'>tali</span> 
     </span>
     <span class='ocr_line' id='line_1_28' title="bbox 237 2938 1771 3022; baseline 0.005 -24"><span class='ocrx_word' id='word_1_197' title='bbox 237 2939 626 2999; x_wconf 88' lang='lat' dir='ltr'>inductione.</span> <span class='ocrx_word' id='word_1_198' title='bbox 691 2938 870 3000; x_wconf 90' lang='lat' dir='ltr'>Unde</span> <span class='ocrx_word' id='word_1_199' title='bbox 941 2958 1065 3000; x_wconf 90' lang='lat' dir='ltr'>non</span> <span class='ocrx_word' id='word_1_200' title='bbox 1122 2941 1329 3018; x_wconf 88' lang='lat' dir='ltr'>placet</span> <span class='ocrx_word' id='word_1_201' title='bbox 1392 2945 1771 3022; x_wconf 85' lang='lat' dir='ltr'>exemplum,</span> 
     </span>
     <span class='ocr_line' id='line_1_29' title="bbox 235 3032 1777 3114; baseline 0.003 -21"><span class='ocrx_word' id='word_1_202' title='bbox 235 3032 415 3112; x_wconf 88' lang='lat' dir='ltr'>quod</span> <span class='ocrx_word' id='word_1_203' title='bbox 443 3035 624 3093; x_wconf 80' lang='lat' dir='ltr'>affert</span> <span class='ocrx_word' id='word_1_204' title='bbox 651 3032 871 3108; x_wconf 91' lang='lat' dir='ltr'>Diana,</span> <span class='ocrx_word' id='word_1_205' title='bbox 926 3034 1095 3112; x_wconf 92' lang='lat' dir='ltr'>quod</span> <span class='ocrx_word' id='word_1_206' title='bbox 1143 3034 1400 3114; x_wconf 89' lang='lat' dir='ltr'>quidem</span> <span class='ocrx_word' id='word_1_207' title='bbox 1443 3055 1568 3097; x_wconf 93' lang='lat' dir='ltr'>non</span> <span class='ocrx_word' id='word_1_208' title='bbox 1598 3041 1777 3098; x_wconf 83' lang='lat' dir='ltr'>affer-</span> 
     </span>
     <span class='ocr_line' id='line_1_30' title="bbox 233 3125 1779 3211; baseline 0.005 -24"><span class='ocrx_word' id='word_1_209' title='bbox 233 3131 347 3187; x_wconf 86' lang='lat' dir='ltr'>tur</span> <span class='ocrx_word' id='word_1_210' title='bbox 375 3125 453 3185; x_wconf 86' lang='lat' dir='ltr'>ab</span> <span class='ocrx_word' id='word_1_211' title='bbox 484 3125 789 3202; x_wconf 85' lang='lat' dir='ltr'>llurtado,</span> <span class='ocrx_word' id='word_1_212' title='bbox 848 3125 926 3184; x_wconf 88' lang='lat' dir='ltr'>de</span> <span class='ocrx_word' id='word_1_213' title='bbox 983 3125 1355 3190; x_wconf 87' lang='lat' dir='ltr'>scholastico</span> <span class='ocrx_word' id='word_1_214' title='bbox 1415 3130 1522 3210; x_wconf 91' lang='lat' dir='ltr'>qui</span> <span class='ocrx_word' id='word_1_215' title='bbox 1556 3131 1712 3211; x_wconf 89' lang='lat' dir='ltr'>petit</span> <span class='ocrx_word' id='word_1_216' title='bbox 1740 3152 1779 3194; x_wconf 92' lang='lat' dir='ltr'>a</span> 
     </span>
     <span class='ocr_line' id='line_1_31' title="bbox 235 3217 1776 3299; baseline 0.005 -18"><span class='ocrx_word' id='word_1_217' title='bbox 235 3218 709 3297; x_wconf 80' lang='lat' dir='ltr'>condiscipuliS‚</span> <span class='ocrx_word' id='word_1_218' title='bbox 735 3223 804 3279; x_wconf 90' lang='lat' dir='ltr'>ut</span> <span class='ocrx_word' id='word_1_219' title='bbox 816 3217 1032 3299; x_wconf 88' lang='lat' dir='ltr'>jurent</span> <span class='ocrx_word' id='word_1_220' title='bbox 1051 3220 1256 3299; x_wconf 88' lang='lat' dir='ltr'>ipsum</span> <span class='ocrx_word' id='word_1_221' title='bbox 1273 3222 1548 3285; x_wconf 81' lang='lat' dir='ltr'>adfuisse</span> <span class='ocrx_word' id='word_1_222' title='bbox 1565 3226 1776 3288; x_wconf 91' lang='lat' dir='ltr'>lectio·</span> 
     </span>
     <span class='ocr_line' id='line_1_32' title="bbox 235 3311 1776 3398; baseline 0.004 -24"><span class='ocrx_word' id='word_1_223' title='bbox 235 3313 427 3374; x_wconf 78' lang='lat' dir='ltr'>nibus</span> <span class='ocrx_word' id='word_1_224' title='bbox 457 3312 519 3372; x_wconf 91' lang='lat' dir='ltr'>in</span> <span class='ocrx_word' id='word_1_225' title='bbox 544 3311 872 3373; x_wconf 86' lang='lat' dir='ltr'>academia</span> <span class='ocrx_word' id='word_1_226' title='bbox 912 3313 1150 3393; x_wconf 90' lang='lat' dir='ltr'>majore</span> <span class='ocrx_word' id='word_1_227' title='bbox 1182 3319 1359 3393; x_wconf 89' lang='lat' dir='ltr'>parte</span> <span class='ocrx_word' id='word_1_228' title='bbox 1390 3319 1562 3395; x_wconf 91' lang='lat' dir='ltr'>anni,</span> <span class='ocrx_word' id='word_1_229' title='bbox 1607 3319 1776 3398; x_wconf 89' lang='lat' dir='ltr'>quod</span> 
     </span>
     <span class='ocr_line' id='line_1_33' title="bbox 235 3406 1771 3485; baseline 0.005 -20"><span class='ocrx_word' id='word_1_230' title='bbox 235 3406 331 3466; x_wconf 90' lang='lat' dir='ltr'>illi</span> <span class='ocrx_word' id='word_1_231' title='bbox 360 3424 580 3465; x_wconf 81' lang='lat' dir='ltr'>verum</span> <span class='ocrx_word' id='word_1_232' title='bbox 622 3408 865 3483; x_wconf 89' lang='lat' dir='ltr'>putant,</span> <span class='ocrx_word' id='word_1_233' title='bbox 921 3406 1052 3485; x_wconf 88' lang='lat' dir='ltr'>ipse</span> <span class='ocrx_word' id='word_1_234' title='bbox 1100 3410 1312 3468; x_wconf 84' lang='lat' dir='ltr'>tamen</span> <span class='ocrx_word' id='word_1_235' title='bbox 1359 3409 1477 3471; x_wconf 87' lang='lat' dir='ltr'>scit</span> <span class='ocrx_word' id='word_1_236' title='bbox 1523 3412 1771 3474; x_wconf 89' lang='lat' dir='ltr'>falsum.</span> 
     </span>
     <span class='ocr_line' id='line_1_34' title="bbox 236 3498 1777 3582; baseline 0.006 -25"><span class='ocrx_word' id='word_1_237' title='bbox 236 3499 405 3571; x_wconf 86' lang='lat' dir='ltr'>Quia</span> <span class='ocrx_word' id='word_1_238' title='bbox 433 3501 581 3559; x_wconf 89' lang='lat' dir='ltr'>tunc</span> <span class='ocrx_word' id='word_1_239' title='bbox 628 3498 888 3559; x_wconf 89' lang='lat' dir='ltr'>intentio</span> <span class='ocrx_word' id='word_1_240' title='bbox 938 3502 1032 3561; x_wconf 88' lang='lat' dir='ltr'>est</span> <span class='ocrx_word' id='word_1_241' title='bbox 1059 3500 1313 3580; x_wconf 85' lang='lat' dir='ltr'>injusta,</span> <span class='ocrx_word' id='word_1_242' title='bbox 1366 3521 1589 3582; x_wconf 90' lang='lat' dir='ltr'>nempe</span> <span class='ocrx_word' id='word_1_243' title='bbox 1619 3506 1777 3566; x_wconf 86' lang='lat' dir='ltr'>velle</span> 
     </span>
     <span class='ocr_line' id='line_1_35' title="bbox 236 3590 1776 3671; baseline 0.003 -19"><span class='ocrx_word' id='word_1_244' title='bbox 236 3592 479 3653; x_wconf 87' lang='lat' dir='ltr'>habere</span> <span class='ocrx_word' id='word_1_245' title='bbox 518 3590 624 3671; x_wconf 86' lang='lat' dir='ltr'>jus</span> <span class='ocrx_word' id='word_1_246' title='bbox 669 3590 820 3651; x_wconf 92' lang='lat' dir='ltr'>illud</span> <span class='ocrx_word' id='word_1_247' title='bbox 867 3592 1035 3671; x_wconf 89' lang='lat' dir='ltr'>quod</span> <span class='ocrx_word' id='word_1_248' title='bbox 1083 3613 1158 3653; x_wconf 88' lang='lat' dir='ltr'>ex</span> <span class='ocrx_word' id='word_1_249' title='bbox 1205 3612 1390 3654; x_wconf 88' lang='lat' dir='ltr'>cursu</span> <span class='ocrx_word' id='word_1_250' title='bbox 1435 3596 1776 3658; x_wconf 62' lang='lat' dir='ltr'>academiae</span> 
     </span>
     <span class='ocr_line' id='line_1_36' title="bbox 233 3684 1780 3767; baseline 0.003 -21"><span class='ocrx_word' id='word_1_251' title='bbox 233 3686 523 3765; x_wconf 79' lang='lat' dir='ltr'>legitimo</span> <span class='ocrx_word' id='word_1_252' title='bbox 583 3684 718 3745; x_wconf 87' lang='lat' dir='ltr'>aliis</span> <span class='ocrx_word' id='word_1_253' title='bbox 774 3684 1093 3763; x_wconf 88' lang='lat' dir='ltr'>competit,</span> <span class='ocrx_word' id='word_1_254' title='bbox 1158 3687 1327 3764; x_wconf 90' lang='lat' dir='ltr'>quod</span> <span class='ocrx_word' id='word_1_255' title='bbox 1370 3688 1624 3767; x_wconf 85' lang='lat' dir='ltr'>quidem</span> <span class='ocrx_word' id='word_1_256' title='bbox 1671 3690 1780 3751; x_wconf 90' lang='lat' dir='ltr'>dat</span> 
     </span>
     <span class='ocr_line' id='line_1_37' title="bbox 232 3778 1778 3858; baseline 0.002 -17"><span class='ocrx_word' id='word_1_257' title='bbox 232 3779 493 3841; x_wconf 86' lang='lat' dir='ltr'>titulum</span> <span class='ocrx_word' id='word_1_258' title='bbox 540 3778 621 3838; x_wconf 90' lang='lat' dir='ltr'>ad</span> <span class='ocrx_word' id='word_1_259' title='bbox 664 3778 897 3856; x_wconf 86' lang='lat' dir='ltr'>gradus</span> <span class='ocrx_word' id='word_1_260' title='bbox 945 3782 1007 3840; x_wconf 90' lang='lat' dir='ltr'>et</span> <span class='ocrx_word' id='word_1_261' title='bbox 1051 3778 1132 3839; x_wconf 91' lang='lat' dir='ltr'>ad</span> <span class='ocrx_word' id='word_1_262' title='bbox 1172 3781 1491 3858; x_wconf 80' lang='lat' dir='ltr'>suffragia,</span> <span class='ocrx_word' id='word_1_263' title='bbox 1552 3786 1613 3843; x_wconf 90' lang='lat' dir='ltr'>et</span> <span class='ocrx_word' id='word_1_264' title='bbox 1658 3784 1778 3844; x_wconf 88' lang='lat' dir='ltr'>alia</span> 
     </span>
     <span class='ocr_line' id='line_1_38' title="bbox 233 3871 1778 3955; baseline 0.003 -22"><span class='ocrx_word' id='word_1_265' title='bbox 233 3871 495 3948; x_wconf 84' lang='lat' dir='ltr'>similia,</span> <span class='ocrx_word' id='word_1_266' title='bbox 543 3871 711 3950; x_wconf 89' lang='lat' dir='ltr'>quod</span> <span class='ocrx_word' id='word_1_267' title='bbox 739 3875 951 3932; x_wconf 88' lang='lat' dir='ltr'>tamen</span> <span class='ocrx_word' id='word_1_268' title='bbox 984 3871 1104 3949; x_wconf 89' lang='lat' dir='ltr'>ipsi</span> <span class='ocrx_word' id='word_1_269' title='bbox 1131 3878 1487 3951; x_wconf 86' lang='lat' dir='ltr'>competere</span> <span class='ocrx_word' id='word_1_270' title='bbox 1518 3894 1642 3936; x_wconf 88' lang='lat' dir='ltr'>non</span> <span class='ocrx_word' id='word_1_271' title='bbox 1672 3896 1778 3955; x_wconf 90' lang='lat' dir='ltr'>po·</span> 
     </span>
     <span class='ocr_line' id='line_1_39' title="bbox 234 3965 1773 4048; baseline 0.001 -19"><span class='ocrx_word' id='word_1_272' title='bbox 234 3970 386 4029; x_wconf 85' lang='lat' dir='ltr'>test.</span> <span class='ocrx_word' id='word_1_273' title='bbox 441 3965 713 4038; x_wconf 79' lang='lat' dir='ltr'>Quaestio</span> <span class='ocrx_word' id='word_1_274' title='bbox 762 3983 912 4043; x_wconf 89' lang='lat' dir='ltr'>ergo</span> <span class='ocrx_word' id='word_1_275' title='bbox 951 3965 1153 4026; x_wconf 89' lang='lat' dir='ltr'>solum</span> <span class='ocrx_word' id='word_1_276' title='bbox 1197 3967 1539 4045; x_wconf 87' lang='lat' dir='ltr'>procedere</span> <span class='ocrx_word' id='word_1_277' title='bbox 1566 3969 1773 4048; x_wconf 88' lang='lat' dir='ltr'>debet,</span> 
     </span>
     <span class='ocr_line' id='line_1_40' title="bbox 234 4058 1778 4141; baseline 0.002 -20"><span class='ocrx_word' id='word_1_278' title='bbox 234 4059 498 4141; x_wconf 87' lang='lat' dir='ltr'>quando</span> <span class='ocrx_word' id='word_1_279' title='bbox 531 4058 959 4120; x_wconf 88' lang='lat' dir='ltr'>testimonium</span> <span class='ocrx_word' id='word_1_280' title='bbox 1005 4059 1177 4120; x_wconf 88' lang='lat' dir='ltr'>testis</span> <span class='ocrx_word' id='word_1_281' title='bbox 1225 4078 1350 4121; x_wconf 92' lang='lat' dir='ltr'>non</span> <span class='ocrx_word' id='word_1_282' title='bbox 1397 4061 1671 4125; x_wconf 86' lang='lat' dir='ltr'>deservit</span> <span class='ocrx_word' id='word_1_283' title='bbox 1698 4063 1778 4124; x_wconf 88' lang='lat' dir='ltr'>ad</span> 
     </span>
     <span class='ocr_line' id='line_1_41' title="bbox 234 4150 1693 4231; baseline 0.001 -16"><span class='ocrx_word' id='word_1_284' title='bbox 234 4152 675 4231; x_wconf 86' lang='lat' dir='ltr'>usurpandum</span> <span class='ocrx_word' id='word_1_285' title='bbox 706 4150 943 4230; x_wconf 87' lang='lat' dir='ltr'>aliquid</span> <span class='ocrx_word' id='word_1_286' title='bbox 970 4152 1206 4231; x_wconf 87' lang='lat' dir='ltr'>petenti</span> <span class='ocrx_word' id='word_1_287' title='bbox 1238 4172 1359 4214; x_wconf 91' lang='lat' dir='ltr'>non</span> <span class='ocrx_word' id='word_1_288' title='bbox 1389 4154 1693 4217; x_wconf 89' lang='lat' dir='ltr'>debitum.</span> 
     </span>
    </p>

    <p class='ocr_par' dir='ltr' id='par_1_4' title="bbox 223 4246 1780 5637">
     <span class='ocr_line' id='line_1_42' title="bbox 323 4246 1778 4324; baseline 0.002 -18"><span class='ocrx_word' id='word_1_289' title='bbox 323 4249 392 4306; x_wconf 93' lang='lat' dir='ltr'>ln</span> <span class='ocrx_word' id='word_1_290' title='bbox 425 4264 498 4307; x_wconf 93' lang='lat' dir='ltr'>eo</span> <span class='ocrx_word' id='word_1_291' title='bbox 528 4263 676 4324; x_wconf 83' lang='lat' dir='ltr'>ergo</span> <span class='ocrx_word' id='word_1_292' title='bbox 706 4263 890 4305; x_wconf 89' lang='lat' dir='ltr'>sensu</span> <span class='ocrx_word' id='word_1_293' title='bbox 921 4246 1211 4323; x_wconf 88' lang='lat' dir='ltr'>probant,</span> <span class='ocrx_word' id='word_1_294' title='bbox 1245 4246 1673 4310; x_wconf 86' lang='lat' dir='ltr'>inductionem</span> <span class='ocrx_word' id='word_1_295' title='bbox 1703 4249 1778 4309; x_wconf 91' lang='lat' dir='ltr'>il-</span> 
     </span>
     <span class='ocr_line' id='line_1_43' title="bbox 229 4432 1777 4514; baseline -0.001 -17"><span class='ocrx_word' id='word_1_296' title='bbox 229 4434 356 4497; x_wconf 88' lang='lat' dir='ltr'>sed</span> <span class='ocrx_word' id='word_1_297' title='bbox 374 4432 612 4494; x_wconf 89' lang='lat' dir='ltr'>licitum</span> <span class='ocrx_word' id='word_1_298' title='bbox 632 4435 1015 4509; x_wconf 85' lang='lat' dir='ltr'>etsanctum,</span> <span class='ocrx_word' id='word_1_299' title='bbox 1042 4449 1266 4511; x_wconf 87' lang='lat' dir='ltr'>nempe</span> <span class='ocrx_word' id='word_1_300' title='bbox 1277 4432 1491 4513; x_wconf 87' lang='lat' dir='ltr'>jurare</span> <span class='ocrx_word' id='word_1_301' title='bbox 1516 4434 1581 4495; x_wconf 89' lang='lat' dir='ltr'>id</span> <span class='ocrx_word' id='word_1_302' title='bbox 1609 4435 1777 4514; x_wconf 87' lang='lat' dir='ltr'>quod</span> 
     </span>
     <span class='ocr_line' id='line_1_44' title="bbox 223 4525 1778 4607; baseline 0.001 -18"><span class='ocrx_word' id='word_1_303' title='bbox 223 4529 457 4607; x_wconf 84' lang='lat' dir='ltr'>jurans</span> <span class='ocrx_word' id='word_1_304' title='bbox 486 4525 686 4586; x_wconf 88' lang='lat' dir='ltr'>credit</span> <span class='ocrx_word' id='word_1_305' title='bbox 722 4544 856 4586; x_wconf 87' lang='lat' dir='ltr'>esse</span> <span class='ocrx_word' id='word_1_306' title='bbox 901 4544 1143 4602; x_wconf 76' lang='lat' dir='ltr'>verum,</span> <span class='ocrx_word' id='word_1_307' title='bbox 1169 4527 1335 4605; x_wconf 87' lang='lat' dir='ltr'>quod</span> <span class='ocrx_word' id='word_1_308' title='bbox 1366 4527 1619 4607; x_wconf 85' lang='lat' dir='ltr'>quidem</span> <span class='ocrx_word' id='word_1_309' title='bbox 1642 4548 1778 4607; x_wconf 91' lang='lat' dir='ltr'>per-</span> 
     </span>
     <span class='ocr_line' id='line_1_45' title="bbox 231 4618 1777 4698; baseline 0 -15"><span class='ocrx_word' id='word_1_310' title='bbox 231 4623 401 4683; x_wconf 88' lang='lat' dir='ltr'>tinet</span> <span class='ocrx_word' id='word_1_311' title='bbox 428 4620 509 4680; x_wconf 86' lang='lat' dir='ltr'>ad</span> <span class='ocrx_word' id='word_1_312' title='bbox 535 4618 904 4698; x_wconf 84' lang='lat' dir='ltr'>religionem</span> <span class='ocrx_word' id='word_1_313' title='bbox 953 4639 966 4679; x_wconf 74' lang='grc' dir='ltr'><strong><em>ε</em></strong></span> <span class='ocrx_word' id='word_1_314' title='bbox 1014 4638 1165 4698; x_wconf 89' lang='lat' dir='ltr'>ergo</span> <span class='ocrx_word' id='word_1_315' title='bbox 1206 4620 1485 4681; x_wconf 88' lang='lat' dir='ltr'>inductio</span> <span class='ocrx_word' id='word_1_316' title='bbox 1518 4639 1642 4682; x_wconf 92' lang='lat' dir='ltr'>non</span> <span class='ocrx_word' id='word_1_317' title='bbox 1671 4622 1777 4683; x_wconf 91' lang='lat' dir='ltr'>ha-</span> 
     </span>
     <span class='ocr_line' id='line_1_46' title="bbox 233 4713 1779 4789; baseline 0 -13"><span class='ocrx_word' id='word_1_318' title='bbox 233 4717 352 4776; x_wconf 78' lang='lat' dir='ltr'>het</span> <span class='ocrx_word' id='word_1_319' title='bbox 377 4713 679 4773; x_wconf 86' lang='lat' dir='ltr'>malitiam</span> <span class='ocrx_word' id='word_1_320' title='bbox 709 4713 1009 4789; x_wconf 79' lang='lat' dir='ltr'>scandali,</span> <span class='ocrx_word' id='word_1_321' title='bbox 1045 4732 1187 4773; x_wconf 89' lang='lat' dir='ltr'>cum</span> <span class='ocrx_word' id='word_1_322' title='bbox 1224 4714 1394 4773; x_wconf 90' lang='lat' dir='ltr'>nulla</span> <span class='ocrx_word' id='word_1_323' title='bbox 1424 4714 1608 4775; x_wconf 80' lang='lat' dir='ltr'>detur</span> <span class='ocrx_word' id='word_1_324' title='bbox 1637 4716 1779 4777; x_wconf 84' lang='lat' dir='ltr'>testi</span> 
     </span>
     <span class='ocr_line' id='line_1_47' title="bbox 233 4806 1780 4886; baseline -0.001 -15"><span class='ocrx_word' id='word_1_325' title='bbox 233 4808 489 4871; x_wconf 90' lang='lat' dir='ltr'>occasio</span> <span class='ocrx_word' id='word_1_326' title='bbox 531 4806 870 4886; x_wconf 81' lang='lat' dir='ltr'>peccandi3</span> <span class='ocrx_word' id='word_1_327' title='bbox 923 4825 1126 4886; x_wconf 88' lang='lat' dir='ltr'>neque</span> <span class='ocrx_word' id='word_1_328' title='bbox 1151 4807 1340 4868; x_wconf 90' lang='lat' dir='ltr'>etiam</span> <span class='ocrx_word' id='word_1_329' title='bbox 1369 4807 1562 4869; x_wconf 90' lang='lat' dir='ltr'>habet</span> <span class='ocrx_word' id='word_1_330' title='bbox 1598 4809 1780 4869; x_wconf 88' lang='lat' dir='ltr'>mali-</span> 
     </span>
     <span class='ocr_line' id='line_1_48' title="bbox 231 4900 1777 4978; baseline -0.001 -14"><span class='ocrx_word' id='word_1_331' title='bbox 231 4904 396 4965; x_wconf 88' lang='lat' dir='ltr'>tiam</span> <span class='ocrx_word' id='word_1_332' title='bbox 427 4905 643 4961; x_wconf 90' lang='lat' dir='ltr'>contra</span> <span class='ocrx_word' id='word_1_333' title='bbox 674 4900 1061 4978; x_wconf 83' lang='lat' dir='ltr'>religionem,</span> <span class='ocrx_word' id='word_1_334' title='bbox 1088 4918 1230 4960; x_wconf 90' lang='lat' dir='ltr'>cum</span> <span class='ocrx_word' id='word_1_335' title='bbox 1261 4901 1467 4978; x_wconf 89' lang='lat' dir='ltr'>potius</span> <span class='ocrx_word' id='word_1_336' title='bbox 1494 4904 1661 4963; x_wconf 89' lang='lat' dir='ltr'>Deus</span> <span class='ocrx_word' id='word_1_337' title='bbox 1678 4920 1777 4963; x_wconf 89' lang='lat' dir='ltr'>co-</span> 
     </span>
     <span class='ocr_line' id='line_1_49' title="bbox 230 4993 1772 5073; baseline -0.001 -14"><span class='ocrx_word' id='word_1_338' title='bbox 230 5000 409 5059; x_wconf 88' lang='lat' dir='ltr'>latur</span> <span class='ocrx_word' id='word_1_339' title='bbox 437 5014 475 5055; x_wconf 91' lang='lat' dir='ltr'>a</span> <span class='ocrx_word' id='word_1_340' title='bbox 499 4998 657 5057; x_wconf 88' lang='lat' dir='ltr'>teste</span> <span class='ocrx_word' id='word_1_341' title='bbox 684 4993 930 5073; x_wconf 89' lang='lat' dir='ltr'>jurante</span> <span class='ocrx_word' id='word_1_342' title='bbox 961 4993 1128 5073; x_wconf 88' lang='lat' dir='ltr'>quod</span> <span class='ocrx_word' id='word_1_343' title='bbox 1158 4994 1356 5055; x_wconf 89' lang='lat' dir='ltr'>credit</span> <span class='ocrx_word' id='word_1_344' title='bbox 1375 5014 1510 5055; x_wconf 88' lang='lat' dir='ltr'>esse</span> <span class='ocrx_word' id='word_1_345' title='bbox 1531 5014 1772 5057; x_wconf 82' lang='lat' dir='ltr'>verum.</span> 
     </span>
     <span class='ocr_line' id='line_1_50' title="bbox 232 5087 1778 5168; baseline -0.002 -17"><span class='ocrx_word' id='word_1_346' title='bbox 232 5095 393 5152; x_wconf 79' lang='lat' dir='ltr'>Haec</span> <span class='ocrx_word' id='word_1_347' title='bbox 422 5094 633 5151; x_wconf 90' lang='lat' dir='ltr'>tamen</span> <span class='ocrx_word' id='word_1_348' title='bbox 682 5088 839 5148; x_wconf 88' lang='lat' dir='ltr'>ratio</span> <span class='ocrx_word' id='word_1_349' title='bbox 888 5087 1097 5148; x_wconf 89' lang='lat' dir='ltr'>adhuc</span> <span class='ocrx_word' id='word_1_350' title='bbox 1127 5087 1396 5148; x_wconf 83' lang='lat' dir='ltr'>difficilis</span> <span class='ocrx_word' id='word_1_351' title='bbox 1441 5092 1568 5166; x_wconf 88' lang='lat' dir='ltr'>est,</span> <span class='ocrx_word' id='word_1_352' title='bbox 1630 5089 1778 5168; x_wconf 90' lang='lat' dir='ltr'>quia</span> 
     </span>
     <span class='ocr_line' id='line_1_51' title="bbox 235 5181 1779 5263; baseline -0.003 -16"><span class='ocrx_word' id='word_1_353' title='bbox 235 5203 363 5263; x_wconf 85' lang='lat' dir='ltr'>ego</span> <span class='ocrx_word' id='word_1_354' title='bbox 396 5202 518 5244; x_wconf 89' lang='lat' dir='ltr'>non</span> <span class='ocrx_word' id='word_1_355' title='bbox 550 5183 752 5244; x_wconf 88' lang='lat' dir='ltr'>solum</span> <span class='ocrx_word' id='word_1_356' title='bbox 801 5199 926 5242; x_wconf 92' lang='lat' dir='ltr'>non</span> <span class='ocrx_word' id='word_1_357' title='bbox 957 5199 1214 5260; x_wconf 88' lang='lat' dir='ltr'>possum</span> <span class='ocrx_word' id='word_1_358' title='bbox 1244 5181 1546 5243; x_wconf 85' lang='lat' dir='ltr'>inducere</span> <span class='ocrx_word' id='word_1_359' title='bbox 1576 5182 1779 5259; x_wconf 88' lang='lat' dir='ltr'>proxi-</span> 
     </span>
     <span class='ocr_line' id='line_1_52' title="bbox 234 5274 1773 5356; baseline -0.003 -17"><span class='ocrx_word' id='word_1_360' title='bbox 234 5296 420 5339; x_wconf 87' lang='lat' dir='ltr'>mum</span> <span class='ocrx_word' id='word_1_361' title='bbox 467 5276 730 5356; x_wconf 81' lang='lat' dir='ltr'>positive</span> <span class='ocrx_word' id='word_1_362' title='bbox 777 5274 858 5336; x_wconf 92' lang='lat' dir='ltr'>ad</span> <span class='ocrx_word' id='word_1_363' title='bbox 889 5279 1099 5335; x_wconf 87' lang='lat' dir='ltr'>actum</span> <span class='ocrx_word' id='word_1_364' title='bbox 1141 5274 1486 5335; x_wconf 85' lang='lat' dir='ltr'>formaliter</span> <span class='ocrx_word' id='word_1_365' title='bbox 1513 5275 1773 5353; x_wconf 89' lang='lat' dir='ltr'>malum,</span> 
     </span>
     <span class='ocr_line' id='line_1_53' title="bbox 235 5368 1772 5450; baseline -0.005 -16"><span class='ocrx_word' id='word_1_366' title='bbox 235 5371 358 5435; x_wconf 86' lang='lat' dir='ltr'>sed</span> <span class='ocrx_word' id='word_1_367' title='bbox 412 5389 616 5450; x_wconf 89' lang='lat' dir='ltr'>neque</span> <span class='ocrx_word' id='word_1_368' title='bbox 673 5369 861 5430; x_wconf 87' lang='lat' dir='ltr'>etiam</span> <span class='ocrx_word' id='word_1_369' title='bbox 913 5368 992 5428; x_wconf 92' lang='lat' dir='ltr'>ad</span> <span class='ocrx_word' id='word_1_370' title='bbox 1056 5369 1291 5429; x_wconf 92' lang='lat' dir='ltr'>malum</span> <span class='ocrx_word' id='word_1_371' title='bbox 1345 5368 1772 5444; x_wconf 85' lang='lat' dir='ltr'>materialiter,</span> 
     </span>
     <span class='ocr_line' id='line_1_54' title="bbox 236 5459 1777 5546; baseline -0.005 -20"><span class='ocrx_word' id='word_1_372' title='bbox 236 5465 533 5546; x_wconf 86' lang='lat' dir='ltr'>quamvis</span> <span class='ocrx_word' id='word_1_373' title='bbox 559 5464 692 5543; x_wconf 88' lang='lat' dir='ltr'>ipse</span> <span class='ocrx_word' id='word_1_374' title='bbox 723 5466 977 5542; x_wconf 88' lang='lat' dir='ltr'>propter</span> <span class='ocrx_word' id='word_1_375' title='bbox 1004 5461 1423 5540; x_wconf 83' lang='lat' dir='ltr'>ignorantiam</span> <span class='ocrx_word' id='word_1_376' title='bbox 1453 5459 1777 5520; x_wconf 83' lang='lat' dir='ltr'>invincibi—</span> 
     </span>
     <span class='ocr_line' id='line_1_55' title="bbox 235 5553 1778 5637; baseline -0.004 -15"><span class='ocrx_word' id='word_1_377' title='bbox 235 5562 372 5622; x_wconf 89' lang='lat' dir='ltr'>lem</span> <span class='ocrx_word' id='word_1_378' title='bbox 395 5576 521 5621; x_wconf 91' lang='lat' dir='ltr'>non</span> <span class='ocrx_word' id='word_1_379' title='bbox 549 5561 800 5637; x_wconf 86' lang='lat' dir='ltr'>peccet,</span> <span class='ocrx_word' id='word_1_380' title='bbox 858 5556 968 5617; x_wconf 86' lang='lat' dir='ltr'>sed</span> <span class='ocrx_word' id='word_1_381' title='bbox 1016 5555 1222 5636; x_wconf 88' lang='lat' dir='ltr'>potius</span> <span class='ocrx_word' id='word_1_382' title='bbox 1260 5554 1474 5617; x_wconf 90' lang='lat' dir='ltr'>credat</span> <span class='ocrx_word' id='word_1_383' title='bbox 1500 5573 1635 5615; x_wconf 88' lang='lat' dir='ltr'>esse</span> <span class='ocrx_word' id='word_1_384' title='bbox 1665 5553 1778 5616; x_wconf 87' lang='lat' dir='ltr'>bo-</span> 
     </span>
    </p>
   </div>
   <div class='ocr_carea' id='block_1_3' title="bbox 3285 352 3400 411">
    <p class='ocr_par' dir='ltr' id='par_1_5' title="bbox 3285 352 3400 411">
     <span class='ocr_line' id='line_1_56' title="bbox 3285 352 3400 411; baseline 0.017 -2"><span class='ocrx_word' id='word_1_385' title='bbox 3285 352 3400 411; x_wconf 81' lang='lat'>765</span> 
     </span>
    </p>
   </div>
   <div class='ocr_carea' id='block_1_4' title="bbox 1867 523 3413 2089">
    <p class='ocr_par' dir='ltr' id='par_1_6' title="bbox 1867 523 3413 1996">
     <span class='ocr_line' id='line_1_57' title="bbox 1871 523 3401 601; baseline 0.002 -19"><span class='ocrx_word' id='word_1_386' title='bbox 1871 541 2060 599; x_wconf 86' lang='lat' dir='ltr'>num,</span> <span class='ocrx_word' id='word_1_387' title='bbox 2120 541 2181 583; x_wconf 89' lang='lat' dir='ltr'>v.</span> <span class='ocrx_word' id='word_1_388' title='bbox 2214 541 2276 601; x_wconf 86' lang='lat' dir='ltr'>g.</span> <span class='ocrx_word' id='word_1_389' title='bbox 2311 540 2436 583; x_wconf 91' lang='lat' dir='ltr'>non</span> <span class='ocrx_word' id='word_1_390' title='bbox 2467 539 2722 601; x_wconf 89' lang='lat' dir='ltr'>possum</span> <span class='ocrx_word' id='word_1_391' title='bbox 2760 523 3057 584; x_wconf 88' lang='lat' dir='ltr'>inducere</span> <span class='ocrx_word' id='word_1_392' title='bbox 3089 525 3171 583; x_wconf 82' lang='lat' dir='ltr'>ad·</span> <span class='ocrx_word' id='word_1_393' title='bbox 3198 542 3401 585; x_wconf 82' lang='lat' dir='ltr'>come-</span> 
     </span>
     <span class='ocr_line' id='line_1_58' title="bbox 1869 614 3408 696; baseline 0.003 -23"><span class='ocrx_word' id='word_1_394' title='bbox 1869 614 2106 675; x_wconf 76' lang='lat' dir='ltr'>dendas</span> <span class='ocrx_word' id='word_1_395' title='bbox 2138 632 2357 675; x_wconf 87' lang='lat' dir='ltr'>carnes</span> <span class='ocrx_word' id='word_1_396' title='bbox 2387 614 2449 673; x_wconf 91' lang='lat' dir='ltr'>in</span> <span class='ocrx_word' id='word_1_397' title='bbox 2480 614 2580 676; x_wconf 88' lang='lat' dir='ltr'>die</span> <span class='ocrx_word' id='word_1_398' title='bbox 2603 614 3135 696; x_wconf 84' lang='lat' dir='ltr'>jejunii,·quondo</span> <span class='ocrx_word' id='word_1_399' title='bbox 3168 617 3298 695; x_wconf 89' lang='lat' dir='ltr'>ipse</span> <span class='ocrx_word' id='word_1_400' title='bbox 3319 618 3408 677; x_wconf 89' lang='lat' dir='ltr'>in-</span> 
     </span>
     <span class='ocr_line' id='line_1_59' title="bbox 1869 706 3403 789; baseline 0.003 -22"><span class='ocrx_word' id='word_1_401' title='bbox 1869 706 2245 767; x_wconf 81' lang='lat' dir='ltr'>vincibiliter</span> <span class='ocrx_word' id='word_1_402' title='bbox 2292 724 2416 768; x_wconf 89' lang='lat' dir='ltr'>non</span> <span class='ocrx_word' id='word_1_403' title='bbox 2462 707 2834 769; x_wconf 84' lang='lat' dir='ltr'>recordatur</span> <span class='ocrx_word' id='word_1_404' title='bbox 2860 711 2964 771; x_wconf 83' lang='lat' dir='ltr'>vel</span> <span class='ocrx_word' id='word_1_405' title='bbox 2998 710 3403 789; x_wconf 88' lang='lat' dir='ltr'>ignoratpro·</span> 
     </span>
     <span class='ocr_line' id='line_1_60' title="bbox 1867 799 3399 880; baseline 0.003 -21"><span class='ocrx_word' id='word_1_406' title='bbox 1867 799 2253 861; x_wconf 84' lang='lat' dir='ltr'>bibitionem.</span> <span class='ocrx_word' id='word_1_407' title='bbox 2301 802 2457 861; x_wconf 89' lang='lat' dir='ltr'>Item</span> <span class='ocrx_word' id='word_1_408' title='bbox 2513 819 2638 861; x_wconf 90' lang='lat' dir='ltr'>non</span> <span class='ocrx_word' id='word_1_409' title='bbox 2685 819 2943 880; x_wconf 89' lang='lat' dir='ltr'>possum</span> <span class='ocrx_word' id='word_1_410' title='bbox 2990 803 3290 863; x_wconf 89' lang='lat' dir='ltr'>inducere</span> <span class='ocrx_word' id='word_1_411' title='bbox 3321 803 3399 863; x_wconf 89' lang='lat' dir='ltr'>ad</span> 
     </span>
     <span class='ocr_line' id='line_1_61' title="bbox 1868 892 3404 974; baseline 0.001 -21"><span class='ocrx_word' id='word_1_412' title='bbox 1868 892 2329 954; x_wconf 88' lang='lat' dir='ltr'>conculcandas</span> <span class='ocrx_word' id='word_1_413' title='bbox 2359 894 2735 954; x_wconf 89' lang='lat' dir='ltr'>Sanctorum</span> <span class='ocrx_word' id='word_1_414' title='bbox 2764 895 3073 974; x_wconf 79' lang='lat' dir='ltr'>imagines</span> <span class='ocrx_word' id='word_1_415' title='bbox 3104 915 3269 972; x_wconf 87' lang='lat' dir='ltr'>eum,</span> <span class='ocrx_word' id='word_1_416' title='bbox 3297 895 3404 974; x_wconf 91' lang='lat' dir='ltr'>qui</span> 
     </span>
     <span class='ocr_line' id='line_1_62' title="bbox 1867 985 3401 1067; baseline 0.005 -24"><span class='ocrx_word' id='word_1_417' title='bbox 1867 985 2308 1045; x_wconf 85' lang='lat' dir='ltr'>invincibiliter</span> <span class='ocrx_word' id='word_1_418' title='bbox 2336 988 2585 1064; x_wconf 85' lang='lat' dir='ltr'>putaret</span> <span class='ocrx_word' id='word_1_419' title='bbox 2617 986 2683 1047; x_wconf 83' lang='lat' dir='ltr'>id</span> <span class='ocrx_word' id='word_1_420' title='bbox 2714 1006 2838 1048; x_wconf 92' lang='lat' dir='ltr'>non</span> <span class='ocrx_word' id='word_1_421' title='bbox 2869 1006 3003 1048; x_wconf 86' lang='lat' dir='ltr'>esse</span> <span class='ocrx_word' id='word_1_422' title='bbox 3032 993 3401 1067; x_wconf 87' lang='lat' dir='ltr'>peccatum:</span> 
     </span>
     <span class='ocr_line' id='line_1_63' title="bbox 1870 1078 3398 1158; baseline 0.003 -21"><span class='ocrx_word' id='word_1_423' title='bbox 1870 1096 2017 1156; x_wconf 89' lang='lat' dir='ltr'>ergo</span> <span class='ocrx_word' id='word_1_424' title='bbox 2047 1078 2404 1156; x_wconf 87' lang='lat' dir='ltr'>ignorantia</span> <span class='ocrx_word' id='word_1_425' title='bbox 2433 1078 2813 1141; x_wconf 87' lang='lat' dir='ltr'>invincibilis</span> <span class='ocrx_word' id='word_1_426' title='bbox 2858 1080 3036 1142; x_wconf 85' lang='lat' dir='ltr'>testis</span> <span class='ocrx_word' id='word_1_427' title='bbox 3075 1101 3200 1142; x_wconf 89' lang='lat' dir='ltr'>non</span> <span class='ocrx_word' id='word_1_428' title='bbox 3228 1081 3398 1158; x_wconf 83' lang='lat' dir='ltr'>facit,</span> 
     </span>
     <span class='ocr_line' id='line_1_64' title="bbox 1868 1170 3405 1253; baseline 0.003 -23"><span class='ocrx_word' id='word_1_429' title='bbox 1868 1170 2035 1249; x_wconf 90' lang='lat' dir='ltr'>quod</span> <span class='ocrx_word' id='word_1_430' title='bbox 2068 1189 2184 1249; x_wconf 86' lang='lat' dir='ltr'>ego</span> <span class='ocrx_word' id='word_1_431' title='bbox 2214 1170 2447 1248; x_wconf 87' lang='lat' dir='ltr'>possim</span> <span class='ocrx_word' id='word_1_432' title='bbox 2468 1190 2614 1231; x_wconf 91' lang='lat' dir='ltr'>eum</span> <span class='ocrx_word' id='word_1_433' title='bbox 2640 1172 2939 1233; x_wconf 89' lang='lat' dir='ltr'>inducere</span> <span class='ocrx_word' id='word_1_434' title='bbox 2960 1173 3039 1234; x_wconf 90' lang='lat' dir='ltr'>ad</span> <span class='ocrx_word' id='word_1_435' title='bbox 3061 1174 3405 1253; x_wconf 84' lang='lat' dir='ltr'>jurandum</span> 
     </span>
     <span class='ocr_line' id='line_1_65' title="bbox 1869 1263 3405 1343; baseline 0.003 -19"><span class='ocrx_word' id='word_1_436' title='bbox 1869 1263 2095 1324; x_wconf 88' lang='lat' dir='ltr'>falsum</span> <span class='ocrx_word' id='word_1_437' title='bbox 2119 1309 2136 1340; x_wconf 89' lang='lat'>‚</span> <span class='ocrx_word' id='word_1_438' title='bbox 2197 1282 2338 1325; x_wconf 89' lang='lat' dir='ltr'>cum</span> <span class='ocrx_word' id='word_1_439' title='bbox 2368 1268 2544 1325; x_wconf 90' lang='lat' dir='ltr'>actus</span> <span class='ocrx_word' id='word_1_440' title='bbox 2572 1265 2705 1343; x_wconf 89' lang='lat' dir='ltr'>ipse</span> <span class='ocrx_word' id='word_1_441' title='bbox 2736 1265 2815 1327; x_wconf 91' lang='lat' dir='ltr'>sit</span> <span class='ocrx_word' id='word_1_442' title='bbox 2842 1266 3248 1328; x_wconf 86' lang='lat' dir='ltr'>materialiter</span> <span class='ocrx_word' id='word_1_443' title='bbox 3276 1286 3405 1328; x_wconf 92' lang='lat' dir='ltr'>ma-</span> 
     </span>
     <span class='ocr_line' id='line_1_66' title="bbox 1868 1356 3408 1438; baseline 0.005 -23"><span class='ocrx_word' id='word_1_444' title='bbox 1868 1356 1986 1432; x_wconf 78' lang='lat' dir='ltr'>luS‚</span> <span class='ocrx_word' id='word_1_445' title='bbox 2009 1356 2160 1417; x_wconf 88' lang='lat' dir='ltr'>lices</span> <span class='ocrx_word' id='word_1_446' title='bbox 2186 1357 2360 1418; x_wconf 87' lang='lat' dir='ltr'>testis</span> <span class='ocrx_word' id='word_1_447' title='bbox 2391 1362 2650 1436; x_wconf 89' lang='lat' dir='ltr'>propter</span> <span class='ocrx_word' id='word_1_448' title='bbox 2679 1358 3102 1438; x_wconf 86' lang='lat' dir='ltr'>ignorantiam</span> <span class='ocrx_word' id='word_1_449' title='bbox 3116 1380 3241 1422; x_wconf 91' lang='lat' dir='ltr'>non</span> <span class='ocrx_word' id='word_1_450' title='bbox 3264 1380 3408 1422; x_wconf 88' lang='lat' dir='ltr'>con-</span> 
     </span>
     <span class='ocr_line' id='line_1_67' title="bbox 1867 1450 3408 1532; baseline 0.003 -22"><span class='ocrx_word' id='word_1_451' title='bbox 1867 1450 2076 1511; x_wconf 85' lang='lat' dir='ltr'>trahat</span> <span class='ocrx_word' id='word_1_452' title='bbox 2095 1450 2401 1511; x_wconf 87' lang='lat' dir='ltr'>malitiam</span> <span class='ocrx_word' id='word_1_453' title='bbox 2422 1451 2751 1511; x_wconf 87' lang='lat' dir='ltr'>formalem</span> <span class='ocrx_word' id='word_1_454' title='bbox 2771 1451 3052 1532; x_wconf 88' lang='lat' dir='ltr'>perjurii.</span> <span class='ocrx_word' id='word_1_455' title='bbox 3078 1455 3408 1516; x_wconf 88' lang='lat' dir='ltr'>Rationem</span> 
     </span>
     <span class='ocr_line' id='line_1_68' title="bbox 1869 1542 3400 1625; baseline 0.004 -22"><span class='ocrx_word' id='word_1_456' title='bbox 1869 1542 2116 1603; x_wconf 90' lang='lat' dir='ltr'>reddidi</span> <span class='ocrx_word' id='word_1_457' title='bbox 2149 1544 2310 1622; x_wconf 87' lang='lat' dir='ltr'>disp.</span> <span class='ocrx_word' id='word_1_458' title='bbox 2346 1545 2507 1605; x_wconf 89' lang='lat' dir='ltr'>XVI.</span> <span class='ocrx_word' id='word_1_459' title='bbox 2542 1543 2614 1605; x_wconf 85' lang='lat' dir='ltr'>de</span> <span class='ocrx_word' id='word_1_460' title='bbox 2634 1545 2995 1625; x_wconf 65' lang='lat' dir='ltr'>paenitentia,</span> <span class='ocrx_word' id='word_1_461' title='bbox 3031 1552 3180 1608; x_wconf 36' lang='lat' dir='ltr'>sect.</span> <span class='ocrx_word' id='word_1_462' title='bbox 3217 1565 3304 1610; x_wconf 80' lang='lat' dir='ltr'>lv.</span> <span class='ocrx_word' id='word_1_463' title='bbox 3340 1568 3400 1609; x_wconf 88' lang='lat' dir='ltr'>n.</span> 
     </span>
     <span class='ocr_line' id='line_1_69' title="bbox 1870 1637 3407 1718; baseline 0.003 -22"><span class='ocrx_word' id='word_1_464' title='bbox 1870 1639 2007 1697; x_wconf 70' lang='lat'><strong>156.</strong></span> <span class='ocrx_word' id='word_1_465' title='bbox 2042 1654 2155 1696; x_wconf 89' lang='lat' dir='ltr'>cur</span> <span class='ocrx_word' id='word_1_466' title='bbox 2182 1637 2537 1714; x_wconf 87' lang='lat' dir='ltr'>ignorantia</span> <span class='ocrx_word' id='word_1_467' title='bbox 2565 1637 2942 1698; x_wconf 87' lang='lat' dir='ltr'>invincibilis</span> <span class='ocrx_word' id='word_1_468' title='bbox 2988 1640 3256 1718; x_wconf 83' lang='lat' dir='ltr'>proximi</span> <span class='ocrx_word' id='word_1_469' title='bbox 3284 1659 3407 1702; x_wconf 92' lang='lat' dir='ltr'>non</span> 
     </span>
     <span class='ocr_line' id='line_1_70' title="bbox 1871 1728 3413 1812; baseline 0.004 -24"><span class='ocrx_word' id='word_1_470' title='bbox 1871 1728 1978 1789; x_wconf 86' lang='lat' dir='ltr'>det</span> <span class='ocrx_word' id='word_1_471' title='bbox 2011 1729 2371 1790; x_wconf 84' lang='lat' dir='ltr'>facultatem</span> <span class='ocrx_word' id='word_1_472' title='bbox 2395 1729 2531 1790; x_wconf 88' lang='lat' dir='ltr'>aliis</span> <span class='ocrx_word' id='word_1_473' title='bbox 2558 1731 2926 1791; x_wconf 90' lang='lat' dir='ltr'>consulendi</span> <span class='ocrx_word' id='word_1_474' title='bbox 2968 1732 3031 1791; x_wconf 92' lang='lat' dir='ltr'>id</span> <span class='ocrx_word' id='word_1_475' title='bbox 3054 1778 3069 1808; x_wconf 93' lang='lat'>‚</span> <span class='ocrx_word' id='word_1_476' title='bbox 3118 1733 3287 1812; x_wconf 85' lang='lat' dir='ltr'>quod</span> <span class='ocrx_word' id='word_1_477' title='bbox 3319 1737 3413 1794; x_wconf 85' lang='lat' dir='ltr'>est</span> 
     </span>
     <span class='ocr_line' id='line_1_71' title="bbox 1872 1822 3411 1905; baseline 0.005 -25"><span class='ocrx_word' id='word_1_478' title='bbox 1872 1822 2280 1883; x_wconf 81' lang='lat' dir='ltr'>materialiter</span> <span class='ocrx_word' id='word_1_479' title='bbox 2306 1822 2544 1883; x_wconf 91' lang='lat' dir='ltr'>malum</span> <span class='ocrx_word' id='word_1_480' title='bbox 2563 1826 2627 1884; x_wconf 88' lang='lat' dir='ltr'>et</span> <span class='ocrx_word' id='word_1_481' title='bbox 2653 1823 3063 1901; x_wconf 87' lang='lat' dir='ltr'>prohibitum,</span> <span class='ocrx_word' id='word_1_482' title='bbox 3096 1824 3241 1887; x_wconf 89' lang='lat' dir='ltr'>licet</span> <span class='ocrx_word' id='word_1_483' title='bbox 3272 1844 3411 1905; x_wconf 89' lang='lat' dir='ltr'>pro-</span> 
     </span>
     <span class='ocr_line' id='line_1_72' title="bbox 1871 1915 3060 1996; baseline 0.003 -22"><span class='ocrx_word' id='word_1_484' title='bbox 1871 1915 2077 1975; x_wconf 85' lang='lat' dir='ltr'>ximus</span> <span class='ocrx_word' id='word_1_485' title='bbox 2106 1915 2329 1992; x_wconf 88' lang='lat' dir='ltr'>ipsein</span> <span class='ocrx_word' id='word_1_486' title='bbox 2362 1921 2507 1977; x_wconf 89' lang='lat' dir='ltr'>actu</span> <span class='ocrx_word' id='word_1_487' title='bbox 2534 1915 2637 1976; x_wconf 88' lang='lat' dir='ltr'>illo</span> <span class='ocrx_word' id='word_1_488' title='bbox 2668 1933 2793 1977; x_wconf 92' lang='lat' dir='ltr'>non</span> <span class='ocrx_word' id='word_1_489' title='bbox 2824 1920 3060 1996; x_wconf 88' lang='lat' dir='ltr'>peccet.</span> 
     </span>
    </p>

    <p class='ocr_par' dir='ltr' id='par_1_7' title="bbox 1951 2006 3406 2089">
     <span class='ocr_line' id='line_1_73' title="bbox 1951 2006 3406 2089; baseline 0.003 -22"><span class='ocrx_word' id='word_1_490' title='bbox 1951 2008 2151 2068; x_wconf 85' lang='lat' dir='ltr'>Aliter</span> <span class='ocrx_word' id='word_1_491' title='bbox 2177 2006 2439 2068; x_wconf 86' lang='lat' dir='ltr'>fortasse</span> <span class='ocrx_word' id='word_1_492' title='bbox 2469 2008 2672 2088; x_wconf 86' lang='lat' dir='ltr'>magis</span> <span class='ocrx_word' id='word_1_493' title='bbox 2700 2012 3079 2087; x_wconf 88' lang='lat' dir='ltr'>apparenter</span> <span class='ocrx_word' id='word_1_494' title='bbox 3107 2015 3317 2089; x_wconf 87' lang='lat' dir='ltr'>posset</span> <span class='ocrx_word' id='word_1_495' title='bbox 3345 2012 3406 2072; x_wconf 90' lang='lat' dir='ltr'>id</span> 
     </span>
    </p>
   </div>
   <div class='ocr_carea' id='block_1_5' title="bbox 1868 2286 3420 5636">
    <p class='ocr_par' dir='ltr' id='par_1_8' title="bbox 1868 2286 3420 4883">
     <span class='ocr_line' id='line_1_74' title="bbox 1874 2286 3410 2365; baseline 0.005 -20"><span class='ocrx_word' id='word_1_496' title='bbox 1874 2286 2042 2365; x_wconf 89' lang='lat' dir='ltr'>quod</span> <span class='ocrx_word' id='word_1_497' title='bbox 2072 2286 2327 2364; x_wconf 89' lang='lat' dir='ltr'>probari</span> <span class='ocrx_word' id='word_1_498' title='bbox 2357 2291 2567 2364; x_wconf 87' lang='lat' dir='ltr'>posset</span> <span class='ocrx_word' id='word_1_499' title='bbox 2596 2305 2672 2347; x_wconf 86' lang='lat' dir='ltr'>ex</span> <span class='ocrx_word' id='word_1_500' title='bbox 2701 2286 2985 2349; x_wconf 92' lang='lat' dir='ltr'>doctrina</span> <span class='ocrx_word' id='word_1_501' title='bbox 3014 2307 3049 2348; x_wconf 91' lang='lat' dir='ltr'>a</span> <span class='ocrx_word' id='word_1_502' title='bbox 3081 2290 3260 2351; x_wconf 90' lang='lat' dir='ltr'>nobis</span> <span class='ocrx_word' id='word_1_503' title='bbox 3288 2295 3410 2353; x_wconf 88' lang='lat' dir='ltr'>tra-</span> 
     </span>
     <span class='ocr_line' id='line_1_75' title="bbox 1873 2378 3403 2460; baseline 0.005 -21"><span class='ocrx_word' id='word_1_504' title='bbox 1873 2379 2040 2440; x_wconf 91' lang='lat' dir='ltr'>dicta</span> <span class='ocrx_word' id='word_1_505' title='bbox 2069 2378 2230 2459; x_wconf 91' lang='lat' dir='ltr'>disp.</span> <span class='ocrx_word' id='word_1_506' title='bbox 2262 2381 2480 2441; x_wconf 91' lang='lat' dir='ltr'>XXlll.</span> <span class='ocrx_word' id='word_1_507' title='bbox 2515 2379 2585 2440; x_wconf 84' lang='lat' dir='ltr'>de</span> <span class='ocrx_word' id='word_1_508' title='bbox 2602 2381 2946 2460; x_wconf 65' lang='lat' dir='ltr'>paenitentia</span> <span class='ocrx_word' id='word_1_509' title='bbox 2969 2428 2985 2459; x_wconf 89' lang='lat'>,</span> <span class='ocrx_word' id='word_1_510' title='bbox 3032 2387 3183 2444; x_wconf 91' lang='lat' dir='ltr'>sect.</span> <span class='ocrx_word' id='word_1_511' title='bbox 3219 2400 3303 2446; x_wconf 82' lang='lat' dir='ltr'>lv.</span> <span class='ocrx_word' id='word_1_512' title='bbox 3343 2404 3403 2446; x_wconf 92' lang='lat' dir='ltr'>n.</span> 
     </span>
     <span class='ocr_line' id='line_1_76' title="bbox 1872 2474 3410 2550; baseline 0.003 -17"><span class='ocrx_word' id='word_1_513' title='bbox 1872 2474 1970 2533; x_wconf 85' lang='lat'>76.</span> <span class='ocrx_word' id='word_1_514' title='bbox 2006 2490 2230 2550; x_wconf 88' lang='lat' dir='ltr'>nempe</span> <span class='ocrx_word' id='word_1_515' title='bbox 2262 2490 2446 2534; x_wconf 89' lang='lat' dir='ltr'>voces</span> <span class='ocrx_word' id='word_1_516' title='bbox 2476 2484 2539 2534; x_wconf 85' lang='lat' dir='ltr'>et</span> <span class='ocrx_word' id='word_1_517' title='bbox 2565 2474 2940 2535; x_wconf 88' lang='lat' dir='ltr'>assertiones</span> <span class='ocrx_word' id='word_1_518' title='bbox 2962 2479 3205 2536; x_wconf 88' lang='lat' dir='ltr'>nostras</span> <span class='ocrx_word' id='word_1_519' title='bbox 3222 2496 3410 2538; x_wconf 87' lang='lat' dir='ltr'>voca-</span> 
     </span>
     <span class='ocr_line' id='line_1_77' title="bbox 1872 2564 3409 2646; baseline 0.005 -22"><span class='ocrx_word' id='word_1_520' title='bbox 1872 2565 1963 2625; x_wconf 90' lang='lat' dir='ltr'>les</span> <span class='ocrx_word' id='word_1_521' title='bbox 2009 2564 2246 2625; x_wconf 86' lang='lat' dir='ltr'>directe</span> <span class='ocrx_word' id='word_1_522' title='bbox 2295 2569 2358 2626; x_wconf 89' lang='lat' dir='ltr'>et</span> <span class='ocrx_word' id='word_1_523' title='bbox 2401 2564 2764 2627; x_wconf 86' lang='lat' dir='ltr'>immediate</span> <span class='ocrx_word' id='word_1_524' title='bbox 2806 2565 3159 2646; x_wconf 89' lang='lat' dir='ltr'>significare</span> <span class='ocrx_word' id='word_1_525' title='bbox 3208 2571 3409 2631; x_wconf 86' lang='lat' dir='ltr'>solnm</span> 
     </span>
     <span class='ocr_line' id='line_1_78' title="bbox 1873 2659 3412 2736; baseline 0.004 -18"><span class='ocrx_word' id='word_1_526' title='bbox 1873 2662 2214 2736; x_wconf 88' lang='lat' dir='ltr'>conceptus</span> <span class='ocrx_word' id='word_1_527' title='bbox 2245 2661 2515 2736; x_wconf 82' lang='lat' dir='ltr'>nostrOS,</span> <span class='ocrx_word' id='word_1_528' title='bbox 2548 2678 2649 2719; x_wconf 87' lang='lat' dir='ltr'>res</span> <span class='ocrx_word' id='word_1_529' title='bbox 2677 2676 2826 2720; x_wconf 88' lang='lat' dir='ltr'>vero</span> <span class='ocrx_word' id='word_1_530' title='bbox 2856 2659 3159 2722; x_wconf 88' lang='lat' dir='ltr'>indirecte</span> <span class='ocrx_word' id='word_1_531' title='bbox 3189 2667 3252 2725; x_wconf 92' lang='lat' dir='ltr'>et</span> <span class='ocrx_word' id='word_1_532' title='bbox 3278 2683 3412 2724; x_wconf 89' lang='lat' dir='ltr'>me-</span> 
     </span>
     <span class='ocr_line' id='line_1_79' title="bbox 1875 2750 3406 2836; baseline 0.004 -26"><span class='ocrx_word' id='word_1_533' title='bbox 1875 2750 2041 2812; x_wconf 88' lang='lat' dir='ltr'>diate</span> <span class='ocrx_word' id='word_1_534' title='bbox 2075 2771 2087 2811; x_wconf 89' lang='lat'>:</span> <span class='ocrx_word' id='word_1_535' title='bbox 2123 2769 2318 2830; x_wconf 89' lang='lat' dir='ltr'>quare</span> <span class='ocrx_word' id='word_1_536' title='bbox 2349 2751 2601 2830; x_wconf 87' lang='lat' dir='ltr'>quando</span> <span class='ocrx_word' id='word_1_537' title='bbox 2619 2751 2796 2828; x_wconf 53' lang='lat' dir='ltr'>diem,</span> <span class='ocrx_word' id='word_1_538' title='bbox 2821 2752 3034 2814; x_wconf 81' lang='lat' dir='ltr'>Petrus</span> <span class='ocrx_word' id='word_1_539' title='bbox 3053 2763 3133 2815; x_wconf 84' lang='lat' dir='ltr'>est</span> <span class='ocrx_word' id='word_1_540' title='bbox 3161 2755 3221 2814; x_wconf 79' lang='lat' dir='ltr'>in</span> <span class='ocrx_word' id='word_1_541' title='bbox 3248 2756 3406 2836; x_wconf 80' lang='lat' dir='ltr'>foro,</span> 
     </span>
     <span class='ocr_line' id='line_1_80' title="bbox 1874 2843 3414 2924; baseline 0.004 -21"><span class='ocrx_word' id='word_1_542' title='bbox 1874 2843 2099 2905; x_wconf 87' lang='lat' dir='ltr'>asseris</span> <span class='ocrx_word' id='word_1_543' title='bbox 2130 2844 2492 2905; x_wconf 87' lang='lat' dir='ltr'>immediate</span> <span class='ocrx_word' id='word_1_544' title='bbox 2521 2844 2848 2906; x_wconf 86' lang='lat' dir='ltr'>scientiam</span> <span class='ocrx_word' id='word_1_545' title='bbox 2876 2849 3050 2908; x_wconf 89' lang='lat' dir='ltr'>tuam</span> <span class='ocrx_word' id='word_1_546' title='bbox 3076 2893 3091 2924; x_wconf 89' lang='lat'>,</span> <span class='ocrx_word' id='word_1_547' title='bbox 3140 2866 3211 2908; x_wconf 92' lang='lat' dir='ltr'>ac</span> <span class='ocrx_word' id='word_1_548' title='bbox 3243 2849 3291 2908; x_wconf 89' lang='lat' dir='ltr'>si</span> <span class='ocrx_word' id='word_1_549' title='bbox 3323 2849 3414 2909; x_wconf 90' lang='lat' dir='ltr'>di-</span> 
     </span>
     <span class='ocr_line' id='line_1_81' title="bbox 1875 2937 3415 3016; baseline 0.004 -18"><span class='ocrx_word' id='word_1_550' title='bbox 1875 2955 2048 2998; x_wconf 89' lang='lat' dir='ltr'>ceres</span> <span class='ocrx_word' id='word_1_551' title='bbox 2099 2954 2113 2997; x_wconf 90' lang='lat'>:</span> <span class='ocrx_word' id='word_1_552' title='bbox 2166 2956 2281 3016; x_wconf 87' lang='lat' dir='ltr'>ego</span> <span class='ocrx_word' id='word_1_553' title='bbox 2312 2937 2441 2998; x_wconf 90' lang='lat' dir='ltr'>scio</span> <span class='ocrx_word' id='word_1_554' title='bbox 2473 2940 2727 2999; x_wconf 90' lang='lat' dir='ltr'>Petrum</span> <span class='ocrx_word' id='word_1_555' title='bbox 2758 2958 2893 3000; x_wconf 87' lang='lat' dir='ltr'>esse</span> <span class='ocrx_word' id='word_1_556' title='bbox 2925 2940 2987 3000; x_wconf 92' lang='lat' dir='ltr'>in</span> <span class='ocrx_word' id='word_1_557' title='bbox 3018 2942 3174 3003; x_wconf 84' lang='lat' dir='ltr'>foro.</span> <span class='ocrx_word' id='word_1_558' title='bbox 3235 2942 3415 3016; x_wconf 89' lang='lat' dir='ltr'>Quod</span> 
     </span>
     <span class='ocr_line' id='line_1_82' title="bbox 1875 3029 3415 3112; baseline 0.005 -23"><span class='ocrx_word' id='word_1_559' title='bbox 1875 3030 2043 3090; x_wconf 90' lang='lat' dir='ltr'>idem</span> <span class='ocrx_word' id='word_1_560' title='bbox 2072 3029 2410 3091; x_wconf 90' lang='lat' dir='ltr'>dicendum</span> <span class='ocrx_word' id='word_1_561' title='bbox 2440 3035 2553 3108; x_wconf 87' lang='lat' dir='ltr'>est,</span> <span class='ocrx_word' id='word_1_562' title='bbox 2588 3032 2639 3093; x_wconf 89' lang='lat' dir='ltr'>si</span> <span class='ocrx_word' id='word_1_563' title='bbox 2661 3031 2859 3112; x_wconf 82' lang='lat' dir='ltr'>jureS,</span> <span class='ocrx_word' id='word_1_564' title='bbox 2886 3053 3033 3094; x_wconf 90' lang='lat' dir='ltr'>nam</span> <span class='ocrx_word' id='word_1_565' title='bbox 3053 3033 3415 3099; x_wconf 89' lang='lat' dir='ltr'>immediate</span> 
     </span>
     <span class='ocr_line' id='line_1_83' title="bbox 1876 3124 3416 3192; baseline 0.005 -7"><span class='ocrx_word' id='word_1_566' title='bbox 1876 3124 2136 3185; x_wconf 88' lang='lat' dir='ltr'>adducis</span> <span class='ocrx_word' id='word_1_567' title='bbox 2170 3127 2369 3184; x_wconf 89' lang='lat' dir='ltr'>Deum</span> <span class='ocrx_word' id='word_1_568' title='bbox 2413 3124 2478 3185; x_wconf 91' lang='lat' dir='ltr'>in</span> <span class='ocrx_word' id='word_1_569' title='bbox 2518 3129 2742 3186; x_wconf 88' lang='lat' dir='ltr'>testem</span> <span class='ocrx_word' id='word_1_570' title='bbox 2790 3126 3068 3188; x_wconf 79' lang='lat' dir='ltr'>scientiae</span> <span class='ocrx_word' id='word_1_571' title='bbox 3099 3131 3163 3190; x_wconf 88' lang='lat' dir='ltr'>et</span> <span class='ocrx_word' id='word_1_572' title='bbox 3188 3130 3416 3192; x_wconf 87' lang='lat' dir='ltr'>mentis</span> 
     </span>
     <span class='ocr_line' id='line_1_84' title="bbox 1874 3217 3417 3304; baseline 0.003 -23"><span class='ocrx_word' id='word_1_573' title='bbox 1874 3223 2020 3295; x_wconf 66' lang='lat' dir='ltr'>tute,</span> <span class='ocrx_word' id='word_1_574' title='bbox 2053 3217 2216 3281; x_wconf 88' lang='lat' dir='ltr'>sicut</span> <span class='ocrx_word' id='word_1_575' title='bbox 2243 3219 2295 3278; x_wconf 92' lang='lat' dir='ltr'>si</span> <span class='ocrx_word' id='word_1_576' title='bbox 2325 3219 2566 3281; x_wconf 88' lang='lat' dir='ltr'>diceres</span> <span class='ocrx_word' id='word_1_577' title='bbox 2618 3240 2631 3280; x_wconf 94' lang='lat'>:</span> <span class='ocrx_word' id='word_1_578' title='bbox 2682 3220 2764 3282; x_wconf 89' lang='lat' dir='ltr'>sit</span> <span class='ocrx_word' id='word_1_579' title='bbox 2792 3223 2957 3282; x_wconf 88' lang='lat' dir='ltr'>Deus</span> <span class='ocrx_word' id='word_1_580' title='bbox 2988 3222 3185 3300; x_wconf 74' lang='lat' dir='ltr'>testie,</span> <span class='ocrx_word' id='word_1_581' title='bbox 3246 3225 3417 3304; x_wconf 87' lang='lat' dir='ltr'>quod</span> 
     </span>
     <span class='ocr_line' id='line_1_85' title="bbox 1876 3314 3420 3391; baseline 0.004 -19"><span class='ocrx_word' id='word_1_582' title='bbox 1876 3331 1992 3390; x_wconf 87' lang='lat' dir='ltr'>ego</span> <span class='ocrx_word' id='word_1_583' title='bbox 2024 3316 2199 3391; x_wconf 89' lang='lat' dir='ltr'>puto,</span> <span class='ocrx_word' id='word_1_584' title='bbox 2237 3315 2491 3373; x_wconf 88' lang='lat' dir='ltr'>Petrum</span> <span class='ocrx_word' id='word_1_585' title='bbox 2521 3332 2656 3374; x_wconf 87' lang='lat' dir='ltr'>esse</span> <span class='ocrx_word' id='word_1_586' title='bbox 2685 3314 2926 3391; x_wconf 29' lang='lat' dir='ltr'>in-foro.</span> <span class='ocrx_word' id='word_1_587' title='bbox 2962 3315 3141 3376; x_wconf 89' lang='lat' dir='ltr'>Unde</span> <span class='ocrx_word' id='word_1_588' title='bbox 3168 3317 3420 3378; x_wconf 85' lang='lat' dir='ltr'>videtur</span> 
     </span>
     <span class='ocr_line' id='line_1_86' title="bbox 1874 3405 3417 3485; baseline 0.005 -21"><span class='ocrx_word' id='word_1_589' title='bbox 1874 3405 2046 3481; x_wconf 91' lang='lat' dir='ltr'>fieri,</span> <span class='ocrx_word' id='word_1_590' title='bbox 2101 3423 2422 3484; x_wconf 89' lang='lat' dir='ltr'>nunquam</span> <span class='ocrx_word' id='word_1_591' title='bbox 2465 3405 2600 3465; x_wconf 88' lang='lat' dir='ltr'>fieri</span> <span class='ocrx_word' id='word_1_592' title='bbox 2630 3405 2975 3485; x_wconf 90' lang='lat' dir='ltr'>perjurium</span> <span class='ocrx_word' id='word_1_593' title='bbox 3005 3409 3195 3470; x_wconf 82' lang='lat' dir='ltr'>etiam</span> <span class='ocrx_word' id='word_1_594' title='bbox 3224 3415 3417 3472; x_wconf 85' lang='lat' dir='ltr'>mate-</span> 
     </span>
     <span class='ocr_line' id='line_1_87' title="bbox 1876 3498 3418 3580; baseline 0.005 -23"><span class='ocrx_word' id='word_1_595' title='bbox 1876 3498 2051 3575; x_wconf 87' lang='lat' dir='ltr'>riale,</span> <span class='ocrx_word' id='word_1_596' title='bbox 2087 3498 2340 3578; x_wconf 84' lang='lat' dir='ltr'>quando</span> <span class='ocrx_word' id='word_1_597' title='bbox 2378 3498 2605 3578; x_wconf 87' lang='lat' dir='ltr'>aliquis</span> <span class='ocrx_word' id='word_1_598' title='bbox 2626 3498 2801 3579; x_wconf 85' lang='lat' dir='ltr'>jurat</span> <span class='ocrx_word' id='word_1_599' title='bbox 2821 3499 3005 3580; x_wconf 86' lang='lat' dir='ltr'>juxta</span> <span class='ocrx_word' id='word_1_600' title='bbox 3034 3521 3211 3564; x_wconf 91' lang='lat' dir='ltr'>suam</span> <span class='ocrx_word' id='word_1_601' title='bbox 3240 3523 3418 3565; x_wconf 89' lang='lat' dir='ltr'>men-</span> 
     </span>
     <span class='ocr_line' id='line_1_88' title="bbox 1877 3592 3417 3675; baseline 0.005 -22"><span class='ocrx_word' id='word_1_602' title='bbox 1877 3596 2026 3667; x_wconf 86' lang='lat' dir='ltr'>tem,</span> <span class='ocrx_word' id='word_1_603' title='bbox 2062 3592 2209 3670; x_wconf 89' lang='lat' dir='ltr'>quia</span> <span class='ocrx_word' id='word_1_604' title='bbox 2239 3610 2488 3670; x_wconf 89' lang='lat' dir='ltr'>semper</span> <span class='ocrx_word' id='word_1_605' title='bbox 2517 3595 2612 3653; x_wconf 88' lang='lat' dir='ltr'>est</span> <span class='ocrx_word' id='word_1_606' title='bbox 2638 3611 2862 3653; x_wconf 87' lang='lat' dir='ltr'>verum</span> <span class='ocrx_word' id='word_1_607' title='bbox 2902 3595 2966 3654; x_wconf 92' lang='lat' dir='ltr'>id</span> <span class='ocrx_word' id='word_1_608' title='bbox 2996 3597 3167 3675; x_wconf 89' lang='lat' dir='ltr'>quod</span> <span class='ocrx_word' id='word_1_609' title='bbox 3196 3598 3417 3660; x_wconf 89' lang='lat' dir='ltr'>imme-</span> 
     </span>
     <span class='ocr_line' id='line_1_89' title="bbox 1877 3683 3415 3770; baseline 0.006 -26"><span class='ocrx_word' id='word_1_610' title='bbox 1877 3683 2043 3744; x_wconf 89' lang='lat' dir='ltr'>diate</span> <span class='ocrx_word' id='word_1_611' title='bbox 2084 3688 2145 3743; x_wconf 89' lang='lat' dir='ltr'>et</span> <span class='ocrx_word' id='word_1_612' title='bbox 2172 3683 2407 3745; x_wconf 85' lang='lat' dir='ltr'>directe</span> <span class='ocrx_word' id='word_1_613' title='bbox 2454 3684 2728 3746; x_wconf 86' lang='lat' dir='ltr'>affirmat</span> <span class='ocrx_word' id='word_1_614' title='bbox 2761 3691 2823 3746; x_wconf 82' lang='lat' dir='ltr'>et</span> <span class='ocrx_word' id='word_1_615' title='bbox 2843 3688 3039 3765; x_wconf 86' lang='lat' dir='ltr'>jurat,</span> <span class='ocrx_word' id='word_1_616' title='bbox 3094 3709 3320 3770; x_wconf 90' lang='lat' dir='ltr'>nempe</span> <span class='ocrx_word' id='word_1_617' title='bbox 3350 3712 3415 3753; x_wconf 88' lang='lat' dir='ltr'>se</span> 
     </span>
     <span class='ocr_line' id='line_1_90' title="bbox 1879 3777 3420 3861; baseline 0.006 -24"><span class='ocrx_word' id='word_1_618' title='bbox 1879 3782 2097 3857; x_wconf 88' lang='lat' dir='ltr'>putare</span> <span class='ocrx_word' id='word_1_619' title='bbox 2127 3795 2264 3836; x_wconf 89' lang='lat' dir='ltr'>rem</span> <span class='ocrx_word' id='word_1_620' title='bbox 2292 3777 2380 3837; x_wconf 86' lang='lat' dir='ltr'>ita</span> <span class='ocrx_word' id='word_1_621' title='bbox 2407 3796 2564 3838; x_wconf 90' lang='lat' dir='ltr'>esse.</span> <span class='ocrx_word' id='word_1_622' title='bbox 2599 3779 2773 3839; x_wconf 89' lang='lat' dir='ltr'>Tunc</span> <span class='ocrx_word' id='word_1_623' title='bbox 2803 3783 3015 3840; x_wconf 89' lang='lat' dir='ltr'>autem</span> <span class='ocrx_word' id='word_1_624' title='bbox 3047 3782 3173 3842; x_wconf 89' lang='lat' dir='ltr'>dici</span> <span class='ocrx_word' id='word_1_625' title='bbox 3206 3789 3420 3861; x_wconf 88' lang='lat' dir='ltr'>posset</span> 
     </span>
     <span class='ocr_line' id='line_1_91' title="bbox 1875 3868 3418 3951; baseline 0.007 -23"><span class='ocrx_word' id='word_1_626' title='bbox 1875 3868 2221 3950; x_wconf 83' lang='lat' dir='ltr'>perjurium</span> <span class='ocrx_word' id='word_1_627' title='bbox 2248 3869 2592 3946; x_wconf 88' lang='lat' dir='ltr'>materiale,</span> <span class='ocrx_word' id='word_1_628' title='bbox 2615 3871 2867 3950; x_wconf 89' lang='lat' dir='ltr'>quando</span> <span class='ocrx_word' id='word_1_629' title='bbox 2887 3872 3112 3951; x_wconf 87' lang='lat' dir='ltr'>aliquis</span> <span class='ocrx_word' id='word_1_630' title='bbox 3141 3876 3418 3939; x_wconf 85' lang='lat' dir='ltr'>scienter</span> 
     </span>
     <span class='ocr_line' id='line_1_92' title="bbox 1868 3965 3417 4045; baseline 0.004 -21"><span class='ocrx_word' id='word_1_631' title='bbox 1868 3965 2112 4044; x_wconf 84' lang='lat' dir='ltr'>juraret</span> <span class='ocrx_word' id='word_1_632' title='bbox 2140 3966 2358 4023; x_wconf 90' lang='lat' dir='ltr'>contra</span> <span class='ocrx_word' id='word_1_633' title='bbox 2387 3982 2566 4023; x_wconf 86' lang='lat' dir='ltr'>suam</span> <span class='ocrx_word' id='word_1_634' title='bbox 2595 3970 2870 4025; x_wconf 88' lang='lat' dir='ltr'>mentem</span> <span class='ocrx_word' id='word_1_635' title='bbox 2899 3972 3127 4045; x_wconf 89' lang='lat' dir='ltr'>putans</span> <span class='ocrx_word' id='word_1_636' title='bbox 3155 3968 3417 4031; x_wconf 82' lang='lat' dir='ltr'>invinci-</span> 
     </span>
     <span class='ocr_line' id='line_1_93' title="bbox 1876 4055 3415 4137; baseline 0.006 -21"><span class='ocrx_word' id='word_1_637' title='bbox 1876 4057 2084 4118; x_wconf 87' lang='lat' dir='ltr'>biliter</span> <span class='ocrx_word' id='word_1_638' title='bbox 2108 4055 2455 4135; x_wconf 84' lang='lat' dir='ltr'>perjurium</span> <span class='ocrx_word' id='word_1_639' title='bbox 2485 4075 2610 4117; x_wconf 90' lang='lat' dir='ltr'>non</span> <span class='ocrx_word' id='word_1_640' title='bbox 2640 4076 2775 4118; x_wconf 89' lang='lat' dir='ltr'>esse</span> <span class='ocrx_word' id='word_1_641' title='bbox 2795 4065 3147 4137; x_wconf 87' lang='lat' dir='ltr'>peccatum,</span> <span class='ocrx_word' id='word_1_642' title='bbox 3171 4063 3271 4123; x_wconf 83' lang='lat' dir='ltr'>vel</span> <span class='ocrx_word' id='word_1_643' title='bbox 3292 4083 3415 4125; x_wconf 90' lang='lat' dir='ltr'>non</span> 
     </span>
     <span class='ocr_line' id='line_1_94' title="bbox 1876 4149 3415 4233; baseline 0.004 -22"><span class='ocrx_word' id='word_1_644' title='bbox 1876 4151 2213 4211; x_wconf 82' lang='lat' dir='ltr'>advertens</span> <span class='ocrx_word' id='word_1_645' title='bbox 2244 4149 2323 4209; x_wconf 90' lang='lat' dir='ltr'>ad</span> <span class='ocrx_word' id='word_1_646' title='bbox 2368 4149 2504 4229; x_wconf 88' lang='lat' dir='ltr'>ejus</span> <span class='ocrx_word' id='word_1_647' title='bbox 2554 4150 2860 4213; x_wconf 89' lang='lat' dir='ltr'>malitiam</span> <span class='ocrx_word' id='word_1_648' title='bbox 2909 4156 3166 4233; x_wconf 88' lang='lat' dir='ltr'>propter</span> <span class='ocrx_word' id='word_1_649' title='bbox 3194 4155 3415 4217; x_wconf 86' lang='lat' dir='ltr'>distra-</span> 
     </span>
     <span class='ocr_line' id='line_1_95' title="bbox 1876 4243 3415 4329; baseline 0.005 -25"><span class='ocrx_word' id='word_1_650' title='bbox 1876 4244 2149 4304; x_wconf 87' lang='lat' dir='ltr'>ctionem</span> <span class='ocrx_word' id='word_1_651' title='bbox 2183 4243 2276 4303; x_wconf 84' lang='lat' dir='ltr'>vel</span> <span class='ocrx_word' id='word_1_652' title='bbox 2306 4244 2827 4304; x_wconf 83' lang='lat' dir='ltr'>consuetudinem</span> <span class='ocrx_word' id='word_1_653' title='bbox 2850 4291 2866 4322; x_wconf 89' lang='lat'>,</span> <span class='ocrx_word' id='word_1_654' title='bbox 2901 4250 3021 4308; x_wconf 87' lang='lat' dir='ltr'>etc.</span> <span class='ocrx_word' id='word_1_655' title='bbox 3080 4249 3235 4309; x_wconf 89' lang='lat' dir='ltr'>Cum</span> <span class='ocrx_word' id='word_1_656' title='bbox 3265 4267 3415 4329; x_wconf 82' lang='lat' dir='ltr'>ergo</span> 
     </span>
     <span class='ocr_line' id='line_1_96' title="bbox 1877 4336 3417 4419; baseline 0.005 -22"><span class='ocrx_word' id='word_1_657' title='bbox 1877 4337 2050 4397; x_wconf 87' lang='lat' dir='ltr'>testis</span> <span class='ocrx_word' id='word_1_658' title='bbox 2080 4336 2142 4395; x_wconf 90' lang='lat' dir='ltr'>in</span> <span class='ocrx_word' id='word_1_659' title='bbox 2174 4354 2323 4396; x_wconf 87' lang='lat' dir='ltr'>casu</span> <span class='ocrx_word' id='word_1_660' title='bbox 2351 4341 2562 4398; x_wconf 88' lang='lat' dir='ltr'>nostro</span> <span class='ocrx_word' id='word_1_661' title='bbox 2593 4341 2791 4416; x_wconf 89' lang='lat' dir='ltr'>putet,</span> <span class='ocrx_word' id='word_1_662' title='bbox 2825 4357 2961 4398; x_wconf 89' lang='lat' dir='ltr'>rem</span> <span class='ocrx_word' id='word_1_663' title='bbox 2991 4340 3077 4400; x_wconf 88' lang='lat' dir='ltr'>ita</span> <span class='ocrx_word' id='word_1_664' title='bbox 3104 4360 3240 4402; x_wconf 90' lang='lat' dir='ltr'>esse</span> <span class='ocrx_word' id='word_1_665' title='bbox 3261 4389 3277 4419; x_wconf 91' lang='lat'>,</span> <span class='ocrx_word' id='word_1_666' title='bbox 3307 4361 3417 4404; x_wconf 83' lang='lat' dir='ltr'>ve·-</span> 
     </span>
     <span class='ocr_line' id='line_1_97' title="bbox 1876 4429 3410 4510; baseline 0.004 -20"><span class='ocrx_word' id='word_1_667' title='bbox 1876 4449 2017 4490; x_wconf 88' lang='lat' dir='ltr'>rum</span> <span class='ocrx_word' id='word_1_668' title='bbox 2047 4429 2232 4509; x_wconf 85' lang='lat' dir='ltr'>jurat,</span> <span class='ocrx_word' id='word_1_669' title='bbox 2267 4448 2492 4510; x_wconf 91' lang='lat' dir='ltr'>nempe</span> <span class='ocrx_word' id='word_1_670' title='bbox 2523 4449 2587 4490; x_wconf 88' lang='lat' dir='ltr'>se</span> <span class='ocrx_word' id='word_1_671' title='bbox 2615 4435 2879 4510; x_wconf 87' lang='lat' dir='ltr'>putare,</span> <span class='ocrx_word' id='word_1_672' title='bbox 2930 4452 3063 4493; x_wconf 88' lang='lat' dir='ltr'>rem</span> <span class='ocrx_word' id='word_1_673' title='bbox 3106 4434 3194 4495; x_wconf 90' lang='lat' dir='ltr'>ita</span> <span class='ocrx_word' id='word_1_674' title='bbox 3245 4454 3410 4510; x_wconf 79' lang='lat' dir='ltr'>esse3</span> 
     </span>
     <span class='ocr_line' id='line_1_98' title="bbox 1876 4522 3415 4603; baseline 0.003 -19"><span class='ocrx_word' id='word_1_675' title='bbox 1876 4528 2064 4602; x_wconf 82' lang='lat' dir='ltr'>atquc</span> <span class='ocrx_word' id='word_1_676' title='bbox 2094 4522 2235 4583; x_wconf 89' lang='lat' dir='ltr'>ideo</span> <span class='ocrx_word' id='word_1_677' title='bbox 2267 4523 2813 4603; x_wconf 83' lang='lat' dir='ltr'>quijuramentum</span> <span class='ocrx_word' id='word_1_678' title='bbox 2837 4526 2892 4585; x_wconf 89' lang='lat' dir='ltr'>ei</span> <span class='ocrx_word' id='word_1_679' title='bbox 2924 4527 3254 4603; x_wconf 85' lang='lat' dir='ltr'>consuluit,</span> <span class='ocrx_word' id='word_1_680' title='bbox 3291 4548 3415 4590; x_wconf 92' lang='lat' dir='ltr'>non</span> 
     </span>
     <span class='ocr_line' id='line_1_99' title="bbox 1877 4616 3417 4701; baseline 0.002 -22"><span class='ocrx_word' id='word_1_681' title='bbox 1877 4616 2189 4679; x_wconf 87' lang='lat' dir='ltr'>consuluit</span> <span class='ocrx_word' id='word_1_682' title='bbox 2215 4617 2562 4694; x_wconf 85' lang='lat' dir='ltr'>perjurium</span> <span class='ocrx_word' id='word_1_683' title='bbox 2590 4618 2779 4678; x_wconf 90' lang='lat' dir='ltr'>etiam</span> <span class='ocrx_word' id='word_1_684' title='bbox 2799 4619 3146 4695; x_wconf 90' lang='lat' dir='ltr'>materiale,</span> <span class='ocrx_word' id='word_1_685' title='bbox 3180 4621 3290 4681; x_wconf 91' lang='lat' dir='ltr'>sed</span> <span class='ocrx_word' id='word_1_686' title='bbox 3311 4623 3417 4701; x_wconf 86' lang='lat' dir='ltr'>ju-</span> 
     </span>
     <span class='ocr_line' id='line_1_100' title="bbox 1877 4709 3415 4790; baseline 0.005 -21"><span class='ocrx_word' id='word_1_687' title='bbox 1877 4714 2235 4770; x_wconf 87' lang='lat' dir='ltr'>ramentum</span> <span class='ocrx_word' id='word_1_688' title='bbox 2263 4728 2481 4769; x_wconf 89' lang='lat' dir='ltr'>verum</span> <span class='ocrx_word' id='word_1_689' title='bbox 2511 4709 2588 4769; x_wconf 77' lang='lat' dir='ltr'>(le</span> <span class='ocrx_word' id='word_1_690' title='bbox 2628 4710 2890 4770; x_wconf 88' lang='lat' dir='ltr'>scientia</span> <span class='ocrx_word' id='word_1_691' title='bbox 2911 4756 2927 4786; x_wconf 93' lang='lat'>,</span> <span class='ocrx_word' id='word_1_692' title='bbox 2989 4711 3086 4771; x_wconf 83' lang='lat' dir='ltr'>vel</span> <span class='ocrx_word' id='word_1_693' title='bbox 3120 4712 3415 4790; x_wconf 88' lang='lat' dir='ltr'>opinione</span> 
     </span>
     <span class='ocr_line' id='line_1_101' title="bbox 1877 4802 2556 4883; baseline 0 -20"><span class='ocrx_word' id='word_1_694' title='bbox 1877 4822 2066 4883; x_wconf 90' lang='lat' dir='ltr'>quam</span> <span class='ocrx_word' id='word_1_695' title='bbox 2097 4820 2315 4863; x_wconf 87' lang='lat' dir='ltr'>revera</span> <span class='ocrx_word' id='word_1_696' title='bbox 2347 4802 2556 4863; x_wconf 87' lang='lat' dir='ltr'>habet.</span> 
     </span>
    </p>

    <p class='ocr_par' dir='ltr' id='par_1_9' title="bbox 1876 4895 3416 5636">
     <span class='ocr_line' id='line_1_102' title="bbox 1958 4895 3413 4977; baseline 0.005 -20"><span class='ocrx_word' id='word_1_697' title='bbox 1958 4895 2275 4974; x_wconf 87' lang='lat' dir='ltr'>Quidquid</span> <span class='ocrx_word' id='word_1_698' title='bbox 2304 4900 2513 4956; x_wconf 90' lang='lat' dir='ltr'>tamen</span> <span class='ocrx_word' id='word_1_699' title='bbox 2546 4896 2622 4956; x_wconf 91' lang='lat' dir='ltr'>de</span> <span class='ocrx_word' id='word_1_700' title='bbox 2654 4896 2773 4957; x_wconf 89' lang='lat' dir='ltr'>boc</span> <span class='ocrx_word' id='word_1_701' title='bbox 2792 4897 2892 4974; x_wconf 88' lang='lat' dir='ltr'>sit,</span> <span class='ocrx_word' id='word_1_702' title='bbox 2926 4917 3043 4977; x_wconf 89' lang='lat' dir='ltr'>ego</span> <span class='ocrx_word' id='word_1_703' title='bbox 3073 4917 3195 4961; x_wconf 92' lang='lat' dir='ltr'>non</span> <span class='ocrx_word' id='word_1_704' title='bbox 3228 4900 3413 4964; x_wconf 88' lang='lat' dir='ltr'>video</span> 
     </span>
     <span class='ocr_line' id='line_1_103' title="bbox 1876 4990 3416 5072; baseline 0.003 -20"><span class='ocrx_word' id='word_1_705' title='bbox 1876 5009 1988 5052; x_wconf 86' lang='lat' dir='ltr'>cur</span> <span class='ocrx_word' id='word_1_706' title='bbox 2015 4991 2079 5050; x_wconf 89' lang='lat' dir='ltr'>in</span> <span class='ocrx_word' id='word_1_707' title='bbox 2107 4990 2408 5068; x_wconf 83' lang='lat' dir='ltr'>praedicto</span> <span class='ocrx_word' id='word_1_708' title='bbox 2440 5008 2585 5050; x_wconf 87' lang='lat' dir='ltr'>casu</span> <span class='ocrx_word' id='word_1_709' title='bbox 2611 5008 2735 5051; x_wconf 90' lang='lat' dir='ltr'>non</span> <span class='ocrx_word' id='word_1_710' title='bbox 2765 4991 2986 5053; x_wconf 89' lang='lat' dir='ltr'>liceret</span> <span class='ocrx_word' id='word_1_711' title='bbox 3012 4997 3225 5072; x_wconf 90' lang='lat' dir='ltr'>petere</span> <span class='ocrx_word' id='word_1_712' title='bbox 3256 5015 3292 5054; x_wconf 89' lang='lat' dir='ltr'>a</span> <span class='ocrx_word' id='word_1_713' title='bbox 3324 5000 3416 5057; x_wconf 87' lang='lat' dir='ltr'>te-</span> 
     </span>
     <span class='ocr_line' id='line_1_104' title="bbox 1877 5083 3414 5165; baseline 0.003 -21"><span class='ocrx_word' id='word_1_714' title='bbox 1877 5090 1991 5161; x_wconf 89' lang='lat' dir='ltr'>ste,</span> <span class='ocrx_word' id='word_1_715' title='bbox 2025 5102 2147 5144; x_wconf 89' lang='lat' dir='ltr'>non</span> <span class='ocrx_word' id='word_1_716' title='bbox 2182 5087 2250 5146; x_wconf 88' lang='lat' dir='ltr'>ut</span> <span class='ocrx_word' id='word_1_717' title='bbox 2271 5083 2442 5165; x_wconf 90' lang='lat' dir='ltr'>juret</span> <span class='ocrx_word' id='word_1_718' title='bbox 2469 5102 2602 5144; x_wconf 89' lang='lat' dir='ltr'>rem</span> <span class='ocrx_word' id='word_1_719' title='bbox 2626 5083 2713 5145; x_wconf 90' lang='lat' dir='ltr'>ita</span> <span class='ocrx_word' id='word_1_720' title='bbox 2743 5104 2878 5146; x_wconf 88' lang='lat' dir='ltr'>csse</span> <span class='ocrx_word' id='word_1_721' title='bbox 2899 5132 2916 5159; x_wconf 92' lang='lat'><strong><em>,</em></strong></span> <span class='ocrx_word' id='word_1_722' title='bbox 2973 5086 3084 5147; x_wconf 87' lang='lat' dir='ltr'>sed</span> <span class='ocrx_word' id='word_1_723' title='bbox 3113 5088 3315 5148; x_wconf 90' lang='lat' dir='ltr'>solum</span> <span class='ocrx_word' id='word_1_724' title='bbox 3347 5108 3414 5149; x_wconf 85' lang='lat' dir='ltr'>se</span> 
     </span>
     <span class='ocr_line' id='line_1_105' title="bbox 1878 5177 3415 5260; baseline 0.004 -23"><span class='ocrx_word' id='word_1_725' title='bbox 1878 5178 2231 5238; x_wconf 81' lang='lat' dir='ltr'>existimare</span> <span class='ocrx_word' id='word_1_726' title='bbox 2273 5195 2406 5236; x_wconf 84' lang='lat' dir='ltr'>rem</span> <span class='ocrx_word' id='word_1_727' title='bbox 2436 5177 2522 5237; x_wconf 86' lang='lat' dir='ltr'>ita</span> <span class='ocrx_word' id='word_1_728' title='bbox 2551 5196 2685 5237; x_wconf 86' lang='lat' dir='ltr'>esse</span> <span class='ocrx_word' id='word_1_729' title='bbox 2738 5198 2751 5239; x_wconf 75' lang='grc' dir='ltr'>ε</span> <span class='ocrx_word' id='word_1_730' title='bbox 2804 5181 2952 5239; x_wconf 90' lang='lat' dir='ltr'>tunc</span> <span class='ocrx_word' id='word_1_731' title='bbox 3000 5181 3168 5240; x_wconf 90' lang='lat' dir='ltr'>enim</span> <span class='ocrx_word' id='word_1_732' title='bbox 3196 5183 3415 5260; x_wconf 88' lang='lat' dir='ltr'>procul</span> 
     </span>
     <span class='ocr_line' id='line_1_106' title="bbox 1879 5270 3414 5353; baseline 0.003 -22"><span class='ocrx_word' id='word_1_733' title='bbox 1879 5270 2070 5331; x_wconf 86' lang='lat' dir='ltr'>dubio</span> <span class='ocrx_word' id='word_1_734' title='bbox 2102 5288 2219 5330; x_wconf 91' lang='lat' dir='ltr'>nec</span> <span class='ocrx_word' id='word_1_735' title='bbox 2247 5270 2506 5330; x_wconf 87' lang='lat' dir='ltr'>formale</span> <span class='ocrx_word' id='word_1_736' title='bbox 2551 5288 2665 5331; x_wconf 91' lang='lat' dir='ltr'>nec</span> <span class='ocrx_word' id='word_1_737' title='bbox 2710 5272 3035 5333; x_wconf 88' lang='lat' dir='ltr'>materiale</span> <span class='ocrx_word' id='word_1_738' title='bbox 3065 5275 3414 5353; x_wconf 84' lang='lat' dir='ltr'>perjurium</span> 
     </span>
     <span class='ocr_line' id='line_1_107' title="bbox 1879 5363 3410 5447; baseline 0.003 -22"><span class='ocrx_word' id='word_1_739' title='bbox 1879 5365 2309 5425; x_wconf 85' lang='lat' dir='ltr'>consuleretur</span> <span class='ocrx_word' id='word_1_740' title='bbox 2332 5409 2348 5439; x_wconf 90' lang='lat'>‚</span> <span class='ocrx_word' id='word_1_741' title='bbox 2400 5363 2508 5423; x_wconf 89' lang='lat' dir='ltr'>sed</span> <span class='ocrx_word' id='word_1_742' title='bbox 2539 5363 2933 5426; x_wconf 88' lang='lat' dir='ltr'>verissimum</span> <span class='ocrx_word' id='word_1_743' title='bbox 2961 5367 3410 5447; x_wconf 87' lang='lat' dir='ltr'>testimonium,</span> 
     </span>
     <span class='ocr_line' id='line_1_108' title="bbox 1879 5455 3416 5540; baseline 0.004 -23"><span class='ocrx_word' id='word_1_744' title='bbox 1879 5476 2104 5535; x_wconf 78' lang='lat' dir='ltr'>nempe</span> <span class='ocrx_word' id='word_1_745' title='bbox 2134 5457 2212 5517; x_wconf 90' lang='lat' dir='ltr'>de</span> <span class='ocrx_word' id='word_1_746' title='bbox 2234 5455 2686 5517; x_wconf 88' lang='lat' dir='ltr'>existimatione</span> <span class='ocrx_word' id='word_1_747' title='bbox 2717 5458 2944 5519; x_wconf 88' lang='lat' dir='ltr'>actuali</span> <span class='ocrx_word' id='word_1_748' title='bbox 2973 5479 3164 5540; x_wconf 89' lang='lat' dir='ltr'>quam</span> <span class='ocrx_word' id='word_1_749' title='bbox 3193 5480 3416 5523; x_wconf 80' lang='lat' dir='ltr'>revera</span> 
     </span>
     <span class='ocr_line' id='line_1_109' title="bbox 1877 5550 3412 5636; baseline 0.004 -23"><span class='ocrx_word' id='word_1_750' title='bbox 1877 5552 2088 5613; x_wconf 87' lang='lat' dir='ltr'>habet.</span> <span class='ocrx_word' id='word_1_751' title='bbox 2143 5553 2289 5613; x_wconf 80' lang='lat' dir='ltr'>Haec</span> <span class='ocrx_word' id='word_1_752' title='bbox 2318 5553 2529 5612; x_wconf 85' lang='lat' dir='ltr'>tamen</span> <span class='ocrx_word' id='word_1_753' title='bbox 2558 5550 2915 5630; x_wconf 81' lang='lat' dir='ltr'>adpraxim</span> <span class='ocrx_word' id='word_1_754' title='bbox 2942 5572 3069 5617; x_wconf 88' lang='lat' dir='ltr'>non</span> <span class='ocrx_word' id='word_1_755' title='bbox 3097 5554 3279 5618; x_wconf 85' lang='lat' dir='ltr'>facile</span> <span class='ocrx_word' id='word_1_756' title='bbox 3308 5575 3412 5636; x_wconf 85' lang='lat' dir='ltr'>ap-</span> 
     </span>
    </p>
   </div>
   <div class='ocr_carea' id='block_1_6' title="bbox 1874 2015 3714 2184">
    <p class='ocr_par' dir='ltr' id='par_1_10' title="bbox 1874 2015 3714 2184">
     <span class='ocr_line' id='line_1_110' title="bbox 3555 2015 3632 2073; baseline 0 0"><span class='ocrx_word' id='word_1_757' title='bbox 3555 2015 3632 2073; x_wconf 72' lang='lat'>22</span> 
     </span>
     <span class='ocr_line' id='line_1_111' title="bbox 1874 2098 3714 2184; baseline 0.007 -26"><span class='ocrx_word' id='word_1_758' title='bbox 1874 2099 2127 2159; x_wconf 84' lang='lat' dir='ltr'>defendi</span> <span class='ocrx_word' id='word_1_759' title='bbox 2172 2098 2475 2177; x_wconf 90' lang='lat' dir='ltr'>dicendo,</span> <span class='ocrx_word' id='word_1_760' title='bbox 2526 2099 2956 2180; x_wconf 86' lang='lat' dir='ltr'>juramentum</span> <span class='ocrx_word' id='word_1_761' title='bbox 3012 2120 3086 2163; x_wconf 94' lang='lat' dir='ltr'>eo</span> <span class='ocrx_word' id='word_1_762' title='bbox 3115 2121 3262 2164; x_wconf 88' lang='lat' dir='ltr'>casu</span> <span class='ocrx_word' id='word_1_763' title='bbox 3295 2123 3409 2165; x_wconf 91' lang='lat' dir='ltr'>nec</span> <span class='ocrx_word' id='word_1_764' title='bbox 3498 2140 3714 2184; x_wconf 60' lang='lat' dir='ltr'>fflmfi„</span> 
     </span>
    </p>
   </div>
   <div class='ocr_carea' id='block_1_7' title="bbox 1872 2192 3726 2411">
    <p class='ocr_par' dir='ltr' id='par_1_11' title="bbox 1872 2192 3726 2411">
     <span class='ocr_line' id='line_1_112' title="bbox 1872 2192 3726 2292; baseline 0.004 -39"><span class='ocrx_word' id='word_1_765' title='bbox 1872 2192 2220 2254; x_wconf 88' lang='lat' dir='ltr'>formaliter</span> <span class='ocrx_word' id='word_1_766' title='bbox 2238 2212 2353 2255; x_wconf 90' lang='lat' dir='ltr'>nec</span> <span class='ocrx_word' id='word_1_767' title='bbox 2377 2193 2565 2254; x_wconf 90' lang='lat' dir='ltr'>etiam</span> <span class='ocrx_word' id='word_1_768' title='bbox 2579 2194 2982 2256; x_wconf 89' lang='lat' dir='ltr'>materialiter</span> <span class='ocrx_word' id='word_1_769' title='bbox 2999 2215 3133 2257; x_wconf 90' lang='lat' dir='ltr'>esse</span> <span class='ocrx_word' id='word_1_770' title='bbox 3148 2198 3404 2260; x_wconf 90' lang='lat' dir='ltr'>malum:</span> <span class='ocrx_word' id='word_1_771' title='bbox 3485 2195 3726 2292; x_wconf 52' lang='lat' dir='ltr'>pssnffiff</span> 
     </span>
     <span class='ocr_line' id='line_1_113' title="bbox 3542 2303 3676 2357; baseline 0.007 -14"><span class='ocrx_word' id='word_1_772' title='bbox 3542 2303 3676 2357; x_wconf 67' lang='lat' dir='ltr'>magis</span> 
     </span>
     <span class='ocr_line' id='line_1_114' title="bbox 3502 2367 3715 2411; baseline 0.014 -15"><span class='ocrx_word' id='word_1_773' title='bbox 3502 2367 3715 2411; x_wconf 77' lang='lat' dir='ltr'>apparens.</span> 
     </span>
    </p>
   </div>
  </div>
 </body>
</html>
