4263 6376
618 2586 732 2646 147

540 2708 837 2856 ιιιιὲε.

546 2816 783 2914 333&

863 352 977 413 ¹03

1976 352 2079 412 DE
2119 349 2475 413 JUSTITIA
2520 349 2620 408 ΕΤ
2660 348 2860 410 JURE

862 525 1031 605 quod
1060 524 1225 586 filius
1253 525 1334 588 sit
1361 525 1425 585 in
1471 528 1780 605 potestate
1809 527 2158 600 testatori53
2193 543 2388 604 quare
2479 523 2658 604 juxta
2684 543 2876 603 supra
2903 525 3071 587 dicta
3093 573 3108 602 ,
3143 525 3388 587 excludi
3415 523 3671 604 quidem
3703 521 3856 582 alios
3880 519 4021 580 hae-

859 624 1063 679 mater
1104 636 1227 679 non
1275 622 1480 696 potest
1525 618 1914 698 pupillariter
1960 619 2383 680 substituere:

860 729 1063 789 neque
1094 710 1282 771 etiam
1308 711 1536 789 pbterit
1562 715 1760 790 pater,
1786 711 2036 791 quando
2068 710 2203 791 ejus
2224 728 2393 770 mor-

859 807 921 865 te
949 803 1114 863 filius
1128 802 1349 863 recidit
1366 803 1430 862 in
1450 808 1821 881 potestatem
1837 804 1961 881 avi,
1984 823 2185 883 neque
2203 803 2392 864 etiam

862 894 1112 974 quando
1143 897 1404 956 testator
1432 899 1495 956 et
1522 894 1657 974 ejus
1684 895 1848 955 filius
1875 901 2058 956 erant
2084 895 2147 954 in
2166 895 2268 954 avi
2287 912 2393 972 po-

859 990 1106 1049 testate.

942 1080 1257 1155 Adverte,
1294 1079 1355 1138 iu
1400 1046 1695 1158 pupillari
1721 1080 2164 1142 substitutione
2194 1080 2392 1140 conti-

862 1173 998 1234 neri
1027 1172 1372 1250 vulgarem,
1409 1176 1470 1232 et
1498 1190 1531 1232 e
1560 1177 1800 1233 contra.
1821 1173 1999 1234 Unde
2030 1173 2079 1233 si
2111 1178 2289 1252 pater
2304 1172 2400 1231 di-

862 1271 986 1341 cat,
1020 1265 1276 1326 instituo
1307 1265 1506 1323 filium
1536 1283 1779 1340 meum,
1824 1270 1886 1326 et
1913 1265 1963 1326 si
1992 1272 2140 1326 ante
2168 1265 2395 1344 puber·

861 1362 1057 1421 tatem
1085 1357 1410 1432 moriatur,
1444 1356 1753 1418 substituo
1785 1360 2071 1434 Petrum,
2107 1357 2400 1434 intelligi-

862 1454 965 1512 tur
985 1454 1249 1529 utroque
1277 1448 1464 1510 modo
1495 1449 1863 1511 substitutus
1887 1470 1903 1522 ;
1939 1455 2001 1511 et
2028 1469 2061 1510 e
2082 1455 2322 1526 contra,
2349 1448 2399 1508 si

865 1541 1052 1616 dicat,
1104 1542 1358 1602 instituo
1406 1542 1605 1602 filium
1661 1560 1894 1618 meum,
1956 1543 2061 1622 qui
2108 1543 2163 1602 si
2200 1543 2401 1602 haeres

866 1651 989 1694 non
1021 1632 1226 1709 fuerit,
1261 1633 1515 1695 instituo
1550 1636 1823 1710 Petrum,
1850 1653 1990 1714 quae
2013 1640 2106 1696 est
2133 1634 2404 1695 formula

865 1725 1142 1803 vulgaris
1167 1724 1664 1801 substitutioniS,
1699 1726 2185 1806 subintelligitur
2214 1727 2402 1788 etiam

867 1816 1209 1897 pupillariS,
1243 1818 1387 1877 exl.
1418 1816 1556 1877 lam
1583 1817 1866 1897 lzocj,ure
1901 1821 1963 1880 ff.
1995 1826 2064 1880 de
2090 1818 2321 1898 vulqar.
2351 1828 2407 1879 et

856 1908 1150 1991 puszllar
1180 1907 1410 1969 substzsst
1446 1910 1576 1969 etl.
1616 1910 1906 1985 Quamvis,
1946 1913 2012 1972 C.
2047 1911 2125 1972 de
2156 1911 2406 1993 tmpube-

867 2022 1035 2074 ram,
1069 2012 1126 2062 et
1161 2001 1293 2061 aliis
1319 1991 1544 2062 substit.
1578 2003 1715 2064 etl.
1749 2004 1859 2064 ult.
1894 2006 1958 2065 C.
1986 2003 2056 2064 de
2084 2004 2333 2067 institut
2352 2012 2408 2065 et

870 2094 1002 2155 aliis
1038 2093 1266 2155 substtt.
1312 2094 1481 2174 quod
1527 2099 1740 2156 tamen
1782 2099 1983 2157 totum
2026 2097 2237 2157 locum
2284 2115 2409 2157 non

873 2186 1087 2264 habet,
1123 2191 1191 2247 ut
1219 2187 1523 2262 diximus,
1559 2187 1804 2265 quoties
1830 2187 1908 2247 de
1939 2189 2254 2249 contraria
2299 2207 2403 2249 vo·

873 2280 1112 2341 luntate
1142 2279 1455 2340 testatoris
1503 2284 1783 2356 constat,
1837 2285 1905 2341 ut
1955 2281 2196 2342 notavit
2224 2282 2412 2342 etiam

876 2371 1107 2432 Molina
1173 2369 1594 2450 disputatione
1651 2387 1944 2439 ctxxxm.
2001 2373 2058 2451 §-
2115 2373 2283 2448 Quod
2323 2373 2414 2434 di-

877 2471 1031 2523 ctum
1059 2471 1161 2525 est.

961 2555 1232 2616 Dubium
1275 2556 1654 2634 est-primo,
1713 2572 1795 2615 an
1836 2557 2195 2637 requiratur
2247 2561 2413 2639 quod

882 2648 1156 2728 pupillus
1205 2647 1392 2708 fuerit
1419 2648 1608 2708 etiam
1647 2647 1709 2707 in
1750 2653 2054 2726 potestate
2104 2655 2417 2715 testatoris

888 2760 1013 2802 non
1043 2741 1244 2803 solum
1273 2740 1491 2801 mortis
1521 2744 1846 2819 ternpore,
1893 2743 2003 2803 sed
2051 2744 2201 2806 facti
2232 2750 2418 2807 testa-

890 2926 1185 2988 Molinam
1238 2925 1398 3004 disp.
1459 2926 2125 3004 cnxxx1v.§.ls·tr1m
2179 2940 2420 2992 autem:

832 3018 838 3024 '
890 3017 1024 3096 ipse
1054 3022 1264 3079 tamen
1293 3017 1523 3078 Molina
1554 3035 1695 3077 cum
1726 3018 1999 3095 Bartolo,
2036 3026 2098 3082 et
2124 3022 2262 3083 aliis
2292 3041 2423 3084 me·-

644 3779 762 3841 148

619 3906 790 4000 Qu1;⁸d
770 3903 805 3947 ι

565 3960 742 4022 pupinus

601 4013 741 4055 instiui
743 4017 834 4053 :nur

593 4066 783 4114 harena
756 4076 833 4107 uec

565 4118 859 4163 exhaeredetur.

672 4980 786 5040 149

568 5106 633 5147 Αιι
661 5102 868 5146 substitu-

584 5163 693 5200 tuse
695 5157 756 5199 xcl
760 5156 856 5199 udat

637 5223 700 5252 ma
678 5215 807 5251 acrem

635 5264 794 5319 pupilli.

889 3109 1010 3170 lius
1036 3110 1102 3169 id
1132 3113 1364 3187 negat:
1399 3114 1642 3170 constat
1686 3110 1852 3170 enim
1900 3130 1974 3171 ex
2016 3112 2056 3173 1.
2094 3112 2420 3195 Cokoeredi,

892 3206 949 3283 ἓ.
989 3202 1135 3265 Cum
1161 3202 1311 3284 filio,
1345 3204 1407 3264 ff.
1442 3201 1511 3263 de
1537 3203 1807 3283 vulqari,
1855 3213 1913 3265 et
1943 3207 2163 3287 pupill.
2195 3209 2421 3272 substit.

898 3296 1004 3357 ubi
1033 3295 1240 3355 valida
1269 3294 1494 3356 dicitur
1529 3296 1928 3373 substitutio,
1980 3317 2105 3377 qua
2134 3319 2291 3362 avus
2322 3321 2426 3363 ne-

2485 616 2668 679 redes
2698 618 2776 678 ab
2806 618 3118 695 intestat0,
3146 637 3269 680 non
3289 623 3500 680 tamen
3519 620 3808 690 matrem,
3829 613 4024 674 etiam

2487 710 2655 771 circa
2682 710 2849 770 bona
2879 730 3018 790 quse
3048 711 3318 791 pupillus
3347 711 3565 771 habuit
3593 727 3629 768 a
3656 712 3855 787 patre,
3881 705 4019 765 exl.

2489 803 2599 863 ult.
2634 805 2699 864 C.
2725 802 2795 863 de
2822 803 3271 866 institutionibus
3315 811 3372 864 et
3413 799 3928 875 substitutionibus,
3959 800 4029 857 et

2488 895 2531 956 l.
2560 894 2828 976 precibus
2851 942 2866 972 ,
2899 898 2965 957 C.
3012 895 3082 955 de
3108 895 3466 978 impuberum
3489 941 3504 970 ,
3549 903 3603 956 et
3630 893 3763 953 aliis
3789 890 4021 953 substit.

2493 989 2561 1050 Si
2587 993 2797 1049 autem
2828 989 2907 1049 sit
2931 990 3124 1050 tacita
3151 989 3425 1066 vulgaris
3459 987 3696 1047 inclusa
3723 986 3787 1045 in
3819 982 4030 1063 pupil-

2491 1080 2607 1141 lari
2637 1099 2929 1158 expressa
2949 1127 2963 1155 ,
3007 1081 3357 1142 excluditur
3385 1083 3607 1155 mater,
3658 1077 3804 1157 quia
3833 1094 3909 1136 ea
3935 1075 4029 1135 lo-

2495 1191 2639 1233 cum
2668 1191 2790 1233 non
2840 1172 3030 1236 habet
3050 1219 3065 1249 ,
3127 1174 3243 1233 nisi
3292 1172 3544 1252 quando
3590 1170 3862 1250 pupillus
3898 1187 4031 1229 non

2494 1265 2613 1324 fuit
2641 1264 2841 1324 haeres
2865 1312 2880 1341 ,
2915 1283 3037 1343 quo
3076 1284 3221 1326 casu
3267 1270 3468 1325 mater
3514 1263 3752 1324 nullum
3792 1262 3896 1339 jus
3944 1260 4033 1320 ad

2496 1357 2601 1416 illa
2630 1356 2796 1417 bona
2826 1357 3117 1419 babebat.
3153 1357 3435 1436 Denique
3477 1356 3667 1417 etiam
3696 1354 3884 1416 tacita
3911 1372 4037 1432 pu·—

2497 1448 2735 1528 pillaris
2764 1449 2826 1509 in
2856 1449 3102 1527 vulgari
3129 1467 3424 1528 expressa
3452 1446 3907 1525 comprehensa
3926 1463 4036 1504 ex-

2499 1540 2693 1602 cludit
2720 1546 3008 1616 matrem,
3045 1541 3297 1620 quando
3328 1559 3441 1619 per
3479 1539 3873 1618 conjecturas
3900 1537 4040 1597 suf-

2500 1635 2779 1695 ficienter
2821 1636 3065 1695 constat
3109 1651 3249 1693 eam
3279 1651 3413 1694 esse
3456 1635 3729 1692 mentem
3777 1634 4038 1691 testato-

2498 1727 2621 1798 ris;
2667 1745 2724 1786 v.
2756 1745 2818 1804 g.
2851 1726 2900 1786 si
2932 1728 3192 1787 testator
3219 1725 3371 1785 alias
3402 1725 3591 1801 dixit,
3624 1742 3691 1784 se
3721 1722 3887 1784 nolle
3916 1723 4041 1782 bo-

2502 1821 2583 1879 'na
2611 1836 2723 1878 sua
2751 1818 2832 1879 ad
2862 1836 3120 1879 uxorem
3152 1819 3363 1878 venire
3386 1863 3402 1894 ,
3452 1817 3562 1878 sed
3603 1815 3687 1877 ad
3736 1814 4041 1876 substitu-

2502 1915 2674 1983 tum;
2706 1910 2805 1971 vel
2834 1910 2884 1970 si
2914 1910 2975 1969 in
3008 1910 3220 1971 odium
3251 1911 3459 1970 uxoris
3499 1910 3825 1986 vulgarem
3861 1907 4043 1967 illam

2504 2003 3006 2064 substitutionem
3028 2003 3194 2063 fecit.
3220 2002 3333 2063 Vel
3360 2003 3416 2063 si
3444 2002 3504 2061 in
3524 2005 3891 2063 testamento
3923 1999 4045 2059 ali-

2507 2095 2656 2176 quid
2688 2095 2866 2155 uxori
2892 2095 3187 2174 reliquit,
3236 2095 3451 2156 dicens
3477 2141 3492 2171 ,
3526 2093 3695 2173 quod
3737 2093 3842 2152 illo
3871 2093 4048 2151 esset

2507 2191 2821 2263 contenta,
2851 2192 2913 2249 et
2943 2187 3092 2248 nihil
3124 2188 3391 2266 amplius
3421 2206 3459 2247 a
3486 2186 3821 2248 substituto
3864 2189 4043 2263 pete-

2507 2286 2624 2342 ret.
2657 2281 2770 2341 Vel
2800 2280 2849 2340 si
2878 2280 3250 2341 substitutus
3280 2284 3415 2340 erat
3454 2280 3648 2354 filius,
3694 2295 3888 2356 nepos
3916 2277 4047 2336 fra-

2508 2377 2626 2449 ter,
2656 2371 3064 2433 consobrinus
3092 2371 3445 2451 pupilli,vel
3467 2372 3680 2444 frater,
3702 2374 3809 2430 aut
3826 2388 4049 2430 ascen-

2511 2467 2665 2526 dens
2719 2466 3054 2526 testatoris
3099 2465 3210 2525 Vel
3266 2465 3536 2544 denique
3583 2463 3633 2523 si
3681 2467 3814 2523 erat
3850 2480 4052 2522 causa

2511 2560 2637 2637 pia.
2672 2561 2737 2620 In
2769 2557 2865 2617 his
2893 2562 3103 2619 tamen
3148 2557 3467 2632 omnibus,
3509 2555 3741 2634 judicis
3786 2554 4052 2615 arbitrio

2512 2671 2613 2712 res
2632 2650 2954 2729 pensanda
2983 2655 3096 2725 est,
3123 2649 3201 2709 de
3232 2648 3459 2728 quibus
3486 2648 3717 2709 Melina
3745 2649 3800 2725 ἓ.
3838 2645 4056 2707 Obser-

2512 2742 2764 2806 vandum
2791 2742 3001 2816 ettam,
3053 2743 3162 2821 qui
3207 2741 3268 2801 in
3299 2740 3488 2802 dubio
3519 2740 3671 2801 dicit
3713 2739 4051 2819 praeferen-

691 2819 828 2912 mh,
887 2834 1102 2894 menti.
1137 2833 1426 2894 Affirmat
1455 2833 1866 2894 Covarruvias
1903 2853 2046 2896 cum
2085 2837 2222 2898 aliis
2250 2839 2417 2917 apud
2494 2838 2661 2898 dam
2679 2840 2964 2912 matrem,
2983 2853 3095 2913 pro
3118 2853 3243 2913 qua
3263 2834 3461 2911 pietas
3477 2834 3778 2895 naturalis
3799 2837 3861 2893 et
3880 2849 4056 2893 com-

2517 2929 2725 2990 munis
2754 2928 2942 2989 etiam
2972 2927 3190 3005 regula
3235 2926 3544 2986 dictarum
3590 2926 3800 3003 legum
3849 2929 3976 3000 est,
4014 2941 4057 2983 a

2522 3042 2645 3103 qua
2675 3040 2798 3082 non
2829 3024 2923 3081 est
2948 3018 3234 3080 facienda
3254 3017 3536 3096 exceptio
3556 3017 3689 3078 sine
3717 3015 4057 3077 sufficienti

2520 3114 2948 3176 fundamenta

2603 3208 2935 3269 Dubitatur
2961 3209 3222 3284 quarto,
3272 3224 3352 3266 an
3382 3206 3434 3266 si
3460 3205 3816 3267 substitutio
3847 3202 4056 3283 pupil-

2522 3301 2670 3362 laris
2700 3317 2990 3377 expressa
3017 3298 3140 3358 sit
3125 3316 3229 3357 inv
3235 3298 3442 3373 alida,
3480 3302 3547 3359 ut
3574 3297 3720 3376 quia
3749 3296 3952 3371 facta,
3982 3315 4054 3356 v.

898 3388 1028 3469 poti
1058 3387 1462 3450 substituerat
1490 3387 1915 3466 pupillariter,
1966 3389 2113 3453 licet
2147 3397 2427 3472 tempore
2525 3413 2588 3473 g.
2622 3393 2702 3454 sit
2730 3410 2767 3451 a
2795 3394 3035 3466 matre,
3069 3390 3166 3449 vel
3197 3408 3318 3450 non
3354 3389 3669 3455 habente
3653 3408 3714 3449 m
3744 3392 4061 3490 potestate
4118 3355 4230 3490 ιιέἒ

2526 3486 2724 3549 filium
2750 3488 3033 3560 tempore
3061 3482 3322 3557 mortiS,
3355 3485 3465 3542 aut
3491 3481 3656 3542 circa
3680 3481 3877 3541 tilium
3918 3479 4065 3559 J‘am
4145 3508 4224 3543 sue

899 3481 1251 3544 testamenti
1282 3498 1476 3558 nepos
1506 3498 1629 3540 non
1660 3498 1756 3540 ess
1763 3488 1826 3542 et
1851 3481 1912 3541 in
1935 3482 2069 3562 ejus
2097 3491 2423 3564 potestate,

902 3572 1010 3634 sed
1037 3571 1251 3651 panis,
1287 3572 1335 3631 si
1368 3577 1646 3650 tempore
1677 3576 1887 3634 tamen
1915 3576 2136 3636 mortis
2166 3578 2262 3638 avi
2297 3584 2432 3642 erat

895 3666 1031 3744 jam
1059 3665 1119 3723 in
1143 3663 1276 3743 ejus
1304 3668 1631 3742 potestate.

988 3757 1319 3818 Dubitatur
1345 3756 1643 3832 secundo,
1678 3775 1757 3816 an
1787 3758 1867 3819 sit
1895 3759 2103 3820 talida
2133 3763 2432 3825 substitu-

907 3851 993 3913 tio
1023 3849 1364 3929 pupillam,
1399 3848 1648 3926 quando
1680 3850 1949 3927 pupillus
1980 3871 2093 3914 nec
2125 3854 2359 3917 haeres
2346 3876 2435 3916 ιιι-

777 3969 858 4000 non
908 3943 1220 4018 stituitur,
1271 3959 1385 4002 nee
1415 3935 1848 4003 exhaeredatur
1886 3961 1923 4004 a
1958 3922 2296 4009 testatore?
2325 3952 2437 4010 Re-

908 4036 1210 4116 spondeo,
1244 4034 1368 4094 de
1345 4053 1487 4114 Jure
1518 4035 1774 4114 antiquo
1806 4055 1929 4098 non
1959 4040 2167 4100 valere
2197 4043 2332 4103 exl.
2363 4060 2432 4104 11.

908 4130 972 4190 in
999 4129 1198 4208 princ.
1234 4129 1295 4187 ff.
1341 4126 1410 4187 de
1434 4126 1595 4206 vuly.
1635 4136 1690 4188 et
1727 4129 1943 4209 pupiLl
1986 4135 2048 4192 et
2091 4133 2148 4210 ἓ.
2182 4133 2318 4195 Non
2345 4155 2440 4196 so-

910 4223 1049 4298 lum,
1081 4220 1278 4283 lustin
1313 4218 1382 4280 de
1394 4219 1613 4301 pupill.
1635 4219 2034 4285 substitutione
2060 4245 2084 4285 .·
2115 4229 2332 4290 Postea
2353 4233 2442 4290 ta-

909 4334 1052 4375 men
1085 4313 1163 4374 de
1184 4314 1326 4391 jure
1357 4312 1600 4372 noviori
1626 4313 1898 4375 validam
1920 4336 2054 4378 esse
2071 4337 2146 4377 ex
2166 4320 2441 4382 Anthen-

909 4407 1055 4483 tico,
1087 4410 1159 4466 ut
1185 4423 1329 4464 cum
1359 4404 1436 4462 de
1468 4404 1887 4482 appellatione
1918 4411 2341 4489 cognoscitur,
2375 4414 2432 4492 ἓ.

912 4498 1053 4559 Sive
1079 4499 1281 4577 iqitur,
1307 4501 1368 4557 et
1393 4496 1449 4574 ἓ.
1484 4496 1561 4556 Si
1583 4516 1718 4558 vero
1747 4500 2073 4579 contiqerit‚
2095 4508 2159 4564 et
2176 4505 2441 4566 authen-

909 4590 1017 4653 tici
1045 4610 1100 4652 ο.
1131 4590 1195 4650 E
1194 4610 1239 4650 a:
1266 4609 1460 4666 causa,
1492 4592 1558 4651 C.
1599 4589 1669 4651 de
1697 4591 1893 4652 liberis
1922 4596 2261 4674 praeteritis,
2295 4600 2444 4676 quia

912 4684 1058 4745 licet
1081 4688 1526 4745 testamentum
1551 4683 1632 4744 sit
1657 4684 2002 4745 invalidum
2032 4689 2242 4766 quoad
2270 4690 2442 4752 insti-

911 4777 1219 4839 tutionem
1251 4775 1551 4851 haeredis,
1589 4795 1714 4837 non
1742 4780 1954 4838 tamen
1985 4781 2193 4858 quoad
2224 4782 2348 4843 alia
2377 4784 2441 4844 in

915 4888 988 4930 eo
1018 4872 1329 4944 contenta,
1364 4868 1564 4947 qualis
1593 4874 1688 4931 est
1712 4871 2087 4933 substitutio.

996 4960 1325 5022 Dubitatur
1352 4960 1533 5021 tertio
1558 5006 1573 5036 ,
1609 4979 1688 5021 an
1717 4962 2084 5025 substitutus
2115 4967 2437 5045 pupillari-

918 5057 1014 5116 ter
1043 5052 1331 5113 excludat
1358 5052 1625 5113 matrem
1673 5054 1887 5133 pupilli
1926 5055 2007 5116 ab
2035 5057 2171 5135 ejus
2199 5078 2440 5121 succes-

918 5145 1139 5207 sione?
1166 5144 1557 5224 Responde0‚
1590 5146 1641 5205 si
1672 5150 1766 5206 est
1792 5147 2150 5211 substitutio
2182 5152 2441 5230 pupilla-

911 5240 996 5300 ris
1025 5256 1337 5317 expressa,
1372 5238 1613 5299 excludi
1644 5244 1932 5316 matrem,
1950 5245 2019 5302 ut
2034 5259 2108 5300 ex
2124 5247 2444 5305 communi

911 5331 1248 5450 sententia,
1309 5335 1371 5391 et
1416 5328 1663 5409 juribus
1718 5331 1943 5408 probat
1985 5334 2218 5394 Molina
2270 5336 2440 5398 dicta

1581 5423 2017 5435 ιιιιι

907 5518 1137 5595 tacita,
1170 5536 1311 5597 quae
1354 5517 1417 5577 in
1446 5516 1688 5595 vulgari
1729 5535 2022 5595 expressa
2075 5518 2434 5600 includitur,

2528 3578 2850 3656 puberem,
2883 3573 3241 3635 substitutio
3269 3574 3458 3635 tacita
3473 3573 3791 3652 vulgaris'
3777 3592 3837 3633 in
3855 3591 4065 3651 capu

2528 3668 2729 3750 pillari
2769 3667 3006 3727 inclusa
3042 3666 3251 3726 talida
3306 3666 3709 3727 nihilominus
3761 3666 3887 3727 sit?
3937 3667 4068 3725 Re·-

2532 3761 2809 3841 spondeo
2865 3759 3238 3820 affirmative
3261 3805 3276 3835 ‚
3337 3759 3484 3838 quia
3537 3758 3814 3837 vulgaris
3866 3758 4070 3819 tacita

2533 3852 2884 3916 substitutio
2916 3852 2978 3911 in
3027 3852 3312 3931 pupillari
3344 3870 3637 3930 expressa
3664 3852 3902 3917 inclusa
3932 3868 4069 3911 non

2536 3946 2763 4026 accipit
2790 3963 2972 4006 suum
2993 3944 3293 4020 valorem,
3318 3945 3417 4004 vel
3444 3944 3733 4004 effectum
3752 3961 3826 4003 ex
3845 3943 4069 4004 valore

2535 4039 2860 4123 pupillaris
2889 4084 2905 4115 ,
2938 4037 3046 4097 sed
3093 4056 3167 4097 ex
3208 4043 3592 4116 praesumpta
3619 4037 3939 4097 voluntate
3968 4042 4074 4098 te-

2538 4133 2805 4206 statoriS,
2839 4131 2947 4211 qui
2974 4131 3373 4209 praesumitur
3400 4130 3558 4190 velle
3589 4129 3755 4209 quod
3784 4129 3834 4189 si
3865 4129 4076 4208 pupil-

2535 4229 2633 4289 lus
2661 4245 2784 4286 non
2812 4224 2893 4285 sit
2928 4223 3128 4283 haeres
3150 4267 3166 4297 ,
3201 4222 3497 4282 succedat
3539 4222 3640 4282 ille
3671 4222 3779 4301 qui
3805 4222 3923 4282 fuit
3948 4242 4074 4300 pu-

2522 4318 2836 4401 ¹pillariter
2873 4314 3244 4376 substitutus
3283 4313 3721 4377 substitutione
3768 4314 4073 4375 nimirum

2538 4410 2782 4490 vulgari
2814 4429 2827 4471 z
2861 4426 2998 4488 quae
3029 4407 3317 4468 voluntas
3365 4408 3675 4469 testatoris
3704 4426 3829 4468 non
3857 4407 4074 4468 minus

2539 4502 2971 4583 praesumitur,
3010 4499 3260 4579 quando
3292 4499 3563 4560 invalide
3591 4500 3737 4560 fecit
3764 4499 4077 4561 substitu-

2536 4598 2774 4658 tionem
2804 4594 3175 4672 pupillarem
3195 4638 3210 4668 ,
3231 4597 3308 4653 et
3336 4592 3477 4654 ideo
3525 4593 3675 4653 utile
3705 4611 3818 4670 per
3846 4591 4076 4653 inutile

2539 4709 2663 4751 non
2697 4688 2982 4762 vitiatur,
3017 4685 3128 4746 sed
3157 4685 3418 4746 habebit
3444 4688 3734 4747 effectum
3775 4685 4078 4747 substitu-

2539 4781 2722 4845 tionis
2750 4779 3025 4858 vulgaris
3059 4799 3073 4839 ι
3108 4783 3180 4839 ut
3205 4779 3256 4839 si
3287 4778 3388 4838 ille
3418 4778 3519 4840 cui
3557 4778 3930 4839 substitutus
3960 4778 4076 4839 da-

2536 4880 2636 4938 tus
2666 4872 2799 4948 fuit,
2832 4876 3246 4949 praemortuus
3273 4871 3479 4947 fuerit,
3512 4871 3610 4930 vel
3641 4890 3714 4931 ex
3735 4870 3859 4931 alia
3878 4888 4079 4932 causa

2541 4964 2970 5027 haereditatem
3011 4964 3325 5025 testatoris
3369 4983 3493 5024 non
3525 4963 3847 5038 habuerit,
3898 4963 3963 5023 in
3996 4982 4079 5024 ea

2538 5057 2836 5122 succedat
2853 5056 3221 5118 substitutus
3245 5102 3260 5133 ,
3292 5056 3416 5117 imo
3446 5055 3625 5118 addit
3648 5057 3806 5116 bene
3837 5055 4080 5118 Molina

2538 5155 2594 5232 ἓ.
2651 5150 2811 5211 Idem
2864 5150 3157 5211 Antonius
3179 5195 3195 5225 ,
3265 5167 3408 5210 cum
3460 5148 3597 5209 aliis
3653 5166 3810 5227 quos
3864 5146 4073 5225 affert,

2540 5245 2783 5307 etiamsi
2813 5244 3084 5322 pupillus
3134 5243 3236 5302 ille
3289 5243 3392 5303 cui
3434 5242 3706 5302 invalide
3747 5243 3911 5303 sacta
3956 5242 4079 5304 fuit

2541 5337 2893 5399 substitutio
2937 5335 3288 5414 pupillariS,
3334 5334 3560 5396 adierit
3613 5332 4072 5411 han-editatem‚

2539 5430 2625 5493 ita
2654 5435 2724 5491 ut
2742 5430 2878 5510 jam
2908 5447 3032 5489 non
3060 5429 3141 5489 sit
3165 5429 3339 5489 locus
3356 5426 3776 5489 substitutioni
3800 5426 4073 5503 vulgari,

2538 5543 2677 5603 quae
2709 5522 2877 5584 adita
2901 5520 3265 5583 haeredimte
3284 5520 3362 5581 ab
3380 5520 3659 5582 instituto
3682 5519 3942 5598 expirat,
3964 5519 4077 5579 ad·

4136 3561 4230 3597 ιιιτι
