4263 6376
567 1442 643 1501 70

469 1567 655 1611 secunda
669 1566 767 1609 bu„
824 1544 853 1579 «
880 1526 1138 1601 Rursus,
1174 1527 1420 1586 nonnisi
1450 1546 1593 1588 vere
1614 1528 1678 1587 in
1706 1529 1974 1608 pecunia
1990 1532 2340 1603 numerata,

484 1622 533 1665 1oe
554 1621 746 1665 conditio.

491 3998 557 4040 Λιι
596 3998 685 4040 sine
717 3997 789 4041 illa

491 4064 640 4094 cousus
657 4052 790 4094 valeat

489 4105 532 4147 iu
543 4105 634 4146 roro
645 4105 789 4148 saltem

506 4158 786 4203 conscientia.

800 324 917 386 364

1296 859 1702 947 Ssscrlo
1783 863 1861 951 V.

808 1162 872 1223 E
871 1163 1213 1225 seminatur·
1237 1164 1485 1227 secunda
1521 1165 1772 1227 conditio
1812 1168 2005 1249 posita
2041 1166 2102 1227 in
2130 1166 2335 1228 Bulla.

895 1431 1183 1492 Secunda
1213 1433 1511 1510 clausula,
1547 1452 1656 1495 seu
1685 1435 1959 1497 conditio
2018 1436 2155 1496 haec
2209 1436 2341 1495 est:

814 1616 1226 1694 praesentibus
1257 1619 1541 1697 testibuS‚
1577 1639 1650 1680 ac
1705 1620 1974 1699 notarie,
2018 1624 2079 1682 et
2107 1620 2170 1680 in
2200 1626 2344 1682 actu

816 1709 1251 1771 celebrationis
1281 1710 1698 1790 instrumenti,
1750 1732 1875 1774 non
1906 1717 2117 1775 autem
2146 1713 2340 1792 priuS,

814 1805 1065 1880 recepto
1115 1804 1357 1881 integro
1392 1806 1563 1883 justo
1593 1808 1865 1884 pretio.»
1905 1807 2184 1881 Quorum
2212 1824 2347 1866 ver-

815 1893 1041 1954 borum
1072 1914 1289 1958 sensus
1319 1898 1523 1958 clarus
1553 1904 1679 1973 est;
1713 1900 1912 1963 voluit
1940 1900 2106 1960 enim
2136 1897 2347 1960 Ponti-

815 1987 915 2046 fex
944 2005 1273 2048 occurrere
1307 1990 1632 2052 fraudibus
1658 1995 1719 2053 et
1746 1992 2064 2072 injustitiis
2108 2010 2249 2071 quae
2278 1989 2342 2050 in

817 2078 937 2140 hoc
965 2084 1288 2143 contractu
1313 2084 1568 2162 reperiri
1588 2085 1791 2147 solent
1814 2105 1827 2147 :
1847 2085 2142 2165 perieulis
2159 2084 2346 2146 etiam

819 2176 883 2233 et
910 2172 1140 2233 damno
1188 2176 1608 2254 venditorum,
1644 2179 1751 2257 qui
1780 2182 2035 2258 propter
2063 2177 2349 2256 indigen-

818 2266 973 2328 tiam
1027 2272 1400 2345 praesentem
1452 2271 1840 2348 cogebantur
1891 2271 2164 2332 vendere
2207 2288 2349 2331 cen-

819 2376 980 2435 sum,
1016 2378 1139 2419 non
1170 2366 1428 2441 accepta
1482 2364 1748 2441 pecunia
1801 2382 1913 2442 pro
1966 2364 2188 2443 preti0,
2238 2363 2350 2424 sed

820 2452 1133 2512 mercibus
1164 2454 1387 2532 quibus
1409 2472 1532 2515 non
1567 2455 1850 2534 indigent
1877 2460 1939 2517 et
1967 2474 2121 2536 quas
2150 2457 2348 2536 pretio

820 2562 1066 2605 summo
1123 2564 1158 2605 a
1212 2550 1558 2609 mercatore
1606 2548 1919 2627 accipiunt
1978 2567 2094 2628 pro
2148 2548 2350 2628 pretio

821 2655 1044 2697 census
1070 2657 1083 2699 :
1118 2638 1454 2718 aliquando
1478 2641 1666 2701 etiam
1696 2660 1819 2703 non
1850 2645 2051 2704 totum
2080 2642 2352 2720 pretium

823 2731 900 2791 de
929 2733 1221 2810 praesenti
1268 2734 1682 2813 accipiebant,
1715 2734 1826 2796 sed
1853 2735 2053 2796 solam
2082 2738 2348 2813 partem,

821 2824 1065 2904 reliqua
1086 2830 1265 2905 parte
1298 2832 1516 2905 postea
1544 2827 1660 2888 sibi
1703 2827 2029 2904 solvenda,
2067 2846 2211 2889 cum
2265 2831 2353 2888 ta-

822 2935 968 2976 men
1011 2917 1226 2996 pensio
1274 2936 1346 2978 ex
1379 2937 1544 2979 nunc
1575 2938 1827 2981 currere
1855 2921 2180 3000 inciperet.
2231 2918 2355 2981 Ali-

826 3010 1078 3087 quando
1110 3010 1298 3070 etiam
1342 3010 1587 3072 debitor
1616 3030 1739 3072 non
1767 3012 2007 3075 habens
2054 3031 2220 3074 nunc
2275 3012 2356 3071 ad

826 3101 1217 3179 solvendum,
1252 3104 1595 3182 cogebatur
1624 3104 1908 3167 debitum
1935 3106 2143 3185 ipsum
2188 3123 2358 3166 com-

828 3197 1047 3273 putare
1077 3196 1139 3256 in
1168 3197 1438 3275 pretium
1466 3216 1711 3275 censuS,
1744 3219 1819 3259 ex
1853 3217 1976 3279 quo
1994 3200 2359 3279 pensionem

827 3300 1046 3369 postea
1075 3290 1379 3351 solveret:
1440 3292 1606 3372 quod
1672 3293 1733 3353 in
1788 3311 2090 3372 magnum
2115 3291 2362 3372 'paupe-

826 3400 971 3442 rum
997 3382 1441 3444 detrimentum
1487 3384 1923 3450 redundabat:
1956 3386 2187 3466 quibus
2222 3405 2360 3448 om-

831 3475 1015 3535 nibus
1042 3475 1240 3537 voluit
1264 3477 1565 3539 radicitus
1606 3478 1863 3540 obviare
1927 3480 2211 3541 Pontifex
2253 3499 2359 3541 an-

833 3567 1129 3628 nullando
1159 3586 1380 3630 census
1410 3570 1518 3649 qui
1546 3571 1726 3632 aliter
1753 3577 2136 3647 crearentur,
2171 3590 2361 3654 quam

831 3662 962 3722 toto
992 3662 1191 3739 pretio
1213 3661 1277 3721 in
1310 3662 1577 3741 pecunia
1606 3668 1756 3725 tunc
1784 3669 2114 3726 numerata
2146 3683 2363 3727 coram

834 3754 1076 3814 notario
1099 3758 1160 3815 et
1184 3755 1465 3817 testibus.

916 3848 1090 3910 Circa
1116 3868 1305 3928 quam
1334 3850 1755 3911 conditionem
1783 3850 2105 3913 dubitatur
2133 3852 2358 3931 prim0,

838 3959 917 4000 an
949 3941 1026 4000 de
1049 3941 1192 4020 jure
1222 3945 1459 4004 naturae
1491 3943 1698 4004 licitus
1727 3943 1807 4004 sit
1823 3962 2070 4022 census,
2106 3949 2168 4005 et
2221 3963 2367 4023 pen-

838 4033 1043 4093 siones
1072 4034 1330 4113 integrae
1362 4035 1707 4097 debeantur
1743 4037 1993 4116 quando
2035 4054 2160 4097 non
2218 4037 2366 4098 emi-

835 4131 941 4188 tur
968 4128 1237 4207 pecunia
1263 4129 1579 4206 praesenti,-
1612 4129 1724 4189 sed
1765 4129 1996 4209 partim
2034 4129 2277 4191 credita
2306 4133 2367 4191 et

837 4224 1055 4300 postea
1111 4221 1454 4281 solvenda?
1506 4222 1715 4282 Prima
1773 4223 2081 4284 sententia
2152 4226 2360 4302 negat,

837 4332 1027 4393 quam
1048 4332 1401 4393 supponere
1420 4314 1668 4376 videtur
1694 4315 1839 4377 Mol.
1887 4314 2047 4394 disp.
2080 4318 2219 4377 390.
2254 4334 2360 4376 nu.

838 4425 882 4469 1.
908 4426 1095 4487 quem
1125 4407 1437 4469 immerito
1467 4426 1579 4487 pro
1611 4408 1927 4469 contraria
1953 4408 2262 4469 sententia
2281 4407 2369 4467 af-

836 4500 959 4561 fert
985 4501 1161 4562 Salas
1191 4500 1342 4561 dub.
1395 4517 1531 4563 v111.
1566 4518 1628 4561 n.
1688 4504 1749 4563 2.
1808 4501 2098 4562 eamdem
2153 4503 2370 4562 tenent

839 4596 1099 4655 Navarr.
1125 4595 1412 4654 Emman.
1449 4593 1761 4671 RebelluS,
1796 4594 2105 4670 SaloniuS,
2165 4596 2229 4655 et
2266 4594 2371 4655 alii

839 4704 997 4768 quos
1028 4688 1207 4746 affert
1231 4690 1294 4748 et
1319 4686 1599 4766 sequitur
1626 4687 1793 4747 idem
1824 4687 1999 4748 Salas
2013 4686 2101 4748 ibi
2131 4705 2194 4748 n.
2230 4703 2274 4750 1.
2309 4689 2372 4749 et

837 4785 897 4843 3.
930 4780 1053 4841 Alii
1081 4784 1294 4841 tamen
1319 4779 1500 4840 multi
1528 4779 1865 4856 affirmant,
1891 4779 1967 4840 de
1989 4779 2150 4859 jurae
2187 4784 2373 4842 natu-

839 4893 925 4935 rae
956 4873 1020 4934 id
1077 4891 1199 4934 non
1258 4891 1393 4932 esse
1449 4872 1649 4950 magis
1702 4873 1988 4934 illicitum
2031 4873 2096 4933 in
2153 4891 2367 4949 censu,

840 4986 1031 5048 quam
1060 4966 1123 5026 in
1152 4965 1341 5026 rebus
1369 4965 1529 5042 aliis,
1558 4984 1698 5044 quae
1728 4965 1876 5026 licet
1901 4964 2236 5027 fructiferae
2255 4967 2379 5027 sint

839 5065 1103 5140 possunt
1131 5058 1251 5119 emi
1282 5057 1485 5138 pretio
1515 5058 1776 5133 credito,
1802 5061 1865 5119 et
1882 5062 2093 5119 tamen
2111 5078 2188 5119 ex
2207 5078 2372 5121 nunc

841 5154 1146 5232 incipiunt
1176 5151 1444 5230 emptori
1470 5150 1865 5236 fructificare,
1926 5156 2261 5231 po3tquam
2315 5152 2373 5213 ei

842 5246 1087 5310 traditae
1119 5250 1284 5319 sunt,
1320 5247 1389 5305 ut
1416 5247 1661 5305 constat
1689 5261 1765 5304 ex
1808 5244 1863 5322 ἓ.
1933 5243 2189 5306 Vendz'toe
2239 5263 2374 5305 vero

842 5358 956 5415 res,
990 5348 1044 5398 et
1073 5337 1327 5413 traditoe,
1389 5337 1585 5397 Instit.
1615 5334 1684 5396 de
1733 5353 1931 5395 rerum
1970 5335 2266 5415 divisione,
2325 5338 2368 5398 1.

852 5430 1019 5506 Quod
1040 5430 1288 5504 vendidi,
1325 5433 1423 5491 19.
1458 5431 1521 5491 ff.
1546 5427 1616 5489 de
1659 5428 2048 5489 contrahenda
2067 5431 2372 5512 emptione.

846 5525 924 5585 Et
944 5522 1199 5601 quidem
1228 5541 1449 5585 census
1470 5523 1606 5602 jam
1652 5525 1835 5586 antea
1867 5523 2237 5589 constitutus
2257 5524 2380 5586 emi

1953 327 2057 389 DE
2097 324 2455 391 JUSTITIA
2499 327 2600 388 ΕΤ
2641 326 2842 390 JURE

2435 508 2644 584 potest
2660 505 2742 566 ab
2769 505 2980 585 aliquo
2997 506 3180 568 tertio
3203 505 3468 585 pecunia
3500 505 3739 585 partim
3767 502 3964 564 credi-

2436 602 2539 671 ta;
2573 617 2767 677 quare
2813 616 2940 660 non
2978 603 3240 678 apparet
3268 617 3380 660 cur
3409 599 3474 658 in
3528 597 3744 678 prima
3786 596 3965 656 etiam

2437 692 2874 753 constitutione
2905 692 2967 751 id
2982 691 3119 752 fieri
3146 710 3271 752 non
3298 691 3518 770 possit.
3541 693 3621 752 Et
3635 691 3785 750 ideo
3818 688 3969 748 hanc

2437 785 2811 846 sententiam
2838 788 3052 847 tenent
3074 787 3281 861 Sotus‚
3313 783 3721 857 Binsfeldius‚
3757 787 3825 842 et
3850 781 3965 855 alii,

2440 895 2595 956 quos
2640 879 2821 938 affert
2847 878 3024 939 Salas
3054 896 3116 938 n.
3157 880 3216 940 2.
3252 878 3357 957 qui
3409 895 3548 937 eam
3578 873 3970 956 probabilem

2439 987 2575 1029 esse
2601 971 2852 1046 fatetur,
2887 975 2950 1032 et
2975 971 3131 1032 mihi
3163 972 3352 1033 etiam
3380 970 3625 1050 placet3
3659 968 3821 1048 quia
3858 984 3971 1026 non

2438 1067 2699 1141 apparet
2726 1063 2885 1124 ratio
2916 1064 3040 1124 ulla
3079 1063 3448 1124 differentiae
3489 1061 3826 1123 sufficiens
3872 1076 3972 1119 cur

2440 1155 2518 1215 de
2544 1155 2686 1235 jure
2717 1160 2957 1217 naturae
3012 1156 3253 1236 possint
3303 1174 3404 1217 res
3454 1155 3596 1216 aliae
3636 1153 3970 1214 fructiferae

2440 1250 2649 1326 vendi,
2702 1254 2764 1311 et
2817 1249 2982 1311 tradi
3035 1250 3302 1328 emptori
3356 1250 3539 1328 eique
3596 1247 3973 1308 fructificare

2442 1342 2642 1421 pretio
2665 1343 2946 1403 nondum
2984 1343 3207 1418 solute,
3243 1345 3306 1403 et
3324 1360 3548 1403 census
3604 1341 3805 1401 realis
3860 1357 3972 1399 non

2442 1435 2658 1514 possit,
2691 1435 3038 1515 praesertim
3067 1454 3210 1497 cum
3253 1436 3318 1495 in
3347 1435 3482 1513 ipso
3513 1434 3760 1495 directe
3787 1437 3850 1492 et
3864 1430 3975 1511 pri·

2442 1528 2640 1589 mario
2670 1546 2795 1589 nen
2823 1528 3173 1589 vendantur
3202 1527 3557 1606 pensiones,
3581 1530 3654 1587 ut
3680 1525 3972 1599 vidimus,

2443 1621 2554 1681 sed
2583 1622 2969 1682 ususfructus
2988 1621 3208 1682 saltem
3239 1621 3516 1699 partialis
3542 1619 3658 1695 rei,
3693 1618 3802 1678 vel
3852 1618 3975 1676 fun-

2445 1714 2530 1791 di,
2564 1714 2626 1774 in
2656 1732 2780 1793 quo
2820 1732 3042 1775 census
3071 1714 3490 1775 constituitur.

2524 1806 2841 1886 Objiciunt
2872 1807 3097 1886 primo,
3133 1808 3280 1886 quia
3335 1807 3645 1868 censualis
3703 1809 3974 1867 contrae-

2444 1904 2545 1961 tus
2591 1900 2985 1961 introductus
3025 1904 3139 1976 est,
3198 1905 3266 1959 ut
3319 1899 3598 1960 subsidio
3650 1897 3975 1978 praesentis

2444 1993 2725 2071 pecunia>
2756 1992 3419 2072 occurraturpraesenti
3447 1992 3813 2053 necessitati
3840 2008 3975 2050 ven·

2447 2085 2649 2146 dentis
2678 2104 2956 2162 censum,
2992 2103 3116 2164 quo
3160 2085 3284 2146 fine
3313 2088 3620 2161 cessante,
3653 2084 3898 2144 inutilis
3923 2089 3977 2143 et

2447 2179 2667 2239 noxius
2697 2178 2815 2239 erit
2839 2178 2980 2240 talis
3008 2182 3386 2249 contractae„
3421 2182 3485 2239 et
3525 2178 3824 2257 iniquum
3876 2195 3977 2254 ap·

2445 2272 2877 2350 paretlumine
2905 2275 3147 2333 naturae
3177 2271 3347 2351 quod
3378 2271 3518 2350 quis
3534 2276 3810 2349 cogatur
3826 2268 3977 2330 redi·

2445 2368 2547 2427 tus
2573 2366 2816 2427 solvere
2845 2365 2980 2445 ejus
3006 2365 3289 2445 pecuniae
3319 2383 3511 2446 quam
3540 2364 3832 2426 nondum
3886 2382 3981 2423 ac-

2450 2458 2635 2536 cepit.
2688 2459 3127 2536 Respondetur
3181 2458 3262 2518 ad
3318 2457 3615 2518 eumdem
3668 2457 3870 2518 etiam
3918 2457 3980 2516 fi·

2450 2569 2594 2611 nem
2626 2550 3036 2611 subveniendi
3077 2551 3348 2629 propriae
3391 2550 3758 2611 necessitati
3803 2549 3981 2609 vendi

2452 2644 2871 2705 communiter
2885 2643 3143 2722 praedia,
3167 2644 3413 2718 domoS,
3438 2646 3504 2703 et
3530 2642 3682 2703 alias
3698 2661 3809 2702 res
3835 2642 3983 2702 fruc-

2451 2737 2689 2813 tiferaS,
2723 2754 2989 2816 quarum
3034 2741 3248 2798 tamen
3302 2735 3609 2797 fructibus
3647 2741 3833 2797 caret
3881 2736 3984 2796 ali-

2453 2830 2705 2910 quando
2761 2830 3052 2891 venditor
3107 2834 3251 2891 ante
3303 2832 3628 2908 receptum
3682 2829 3978 2907 pretium.

2454 2922 2612 2996 Quia
2639 2921 2934 2983 nimirum
2954 2922 3104 2984 utile
3134 2925 3227 2983 est
3274 2921 3329 2982 ei
3360 2921 3698 3000 aliquando
3761 2921 3986 2981 vende-

2454 3034 2544 3093 re,
2578 3020 2641 3077 et
2666 3033 2880 3077 carere
2927 3034 2995 3076 re
3050 3034 3162 3076 sua
3194 3033 3308 3093 pro
3362 3015 3566 3094 pretio
3612 3019 3843 3094 postea
3870 3014 3985 3077 sol-

2455 3109 2683 3185 vendo,
2717 3127 2861 3169 cum
2888 3112 3109 3188 postea
3127 3108 3394 3170 fortasse
3421 3126 3548 3168 non
3577 3108 3665 3169 ita
3693 3109 3884 3168 facile
3908 3108 3988 3167 in-

2456 3203 2667 3263 veniet
2691 3205 3060 3280 emptorem,
3110 3204 3175 3261 et
3193 3200 3535 3279 aliquando
3558 3218 3681 3262 non
3711 3201 3986 3280 indigeat

2454 3314 2621 3356 nunc
2651 3294 2938 3374 pecunia,
2970 3293 3081 3354 sed
3130 3293 3440 3372 indigebit
3477 3297 3620 3371 post
3639 3312 3904 3370 annum,
3932 3301 3985 3355 et

2456 3388 2606 3449 utile
2635 3388 2751 3468 ipsi
2781 3391 2876 3448 est
2902 3387 3136 3450 habere
3155 3387 3293 3466 ⁸jam
3323 3386 3476 3446 illud
3525 3385 3842 3446 creditum
3870 3405 3989 3446 eer-

2456 3485 2614 3557 tum,
2648 3485 2711 3542 et
2727 3480 3060 3561 pecuniam
3089 3484 3376 3558 paratam
3404 3498 3518 3558 pro
3547 3479 3762 3541 futura
3783 3498 3986 3541 neces-

2458 3575 2663 3651 sitate,
2711 3573 2881 3653 quod
2910 3573 3077 3639 idem
3122 3572 3435 3634 venditori
3482 3591 3706 3633 census
3753 3574 3987 3634 contin-

2459 3685 2608 3746 gere
2636 3672 2863 3747 potest.
2899 3659 3026 3726 Nec
3046 3666 3233 3728 solvit
3259 3665 3498 3726 reditus
3528 3665 3813 3744 pecuniae
3839 3684 3990 3727 non-

2462 3759 2614 3819 dum
2642 3762 2936 3837 acceptae,
2968 3758 3314 3819 formaliter
3336 3757 3673 3836 loquendo,
3705 3759 3819 3819 sed
3845 3776 3990 3818 ven-

2460 3853 2589 3914 dito
2635 3852 2963 3913 usufructu
3018 3850 3268 3930 partiali
3324 3851 3422 3910 sui
3476 3850 3695 3928 praedii
3753 3850 3818 3910 in
3872 3868 3988 3930 quo

2463 3964 2685 4007 census
2715 3950 2808 4006 est
2847 3945 3242 4018 constitutuS‚
3276 3942 3464 4003 solvit
3488 3942 3823 4021 pecuniam
3849 3961 3991 4022 pro-

2461 4039 2720 4099 missam
2746 4056 2861 4118 pro
2890 4040 3068 4116 parte
3096 4035 3434 4110 fructuum,
3467 4053 3608 4113 quae
3629 4036 3892 4113 emptori
3914 4035 3988 4096 ti·

2462 4131 2594 4194 tulo
2616 4129 2948 4209 emptionis
2994 4128 3124 4209 jam
3152 4128 3533 4189 debebatur:
3571 4129 3732 4189 sicut
3768 4129 3821 4188 si
3858 4127 3991 4188 aba·

2466 4243 2587 4303 que
2617 4224 2742 4284 ullo
2771 4241 2964 4284 censu
2993 4221 3454 4282 usumfructum
3479 4221 3576 4281 tui
3616 4220 3835 4300 praedii
3887 4223 3991 4282 Pe·

2465 4321 2562 4378 tro
2583 4315 2918 4377 vendidisti
2958 4316 3022 4375 in
3062 4313 3200 4391 eius
3254 4314 3452 4375 vitam
3505 4314 3702 4394 pretio
3762 4313 3990 4374 credito

2464 4413 2606 4488 post
2644 4427 2884 4470 annum
2937 4406 3261 4483 solvende,
3295 4411 3465 4468 certe
3521 4408 3764 4468 fructus
3809 4407 3989 4486 hujus

2468 4502 2613 4562 anni
2635 4504 2818 4563 Petro
2850 4501 3248 4577 deberentur,
3295 4499 3352 4560 si
3377 4518 3479 4561 res
3507 4500 3763 4562 vendita
3793 4501 3851 4561 ei
3876 4507 3990 4560 tra·

2468 4595 2600 4656 dita
2624 4594 2724 4656 sit.

2551 4685 2840 4751 Secundo
2871 4684 3195 4765 objiciunt,
3221 4685 3369 4764 quia
3409 4685 3460 4745 si
3503 4688 3704 4747 totum
3730 4685 3990 4765 pretium

2469 4800 2595 4843 non
2642 4778 2906 4840 solvitur
2949 4778 3026 4838 de
3074 4778 3390 4857 praesenti,
3451 4780 3670 4857 pensio
3713 4797 3840 4839 non
3884 4777 3993 4838 erit

2469 4872 2940 4953 proportionata
2969 4871 3189 4950 pretio,
3220 4889 3366 4931 cum
3391 4870 3639 4932 debitor
3673 4890 3796 4932 non
3822 4887 3992 4931 acce-

2467 4966 2651 5048 perit,
2685 4964 2803 5025 nisi
2831 4966 3013 5027 1000.
3048 4982 3296 5039 aureos,
3332 4966 3395 5024 et
3427 4962 3632 5025 solvat
3686 4966 3805 5024 hoc
3832 4979 3986 5023 anno

2470 5058 2835 5140 pensionem
2891 5057 3485 5135 correspondentem
3553 5057 3757 5118 aureis
3819 5057 3983 5117 1500.

2474 5170 2667 5233 quare
2695 5150 2904 5231 quoad
2933 5167 3257 5212 excessum
3286 5149 3405 5211 erit
3433 5149 3687 5228 injusta.
3722 5152 3987 5227 Respon-

2471 5246 2674 5320 detur,
2701 5243 2881 5321 ,idem
2910 5245 3352 5322 argumentum
3394 5241 3533 5302 fieri
3568 5259 3773 5320 posse,
3808 5257 3989 5320 quan-

2475 5338 2554 5399 do
2582 5336 2890 5417 praedium
2927 5335 3219 5396 venditur
3247 5337 3423 5396 1500.
3457 5334 3685 5410 aureis,
3740 5338 3804 5393 et
3850 5337 3986 5390 ante

2476 5434 2678 5493 totum
2706 5429 2976 5508 pretium
3019 5431 3347 5508 acceptum
3391 5425 3682 5487 venditor
3718 5424 3988 5505 privatur

2481 5523 2602 5588 hoc
2631 5541 2796 5586 anno
2825 5521 3151 5598 fructibus,
3203 5520 3311 5601 qui
3356 5517 3835 5599 correspondent
3873 5513 3986 5576 toti

4029 1810 4115 2042 ἥξω
