4263 6376
1170 334 1645 394 DISPUTATIO
1690 334 1991 409 XXXVII,
2042 334 2317 396 SECTIO
2364 334 2469 395 lx.

261 513 427 572 litiam
443 528 514 568 ex
528 508 868 586 pollutione
897 509 1324 587 futura,prout
1350 509 1502 570 dicit
1521 509 1751 570 Sanch.

261 606 348 665 lib.
380 604 473 664 lX.
506 602 584 661 de
605 607 788 663 matr.
825 602 983 681 disp.
1018 618 1336 663 nannum.
1369 606 1430 664 5.
1451 602 1540 663 sic
1567 602 1758 663 etiam

260 698 312 757 in
335 694 631 775 praesenti,
665 695 813 756 licet
841 695 992 754 illud
1049 695 1275 755 falsum
1331 695 1759 756 testimonium

260 790 325 850 sit
345 791 551 849 eontra
572 787 881 866 justitiam
930 788 1218 866 legalem,
1252 792 1315 848 et
1361 791 1580 847 contra
1610 787 1760 849 obe-

260 881 529 943 dientiam
559 899 682 959 qua
709 881 883 942 testis
913 881 1247 942 tenebatur
1274 880 1482 941 dicere
1537 881 1761 942 verita-

260 981 396 1045 tem3
429 980 786 1033 nontamen
836 974 1150 1056 contrahit
1178 973 1484 1034 malitiam
1542 978 1760 1034 contra

249 1066 529 1146 justitiam
559 1066 1068 1127 commutativam
1098 1084 1249 1144 erga
1278 1083 1420 1125 eum
1435 1064 1534 1126 eui
1563 1066 1759 1145 appli-

257 1159 432 1220 canda
458 1161 591 1218 erat
620 1177 806 1236 poena
838 1178 853 1230 ;
888 1158 1036 1238 quia
1095 1158 1194 1217 ille
1252 1176 1375 1218 nen
1419 1158 1610 1219 habet
1653 1160 1758 1237 jus

258 1270 362 1331 quo
389 1269 484 1310 me
517 1251 751 1329 obliget
778 1251 856 1311 ad
897 1250 1281 1312 removenda
1310 1251 1759 1329 impedimenta

255 1343 418 1405 etiam
444 1347 687 1403 remota
715 1343 806 1403 sui
830 1343 1006 1419 lucri,
1040 1343 1390 1421 praesertim
1420 1361 1563 1403 cum
1584 1348 1756 1405 tanto

253 1436 600 1496 detrimento
633 1435 755 1495 mei
785 1435 991 1510 amici,
1027 1453 1214 1515 quem
1254 1435 1392 1496 volo
1423 1434 1690 1495 liberare
1722 1454 1759 1496 a

253 1528 534 1589 solutione
563 1546 790 1606 poenae.
823 1529 1127 1588 Videatur
1162 1528 1330 1588 idern
1388 1528 1617 1589 Suneh.
1652 1528 1759 1588 ubi

253 1639 420 1699 supra
438 1639 498 1681 n.
534 1623 591 1681 8.
627 1623 761 1681 et9.
786 1621 892 1681 ubi
912 1621 1097 1682 docet
1123 1637 1376 1680 eausam
1428 1620 1615 1680 etiam
1652 1638 1759 1681 no·

249 1712 499 1774 labiliter
517 1716 580 1773 et
606 1731 721 1790 per
747 1731 812 1772 se
835 1713 1201 1773 influentem
1249 1713 1312 1772 in
1344 1713 1756 1791 pollutionem

251 1824 357 1865 non
379 1805 745 1866 contrahere
766 1806 901 1883 eJus
922 1805 1249 1881 malitiam,
1277 1804 1529 1883 quando
1557 1823 1752 1883 appo-

181 1973 185 1977 ·
250 1897 398 1958 nitur
422 1901 680 1976 propter
708 1898 1169 1972 necessitatem,
1203 1897 1302 1959 vel
1353 1897 1524 1958 aliud
1584 1898 1757 1957 dam·

249 2008 379 2049 num
399 1990 757 2062 vitandum;
783 1990 1010 2050 durum
1041 1989 1206 2050 enim
1234 1995 1401 2051 esset
1420 1990 1587 2069 quod
1613 2008 1758 2068 pro-

246 2081 323 2141 les
348 2081 650 2160 obligaret
678 2083 1225 2158 adsabstinendum
1255 2084 1389 2161 ejus
1419 2083 1644 2144 intuitu
1678 2083 1756 2142 ab

247 2175 364 2233 aliis
387 2176 893 2252 necessitatibus,
945 2176 1303 2236 etinsinuat
1355 2176 1418 2235 id
1472 2195 1605 2236 csse
1656 2194 1757 2235 ve·

245 2286 390 2344 rum,
418 2268 569 2328 dum
598 2287 673 2328 ea
704 2270 865 2329 actio
897 2269 977 2330 sit
1015 2273 1236 2347 suapte
1284 2272 1507 2329 natura
1562 2268 1751 2344 licita,

244 2360 373 2421 licet
395 2361 647 2421 aliunde
677 2366 842 2422 esset
870 2361 1120 2424 illicita:
1167 2378 1317 2438 ergo
1365 2361 1530 2420 licite
1578 2361 1755 2420 dare-

243 2472 366 2513 mus
392 2454 546 2514 illud
573 2454 797 2514 falsum
814 2454 1245 2516 testimonium
1274 2453 1634 2514 notabiliter
1662 2453 1757 2513 in-

243 2548 415 2606 fluere
443 2546 505 2605 in
538 2547 838 2607 damnum
869 2547 1052 2623 illius,
1086 2546 1184 2606 eui
1216 2564 1400 2624 poena
1439 2546 1758 2625 applican-

243 2639 312 2698 da
339 2643 469 2700 erat
502 2660 517 2711 ;
550 2640 604 2699 si
631 2644 841 2700 tamen
871 2640 1046 2701 testis
1075 2639 1228 2699 illud
1285 2639 1584 2699 damnum
1631 2658 1753 2699 non

239 2731 509 2807 intendit,
543 2751 665 2792 non
695 2737 942 2794 tenetur
971 2732 1287 2792 abstinere
1335 2732 1414 2792 ab
1463 2750 1536 2792 eo
1582 2733 1756 2793 testi-

239 2825 430 2884 monio
461 2826 688 2886 intuitu
719 2825 882 2885 illius
912 2825 1017 2904 qui
1062 2825 1386 2886 habiturus
1444 2829 1578 2886 erat
1628 2844 1756 2903 poe-

238 2925 492 2978 nannet
518 2917 665 2978 licet
711 2918 862 2977 illud
891 2918 1319 2978 testimonium
1371 2917 1450 2977 sit
1506 2917 1756 2977 aliunde

237 3007 502 3069 illicitum
528 3030 543 3083 ς
577 3010 696 3070 hoc
724 3014 932 3070 tamen
965 3029 1086 3069 non
1117 3009 1267 3070 facit
1295 3010 1446 3069 illud
1469 3010 1755 3071 illicitum

237 3107 439 3163 contra
470 3102 779 3181 justitiam
812 3102 1350 3178 commutativam,
1386 3102 1498 3162 sed
1528 3120 1600 3166 ex
1632 3103 1754 3164 alio

236 3195 424 3273 eapite
453 3201 676 3257 contra
704 3196 1127 3257 obedientiam
1163 3196 1417 3276 judici3‚
1453 3197 1622 3276 quod
1665 3202 1759 3260 est

231 3288 399 3348 valde
425 3307 543 3367 per
563 3288 856 3349 accidens
887 3290 965 3349 ad
999 3289 1117 3350 hoc
1155 3292 1221 3349 ut
1248 3289 1483 3367 obliget
1516 3308 1617 3349 me
1649 3291 1755 3370 jus

234 3380 408 3457 illius,
442 3383 626 3460 eujus
656 3381 1151 3443 emolumentum
1169 3382 1532 3461 impeditur.

302 3476 504 3551 Dices,
544 3474 694 3534 illud
725 3474 949 3535 falsum
977 3475 1407 3537 testimonium
1438 3493 1558 3535 non
1620 3493 1755 3536 esse

232 3567 534 3627 actionem
561 3586 637 3627 ex
665 3571 891 3628 natura
917 3586 1032 3628 sua
1066 3567 1322 3642 licitam,
1355 3567 1465 3627 sed
1510 3586 1758 3646 semper

227 3660 526 3721 illicitam.
553 3662 737 3739 Resp.
773 3678 886 3737 per
920 3660 1236 3721 actionem
1265 3679 1340 3719 ex
1384 3664 1615 3721 natura
1647 3679 1759 3720 sua

227 3752 454 3813 licitam
482 3753 743 3831 intelligi
794 3753 855 3811 in
906 3752 1220 3830 praesenti,
1261 3771 1401 3833 quae
1431 3753 1758 3814 ordinatur

227 3846 300 3905 ad
319 3846 511 3906 finem
541 3865 617 3905 ex
641 3864 707 3906 se
732 3845 1004 3917 licitum3
1041 3850 1108 3904 ut
1135 3844 1197 3904 in
1213 3845 1496 3923 exemplo
1528 3846 1751 3925 posite,

227 3939 272 3998 si
298 3939 524 4018 aliquis
550 3937 913 3999 comederet
941 3955 1163 3997 carnes
1194 3936 1501 3997 humanas
1529 3939 1758 4017 praevi-

225 4029 372 4091 dens
402 4031 812 4110 pollutionem
835 4048 910 4089 ex
940 4030 1043 4090 illo
1076 4029 1266 4090 nimio
1300 4031 1439 4090 cibo
1455 4031 1750 4104 futuram3

225 4141 339 4183 non
379 4128 678 4204 peccaret
703 4122 1051 4183 mortaliter
1080 4128 1296 4183 eontra
1356 4122 1750 4184 castitatem:

221 4214 360 4278 licet
387 4217 562 4277 enim
576 4217 683 4277 illa
706 4216 870 4278 actio
918 4233 1043 4276 non
1074 4220 1237 4276 esset
1265 4234 1342 4275 ex
1389 4219 1613 4277 natura
1642 4236 1755 4277 sua

221 4306 423 4382 licita3
471 4309 873 4371 ordinaretur
899 4313 1112 4370 tamen
1143 4308 1224 4368 ad
1249 4310 1440 4368 finem
1471 4327 1546 4369 ex
1575 4314 1757 4371 natu-

219 4419 285 4461 ra
375 4420 495 4462 sua
591 4401 830 4463 licitum
855 4448 870 4477 ,
970 4401 1208 4462 scilicet
1293 4401 1374 4460 ad
1474 4402 1755 4480 corporis

218 4495 739 4555 sustentationem
770 4515 782 4555 :
818 4493 970 4556 etin
1004 4494 1124 4554 hoe
1169 4513 1359 4553 sensu
1406 4495 1756 4573 appellatur

217 4604 370 4665 opus
394 4607 475 4647 ex
503 4593 730 4648 natura
756 4605 870 4647 sua
898 4586 1137 4647 licitum
1163 4586 1384 4646 audire
1413 4587 1752 4647 confessio-

218 4698 323 4740 nes
351 4699 503 4740 cum
532 4679 807 4759 periculo
838 4678 1196 4757 pollutionis
1221 4699 1236 4751 ;
1272 4679 1420 4758 quia
1468 4679 1614 4739 licet
1642 4697 1753 4739 au-

216 4772 345 4833 dire
378 4773 590 4851 turpia
617 4772 965 4833 secundum
989 4791 1055 4831 se
1105 4788 1228 4832 non
1259 4772 1338 4833 sit
1380 4772 1641 4850 licitum,
1675 4774 1748 4832 fl-

216 4866 308 4926 nis
332 4871 553 4927 tamen
583 4865 947 4926 absolvendi
978 4884 1014 4925 a
1062 4865 1334 4943 peccatis
1363 4870 1455 4927 est
1500 4865 1702 4926 licitus
1731 4886 1760 4937 ;.

216 4976 410 5038 quare
441 4959 591 5020 licet
633 4957 1050 5018 confessarius
1105 4957 1257 5018 alias
1312 4963 1602 5037 peccaret
1647 4977 1752 5018 au-

214 5051 448 5112 diendo
480 5050 939 5111 confessionem
981 5069 1056 5109 ex
1085 5068 1248 5110 vana
1289 5051 1509 5129 gloria,
1545 5052 1753 5111 adhuc

213 5163 337 5205 non
364 5148 664 5225 peccaret
690 5147 910 5204 contra
961 5144 1311 5204 castitatem
1341 5143 1653 5204 audiendo
1685 5144 1755 5204 il-

211 5237 335 5297 lam
382 5236 845 5297 confessionem
874 5254 1017 5295 cum
1072 5237 1347 5314 periculo
1395 5237 1754 5315 pollutionis

209 5330 676 5390 involuntariae.
737 5330 839 5391 Sic
884 5330 1075 5390 etiam
1122 5329 1182 5389 in
1242 5331 1554 5408 praesenti,
1608 5330 1753 5391 licet

208 5422 570 5484 testificatio
618 5422 754 5482 falsi
787 5440 910 5483 non
952 5422 1031 5483 sit
1085 5422 1247 5483 aetio
1294 5440 1368 5482 ex
1425 5442 1491 5483 se
1544 5423 1746 5496 licita;

210 5517 352 5577 finis
399 5520 620 5578 tamen
647 5514 951 5577 liberandi
999 5532 1177 5576 reum
1214 5534 1253 5576 a
1278 5516 1586 5577 solutione
1624 5534 1752 5596 poe·

3284 332 3399 391 713

1860 527 1977 586 nae,
2014 513 2106 570 est
2126 510 2366 589 aliquid
2393 509 2632 570 licitum
2650 514 2713 570 et
2738 508 2911 588 pium
2937 528 2950 569 ε
2986 506 3235 568 aliunde
3266 511 3400 568 tota

1861 602 2100 663 malitia
2129 603 2268 663 falsi
2296 602 2638 664 testimonii
2693 619 2817 663 non
2876 605 2971 662 cst
3024 619 3099 662 ex
3147 599 3397 681 justitia

1859 697 2329 773 commutativa,
2363 696 2474 756 sed
2503 699 2760 775 propter
2789 694 3072 756 debitum
3104 693 3398 754 obedien-

1858 789 1960 850 tiae
1991 792 2053 849 et
2064 788 2324 869 justitiae
2365 788 2604 866 legaliS,
2640 787 2809 868 quod
2869 805 2981 866 per
3010 786 3302 846 accidens
3331 804 3397 846 se

1860 881 2051 942 habet
2076 882 2158 942 ad
2181 881 2627 960 obligationem
2655 879 3045 941 restituendi.

1940 974 2211 1034 Infertur
2238 978 2482 1053 quarto,
2518 973 2668 1053 quid
2700 971 3040 1033 dicendum
3089 972 3170 1033 sit
3196 969 3275 1030 de
3306 970 3397 1050 ip-

1859 1085 1927 1128 so
1961 1085 2090 1143 ree,
2126 1086 2206 1126 an
2236 1065 2526 1144 negando
2573 1084 2752 1127 suam
2801 1065 3077 1144 culpam,
3111 1064 3215 1125 ubi
3247 1063 3396 1142 legi-

1857 1159 2007 1220 time
2037 1159 2479 1237 interrogatur,
2514 1159 2742 1220 debeat
2770 1158 3100 1219 restituere
3141 1175 3397 1236 poenam

1859 1251 1931 1311 iis
1961 1252 2187 1331 quibus
2218 1257 2381 1313 esset
2406 1251 2784 1330 applicanda
2799 1250 2847 1311 si
2866 1251 3085 1311 fuisset
3103 1249 3395 1310 condem-

1860 1350 2043 1406 natus
2070 1345 2100 1405 ?
2138 1345 2473 1406 Affirmant
2548 1347 2753 1421 SotuS,
2816 1343 3087 1417 Medma,
3149 1345 3213 1402 et
3291 1341 3395 1401 alii

1857 1437 2023 1516 apud
2057 1438 2235 1499 Salas
2265 1437 2431 1498 dicta
2452 1438 2612 1517 disp.
2646 1453 2749 1499 xv.
2785 1456 2846 1497 n.
2907 1439 3005 1497 98.
3057 1437 3272 1496 Castro
3321 1451 3388 1495 11.

1857 1529 1927 1590 de
1951 1530 2074 1610 leqe
2095 1529 2335 1611 poenali,
2370 1548 2425 1590 e.
2458 1546 2571 1591 xn.
2634 1533 2779 1590 ante
2833 1528 3087 1589 tertiam
3138 1527 3391 1588 conclu-

1860 1622 2123 1698 sionem,
2152 1622 2446 1683 Molinar.
2480 1626 2633 1683 tom.
2682 1620 2963 1702 dejustit.
3026 1619 3186 1698 disp.
3247 1636 3388 1681 xcv.

1857 1715 2022 1776 circa
2051 1716 2265 1791 finem,
2300 1719 2361 1775 et
2390 1715 2492 1774 alii
2549 1714 2950 1774 recentiores,
2987 1713 3395 1774 Communior

1855 1811 2067 1868 tamen
2098 1812 2162 1869 et
2203 1807 2410 1868 verior
2460 1807 2770 1868 sententia
2802 1811 3010 1885 negat,
3047 1824 3238 1885 quam
3287 1805 3395 1866 do-

1856 1904 1955 1961 cet
1983 1903 2297 1960 Navarrus
2326 1901 2387 1960 in
2419 1900 2698 1977 manuali,
2733 1918 2872 1978 cap.
2922 1915 3103 1960 xvm.
3166 1918 3226 1958 n.
3286 1901 3388 1960 49.

1855 1996 2143 2072 Vasquez
2174 1993 2342 2053 dicta
2371 1993 2603 2072 disput.
2643 2008 2854 2053 ctxxv.
2891 2010 2945 2055 c.
2980 2007 3048 2052 11.
3085 1991 3263 2052 Salas
3287 1991 3394 2051 ubi

1856 2105 2065 2164 snpra,
2100 2086 2294 2146 etalii
2323 2086 2524 2163 multi,
2561 2103 2718 2166 quos
2747 2087 2946 2149 affert.
2993 2088 3057 2145 et
3107 2083 3395 2162 sequitur

1858 2178 2142 2238 Sanchez
2175 2183 2325 2240 tom.
2361 2194 2403 2237 1.
2441 2178 2499 2237 in
2534 2177 2815 2258 Deculoq.
2855 2177 2964 2238 lib.
3026 2193 3095 2237 11.
3131 2195 3186 2237 e.
3236 2192 3388 2237 xxn.

1856 2288 2026 2330 num.
2061 2273 2159 2332 22.
2195 2275 2256 2330 et
2284 2270 2392 2332 lib.
2428 2288 2487 2331 x.
2519 2269 2591 2331 de
2616 2269 2875 2330 matrim.
2913 2268 3073 2347 disp.
3098 2284 3233 2329 v111.
3268 2287 3303 2327 a
3328 2287 3386 2329 n.

1856 2367 1951 2424 14.
1979 2366 2041 2423 et
2069 2382 2105 2421 a
2138 2363 2378 2424 fortiori
2410 2363 2726 2442 colligitur
2754 2381 2829 2422 ex
2861 2362 3043 2422 dictis
3072 2361 3151 2421 de
3185 2365 3342 2422 teste
3374 2379 3388 2422 ε

1853 2455 2060 2515 minus
2075 2456 2244 2514 enim
2263 2455 2366 2533 jus
2396 2455 2705 2516 habetille
2736 2455 2834 2515 cui
2867 2472 3057 2534 poena
3088 2457 3250 2514 esset
3280 2471 3395 2531 ap·

1854 2548 2147 2626 plicanda
2178 2548 2257 2607 ad
2307 2548 2714 2626 obligandum
2747 2566 2947 2622 reum,
2982 2565 3059 2607 ne
3112 2546 3265 2606 falso
3324 2563 3391 2605 se

1857 2641 2154 2715 excluset,
2208 2659 2395 2719 quam
2449 2641 2526 2700 ad
2577 2639 2985 2718 obligandum
3038 2642 3262 2700 testem
3314 2656 3390 2697 ne

1852 2734 2075 2793 falsum
2105 2734 2476 2795 testificetur
2506 2753 2522 2806 ;
2555 2752 2698 2794 cum
2729 2752 2879 2811 crgo
2910 2731 3083 2793 testis
3140 2749 3264 2792 non
3295 2735 3387 2791 te·

1856 2833 2078 2888 neatur
2103 2827 2435 2888 restituere
2466 2845 2741 2906 poenam,
2775 2831 2844 2888 ut
2883 2824 3189 2898 vidimus3
3225 2824 3388 2884 mul-

1854 2923 1918 2980 to
1948 2920 2153 2980 minus
2182 2919 2498 2981 tenebitur
2527 2939 2693 2980 reus.
2728 2919 3151 2980 Confirmatur
3180 2920 3390 2976 autem

1856 3030 1930 3071 ex
1967 3013 2167 3090 praxi,
2202 3017 2263 3073 et
2292 3031 2404 3072 usu
2437 3012 2716 3073 omnium
2745 3031 2759 3071 τ
2823 3027 3168 3089 numquam
3225 3007 3391 3068 enim

1856 3105 2140 3166 restituta
2170 3105 2287 3167 fuit
2313 3105 2454 3166 talis
2483 3123 2692 3184 poena.
2740 3103 3030 3183 Alioquin
3087 3102 3139 3162 si
3186 3103 3395 3161 essent

1856 3198 2046 3277 aliqui
2074 3198 2362 3259 ludentes
2392 3199 2539 3258 ludo
2572 3197 2909 3276 prohibite,
2944 3199 3007 3257 et
3034 3195 3394 3273 ingredien-

1854 3295 1914 3351 te
1961 3294 2251 3370 proetore,
2286 3296 2348 3353 et
2383 3309 2526 3352 cum
2556 3288 3010 3351 sufficientibus
3037 3287 3284 3349 indiciis
3303 3287 3393 3346 in-

1853 3388 2259 3462 terrogante3
2309 3385 2427 3464 ipsi
2462 3389 2673 3445 tamen
2705 3380 3158 3443 abscondentes
3203 3399 3394 3461 pecu-

1853 3477 2021 3536 niam
2051 3476 2353 3538 dixissent
2379 3492 2445 3538 se
2471 3477 2688 3537 ludere
2744 3474 3152 3536 recreationis
3190 3474 3393 3553 gratia

1855 3569 1933 3629 ad
1963 3570 2365 3647 coenandum,
2394 3569 2492 3630 vel
2523 3570 2601 3629 ad
2630 3568 3000 3637 bibendum,
3030 3571 3393 3629 tenerentur

1852 3665 2071 3741 postea
2127 3664 2455 3724 restituere
2509 3666 2707 3724 totam
2762 3661 3119 3740 pecuniam,
3155 3660 3216 3719 in
3266 3677 3392 3738 qna

1854 3754 2118 3815 fuissent
2144 3755 2444 3831 damnati,
2477 3755 2527 3815 si
2557 3754 2887 3815 veritatem
2935 3752 3202 3813 fuissent
3240 3769 3388 3811 con·

1856 3847 2022 3907 fessi.
2081 3849 2235 3908 Item
2292 3846 2753 3923 beneficiariuS,
2805 3845 2911 3924 qui
2969 3843 3224 3923 negavit
3278 3843 3392 3904 cri-

1854 3958 2021 4015 men,
2059 3940 2141 4000 ob
2172 3940 2341 4018 quod
2387 3939 2606 4000 fuisset
2660 3937 3005 4017 privandus
3061 3936 3387 4012 beneficia,

1858 4035 2181 4092 teneretur
2236 4037 2453 4110 postea
2508 4030 2883 4091 beneficium
2941 4029 3255 4109 deponere
3289 4046 3304 4092 :
3333 4031 3395 4089 et

1852 4131 2164 4185 mercator
2191 4126 2299 4204 qui
2330 4125 2624 4185 transfert
2644 4123 2884 4185 occulte
2915 4126 3167 4182 centum
3215 4121 3389 4181 mille

1851 4222 2027 4279 scuta
2047 4218 2109 4278 in
2141 4218 2309 4278 aliud
2339 4235 2625 4296 regnum,
2660 4220 2721 4277 et
2742 4215 3012 4295 juridice
3033 4214 3391 4293 interroga·

1852 4314 1952 4371 tus
1975 4314 2263 4389 negavit3
2298 4311 2616 4371 tenebitur
2670 4327 2792 4370 non
2825 4308 3027 4370 solum
3056 4307 3388 4368 restituere

1851 4402 2002 4462 fisco
2043 4403 2379 4481 gabellum,
2414 4404 2526 4463 sed
2583 4407 2780 4464 totam
2827 4401 2998 4462 illam
3046 4417 3383 4476 summam,

1854 4496 2001 4574 quia
2028 4496 2219 4557 totius
2240 4498 2555 4575 jacturam
2584 4496 2981 4556 incurrisset:
3016 4512 3156 4572 quae
3179 4493 3390 4554 omnia

1854 4588 2369 4666 suntdurissima,
2403 4593 2467 4650 et
2486 4588 2703 4650 eontra
2741 4604 2991 4649 omnem
3021 4586 3286 4666 praxim,
3322 4590 3390 4646 ut

1852 4684 2119 4741 constat.

1931 4772 2200 4834 Infertur
2228 4772 2467 4852 quinto,
2494 4774 2643 4853 qnid
2674 4771 3010 4833 dicendum
3039 4771 3120 4832 sit
3148 4770 3225 4831 de
3272 4770 3386 4832 ad-

1852 4870 2096 4941 vocate,
2131 4865 2236 4944 qui
2294 4866 2574 4928 defendit
2627 4866 2854 4945 injuste
2910 4882 3089 4924 reum
3147 4863 3383 4923 nullam

1851 4957 2191 5019 habentem
2238 4958 2583 5035 legitimam
2639 4956 3126 5031 exeusationem,
3188 4960 3251 5016 et
3304 4954 3384 5015 ob

3536 4790 3641 4848 111

3488 4913 3592 4966 Quid
3624 4914 3675 4956 de

3454 5021 3464 5031 ·
3488 4969 3683 5027 advocato

3451 5027 3603 5073 insuete
3621 5034 3714 5064 eum

1853 5049 2161 5130 ejusmodi
2194 5052 2612 5129 patrocinium
2667 5070 2811 5111 reus
2842 5068 2966 5110 non
3023 5048 3378 5123 damnatur,
3449 5075 3710 5119 ammom,

1852 5161 1966 5203 nec
2020 5143 2207 5205 solvit
2278 5163 2552 5222 pennam,
2604 5162 2795 5224 quam
2858 5143 3014 5205 alias
3067 5141 3336 5202 solveret
3356 5141 3387 5201 ?

1851 5237 2318 5315 Consequenter
2339 5237 2506 5296 enim
2540 5236 2879 5297 dicendum
2909 5239 3023 5312 est,
3056 5253 3173 5295 nec
3217 5235 3384 5294 hunc

1849 5330 2050 5390 teneri
2077 5329 2157 5389 ad
2211 5330 2666 5391 restituendum
2695 5330 2845 5390 fisco
2877 5329 3047 5389 illam
3103 5346 3378 5406 poenam.

1853 5422 2009 5496 Quia
2026 5423 2233 5483 minus
2260 5427 2510 5485 tenetur
2538 5440 2727 5501 quam
2755 5422 2952 5498 testis,
3005 5439 3149 5480 nam
3208 5421 3383 5482 testis

1851 5516 1983 5595 agit
2009 5517 2247 5578 bouum
2267 5533 2600 5578 commune
2632 5514 2881 5595 utrique
2910 5513 3167 5594 parti,et
3184 5515 3379 5576 addu-
