4263 6376
1115 408 1589 470 DISPUTATIO
1634 408 1879 484 XXXV,
1929 408 2204 469 SECTIO
2248 409 2349 468 lv.

178 607 497 668 scoporum,
530 589 637 669 qui
665 606 701 649 a
728 606 877 666 rege
906 586 1218 666 Hispaniae
1236 604 1309 645 ex
1323 584 1673 665 jurepatro-

178 687 335 744 natus
360 685 845 762 praesentantur,
894 680 1003 760 qui
1031 684 1243 741 tamen
1271 678 1672 758 quamplures

177 776 539 853 episcopatus
584 777 923 853 praesentat
970 775 1201 850 praeter
1247 774 1667 849 patronatum,

176 885 340 948 quem
365 885 434 926 ex
463 867 771 944 maJ'orum
788 864 1152 925 fundatione
1183 862 1393 924 habet.
1427 861 1671 940 Ageba-

176 966 265 1023 tur
286 977 424 1038 ergo
452 959 534 1019 ibi
563 959 643 1019 de
673 958 747 1019 iis
776 956 965 1019 etiam
994 956 1099 1036 qui
1121 959 1576 1036 praesentantur
1591 954 1669 1014 ab

176 1052 514 1113 habentibus
536 1049 642 1130 jus
670 1053 1037 1130 patronatus
1056 1067 1133 1110 ex
1152 1048 1516 1110 fundatione
1531 1065 1670 1108 suo-

175 1163 295 1205 rum
317 1145 645 1224 majorum.

243 1238 403 1298 Ratio
430 1236 698 1317 denique
729 1253 767 1296 a
793 1235 987 1315 priori
1013 1251 1127 1314 pro
1144 1232 1540 1295 conclusione
1570 1250 1669 1292 su-

174 1330 339 1392 mitur
361 1349 432 1390 ex
458 1347 649 1409 supra
670 1328 853 1391 dictis
877 1332 1029 1389 sect.
1064 1343 1134 1389 11.
1164 1327 1310 1406 quia
1337 1324 1667 1405 providere

172 1423 425 1483 fidelibus
451 1422 650 1484 bonos
679 1427 959 1501 pastores
983 1466 1001 1497 ,
1034 1420 1142 1500 qui
1183 1436 1402 1480 eorum
1448 1435 1665 1478 curam

171 1515 521 1593 spiritualem
549 1514 807 1590 habent,
840 1516 935 1574 est
952 1513 1113 1574 adeo
1142 1511 1563 1573 necessarium
1584 1510 1663 1570 ad

169 1608 452 1684 spirituale
480 1607 774 1668 Ecclesiae
801 1607 1037 1668 bonum
1060 1652 1076 1682 ,
1109 1609 1180 1667 ut
1207 1605 1285 1665 de
1305 1605 1450 1684 jure
1478 1606 1662 1665 natu-

168 1719 240 1761 rae
264 1699 525 1762 Ecclesia
552 1699 715 1760 hanc
743 1697 1193 1777 obligationem
1226 1696 1458 1758 habeat
1479 1740 1495 1771 ,
1547 1713 1662 1756 nec

169 1797 341 1871 potest
382 1792 513 1871 ipsa
553 1810 623 1852 se
666 1791 747 1852 ab
804 1790 922 1851 hac
976 1807 1128 1851 cura
1173 1790 1447 1850 eximere
1469 1834 1485 1865 ,
1547 1805 1663 1848 nec

166 1888 342 1964 potest
363 1885 516 1946 alius
546 1902 689 1945 eam
718 1884 797 1944 ab
823 1883 942 1944 hac
963 1882 1340 1960 obligatione
1369 1880 1656 1958 liberare,

166 1979 289 2057 quia
314 1995 383 2039 eo
410 1978 544 2057 ipso
589 1977 760 2057 quod
790 1995 1071 2038 summus
1097 1975 1378 2038 Pontifex
1425 1978 1520 2035 est
1548 1991 1661 2053 pa-

165 2076 274 2133 stor
312 2071 587 2133 omnium
630 2069 908 2131 fidelium
932 2115 948 2146 ,
1016 2068 1206 2130 debet
1251 2083 1357 2129 eos
1402 2082 1661 2147 pascere

164 2163 356 2224 mediis
391 2161 759 2224 necessariis
788 2161 867 2222 ad
895 2178 1113 2223 eorum
1141 2161 1429 2222 salutem.
1465 2159 1529 2220 Si
1561 2177 1660 2219 er-

161 2274 228 2332 go
252 2254 514 2315 medium
544 2253 968 2315 necessarium
998 2257 1093 2314 est
1134 2252 1303 2332 quod
1349 2251 1575 2313 dentur
1602 2250 1662 2311 ei

164 2352 411 2425 pastores
455 2347 680 2427 optimi
722 2350 786 2408 et
829 2345 1218 2425 dignissimi,
1278 2362 1402 2405 non
1457 2348 1663 2422 potest

160 2440 292 2501 alius
316 2440 514 2501 facere
535 2439 708 2520 quod
729 2438 1013 2500 Pontifex
1036 2437 1201 2499 hanc
1216 2437 1661 2515 obligationem

162 2551 263 2593 non
291 2533 552 2608 babeat,
614 2537 679 2594 et
716 2550 832 2612 per
858 2548 1248 2610 consequens
1275 2549 1401 2591 non
1431 2528 1662 2609 poterit

158 2625 468 2700 fundand0,
503 2627 613 2686 aut
641 2622 936 2685 donando
969 2623 1297 2684 ecclesiam
1328 2626 1439 2684 aut
1466 2620 1660 2681 bene-

157 2719 295 2794 ficia,
324 2717 524 2778 facere
544 2762 561 2793 ,
625 2715 795 2795 quod
823 2715 1096 2776 sufficiat
1123 2718 1407 2794 pastores
1435 2714 1660 2792 dignos

157 2810 358 2889 eligere
413 2830 428 2871 :
487 2827 640 2870 nam
668 2809 788 2869 illis
831 2808 982 2887 ipsis
1010 2807 1301 2868 fidelibus
1327 2806 1661 2868 tenebatur

156 2903 408 2965 Pontifex
434 2907 719 2981 pastores
747 2901 1015 2979 optimos
1035 2899 1390 2980 providere,
1415 2897 1659 2959 etiamsi

153 2996 241 3055 ille
261 2995 446 3057 laicus
459 2994 839 3057 beneficium
862 2994 986 3055 tale
1007 3011 1130 3055 non
1153 2991 1469 3052 fundaret.
1495 2991 1662 3052 Alio-

156 3088 284 3167 quin
309 3089 650 3168 imperator
664 3086 1108 3148 Constantinus
1122 3084 1443 3146 fundando
1465 3089 1528 3146 et
1551 3083 1658 3145 do-

156 3181 319 3242 tando
360 3200 578 3243 omnes
624 3179 1020 3259 episcopatus
1064 3175 1369 3257 potuisset
1412 3175 1658 3238 auferre

154 3292 185 3335 a
207 3280 326 3337 tota
350 3273 630 3337 Ecclesia
649 3271 1098 3351 obligationem
1118 3269 1488 3349 providendi
1503 3268 1660 3350 opti-

153 3387 299 3446 mos,
341 3368 506 3449 quod
553 3367 621 3427 in
666 3365 1010 3426 maximum
1057 3362 1338 3443 ejusdem
1366 3363 1658 3424 Ecclesiae

152 3461 423 3523 damnum
452 3459 893 3522 redundasset.
954 3457 1172 3520 Solum
1218 3473 1367 3535 ergo
1398 3459 1661 3535 possunt

151 3573 215 3614 ex
263 3553 659 3617 concessione
724 3550 1007 3632 ejusdem
1063 3549 1355 3611 Ecclesiae
1410 3548 1659 3628 patroni

151 3654 379 3727 propter
422 3645 801 3707 beneficium
829 3643 1210 3705 fundationis
1239 3641 1523 3720 accipere
1554 3640 1659 3721 jus

151 3740 542 3818 praesentandi
575 3738 931 3819 digniores,
991 3736 1155 3797 sicut
1197 3735 1336 3815 ipsa
1379 3734 1657 3795 Ecclesia

150 3839 370 3913 poterat
396 3852 504 3896 eos
534 3831 790 3911 eligere.

218 3930 333 3988 Nec
372 3928 583 3989 obstat
608 3924 888 3986 Trident.
931 3941 1084 3985 sess.
1115 3938 1286 3986 xxm.
1318 3940 1372 3983 c.
1411 3923 1506 3983 18.
1549 3920 1658 3982 ubi

150 4022 438 4098 parochus
465 4038 507 4080 a
534 4022 800 4097 patrono
842 4016 1002 4078 laico
1048 4016 1462 4095 praesentatus
1503 4014 1661 4075 dici-

148 4118 236 4174 tur
259 4132 376 4176 non
398 4110 852 4186 admittendus,
884 4109 1004 4170 nisi
1022 4109 1286 4171 idoneus
1314 4107 1661 4187 reperiatur

149 4210 201 4267 et
223 4226 328 4286 per
354 4222 749 4285 consequens
763 4203 1027 4283 supponi
1045 4202 1314 4278 videtur,
1334 4200 1502 4280 quod
1534 4218 1659 4261 non

149 4299 352 4362 debeat
373 4298 742 4379 praesentari
766 4295 1189 4375 dignissimus,
1204 4294 1315 4355 sed
1343 4293 1571 4373 dignus
1598 4298 1663 4355 et

148 4392 404 4454 idoneus.
465 4389 906 4470 Respondetur
958 4388 1126 4450 enim
1180 4385 1522 4449 Concilium
1573 4386 1661 4446 ibi

151 4503 253 4545 uon
282 4485 604 4549 intendere
645 4483 914 4544 liberare
959 4485 1259 4561 patronos
1298 4480 1379 4541 ab
1420 4476 1660 4557 obliga-

151 4576 294 4638 tione
320 4576 595 4657 eligendi
633 4575 986 4655 digniores,
1029 4590 1169 4652 quae
1210 4575 1346 4633 erat
1389 4573 1469 4633 de
1515 4572 1659 4652 jure

151 4679 385 4746 naturae,
445 4679 519 4732 ut
570 4668 865 4743 vidimuS,
918 4666 1026 4727 sed
1083 4667 1285 4726 solum
1337 4682 1660 4725 reservare

151 4764 323 4822 lotum
377 4763 501 4824 hoc
547 4760 859 4840 judicium
927 4758 1005 4819 de
1077 4756 1301 4837 majori
1356 4757 1659 4836 dignitate

153 4854 277 4931 ipsis
322 4855 611 4935 patronis
666 4853 745 4915 ob
791 4852 1058 4931 gratiam
1087 4849 1469 4930 fundationis
1492 4864 1659 4930 μνω-

153 4946 431 5010 cedentem.
467 4945 774 5009 Similiter
800 4945 968 5004 enim
1005 4943 1411 5005 confirmatur
1439 4961 1476 5003 a
1503 4945 1660 5004 Pon—

153 5039 288 5101 zifice
314 5041 645 5119 episcopus
674 5040 1083 5118 praesentatus
1112 5054 1149 5098 a
1177 5053 1325 5116 rege
1368 5039 1655 5115 patrono,

155 5134 364 5211 {uoties
420 5132 652 5212 dignus
705 5130 1021 5191 invenitur
1077 5148 1091 5190 ε
1152 5132 1216 5189 et
1251 5133 1462 5189 tamen
1490 5127 1659 5189 idem

155 5225 470 5286 loncilium
526 5223 734 5285 verbis
788 5240 979 5302 supra
1030 5221 1242 5283 relatis
1280 5224 1662 5300 protestatur

155 5335 304 5395 reges
331 5319 565 5378 debere
592 5316 709 5378 sub
736 5319 994 5396 peccato
1022 5314 1267 5376 mortali
1297 5331 1657 5393 procurare,

156 5415 203 5471 ιι
224 5411 464 5472 nonnisi
493 5409 713 5490 optimi
741 5413 804 5471 et
830 5407 1179 5487 dignissimi
1207 5409 1665 5487 praesententur

157 5507 196 5563 et
219 5504 550 5583 eligantur.
610 5505 747 5564 Non
793 5520 945 5580 ergo
982 5500 1200 5581 abjicit
1226 5519 1263 5560 a
1292 5517 1357 5561 se
1387 5500 1667 5562 Ecclesia

157 5595 572 5675 ›bligationem
599 5594 1017 5659 constituendi
1037 5593 1436 5672 dignissimos
1456 5597 1667 5672 pasto-

3197 407 3315 466 583

1775 603 1877 646 res
1903 629 1919 660 ,
1976 585 2087 647 sed
2131 602 2349 646 curam
2385 583 2549 645 hanc
2576 583 2873 645 transfert
2899 583 2960 643 in
2990 582 3315 644 conscien-

1772 677 1925 739 tiam
1955 681 2019 738 et
2043 677 2444 757 prudentiam
2472 695 2693 756 regum
2718 721 2736 752 ,
2785 676 2947 737 sicut
2971 675 3120 736 alibi
3147 676 3311 735 banc

1771 788 1986 831 curam
2017 770 2421 832 demandavit
2447 769 2752 848 capitulo:
2778 767 2926 848 quia
2955 787 3077 829 non
3108 771 3315 847 potest

1770 862 1903 941 isse
1933 863 2216 924 Pontifex
2246 881 2358 941 per
2385 880 2451 922 se
2479 862 2683 940 ipsum
2712 879 2992 940 quaerere
3022 859 3313 939 dignissi-

1769 974 1907 1017 mos
1933 974 2046 1036 pro
2077 960 2206 1017 toto
2236 956 2388 1016 orbe
2413 1001 2430 1031 ,
2464 960 2527 1017 et
2553 955 2696 1016 ideo
2728 972 2945 1015 curam
2972 953 3138 1015 hanc
3165 971 3311 1033 par-

1767 1047 1920 1108 titur
1944 1047 2082 1109 aliis
2110 1049 2189 1109 de
2211 1065 2478 1129 quorum
2508 1047 2841 1127 prudentia
2865 1050 2929 1109 et
2953 1045 3084 1106 zelo
3114 1045 3309 1107 fidere

1768 1143 2011 1219 potest,
2063 1141 2281 1220 quales
2325 1144 2471 1203 sunt
2508 1140 2820 1219 principes
2847 1138 3170 1200 christiani
3199 1137 3309 1219 qui

1768 1251 1882 1293 sua
1909 1233 2142 1312 pietate
2171 1238 2233 1295 et
2258 1234 2628 1295 liberalitate
2659 1231 2953 1293 ecclesias
2980 1232 3146 1310 ipsas
3173 1232 3309 1292 fun·

1767 1324 2029 1402 darunt,
2088 1332 2154 1389 et
2198 1327 2276 1388 de
2322 1345 2592 1407 quorum
2647 1326 2778 1387 zelo
2834 1342 2985 1404 erga
3024 1323 3307 1386 subditos

1766 1419 2108 1497 prudenter
2136 1419 2330 1482 fidere
2363 1425 2602 1499 potest,
2640 1418 2809 1498 quod
2839 1421 3132 1496 poterunt
3159 1436 3304 1497 pru-

1764 1511 1988 1573 denter
2040 1517 2104 1574 et
2156 1512 2398 1574 facilius
2458 1513 2727 1591 optimos
2786 1528 3068 1590 quosque
3110 1529 3302 1589 agno-

1764 1620 1959 1681 scere,
1993 1605 2220 1684 quibus
2248 1604 2542 1666 ecclesias
2570 1623 2612 1665 a
2637 1603 2764 1665 suis
2791 1602 3135 1684 maj0ribus
3161 1603 3304 1664 fun-

1763 1695 1942 1757 datas
1970 1697 2366 1760 distribuant.

1841 1790 2000 1851 Hinc
2027 1788 2264 1865 infero,
2324 1791 2673 1852 doctrinam
2719 1790 2885 1851 hanc
2929 1807 3056 1852 non
3097 1789 3299 1851 solum
3446 1794 3524 1852 44

1760 1899 1975 1944 veram
2005 1901 2140 1944 esse
2170 1882 2247 1943 de
2276 1888 2539 1961 patrono
2567 1900 2945 1959 successore,
2969 1882 3081 1944 sed
3110 1881 3296 1944 etiam
3401 1917 3507 1971 Quid
3539 1918 3592 1961 de

1762 1975 1840 2036 de
1871 1976 2073 2054 primo
2102 1975 2455 2037 institutore
2483 1975 2808 2052 beneficii,
2861 1976 2970 2056 qui
3013 1992 3129 2035 nec
3165 1974 3299 2055 ipse
3348 1970 3644 2070 iff‘ssgnussndgn

1758 2068 1989 2148 poterit
2015 2069 2246 2148 eligere
2274 2069 2483 2129 minus
2509 2068 2733 2147 dignos
2766 2069 2848 2129 ad
2877 2069 3295 2147 episcopatus,

1756 2161 1857 2222 vel
1885 2161 2007 2223 alia
2034 2161 2338 2223 beneficia
2364 2161 2894 2224 habentiacuram
2911 2162 3293 2235 animarum;

1758 2254 1821 2314 in
1852 2254 1985 2334 ipso
2014 2255 2183 2315 enim
2210 2254 2437 2316 militat
2463 2255 2685 2315 eadem
2712 2254 2895 2316 rati0.
2958 2256 3115 2314 Nam
3153 2254 3300 2315 licet

1759 2347 1894 2425 ipse
1922 2347 2120 2427 possit
2146 2347 2224 2408 de
2254 2346 2436 2409 bonis
2464 2347 2593 2409 suis
2618 2347 2815 2408 libere
2845 2347 3200 2425 disponere,
3235 2349 3299 2407 et

1720 2507 1725 2510 ψ
1761 2441 1910 2500 dare
1940 2440 2023 2500 illi
2053 2440 2153 2500 cui
2181 2440 2485 2516 voluerit,
2528 2445 2591 2502 et
2618 2458 2743 2501 non
2783 2439 3104 2500 instituere
3143 2437 3298 2499 illud

1757 2531 2167 2607 beneficium
2202 2551 2325 2593 non
2354 2536 2564 2594 tamen
2586 2536 2790 2611 potest
2808 2531 3111 2610 impedire
3128 2531 3298 2611 quod

1758 2625 2034 2687 Ecclesia
2067 2624 2297 2686 debeat
2324 2625 2451 2686 suis
2479 2624 2701 2686 ovibus
2729 2624 3059 2703 providere
3088 2627 3299 2703 pasto-

1757 2737 1859 2780 res
1888 2718 2192 2797 optimoe,
2246 2736 2404 2797 quos
2452 2717 2571 2778 illis
2611 2718 2849 2778 eisdem
2893 2716 3115 2779 ovibus
3142 2716 3295 2777 dare

1757 2811 2119 2887 tenebatur,
2156 2810 2345 2872 ctiam
2375 2812 2615 2871 seclusa
2643 2809 3031 2871 institutione
3060 2807 3298 2869 benefi-

1759 2903 1838 2964 cii
1872 2923 1885 2964 :
1920 2920 2115 2982 quare
2148 2902 2294 2963 huic
2324 2901 2692 2980 obligationi
2733 2919 2854 2963 non
2886 2904 3094 2981 potest
3119 2900 3297 2962 insti-

1757 2999 1927 3058 tutor
1953 2995 2367 3076 praejudicare
2412 3013 2528 3055 nec
2571 2994 2741 3054 illam
2782 3012 2896 3054 sua
2923 2994 3296 3056 liberalitate

1757 3094 1867 3151 aut
1918 3088 2238 3150 dotatione
2292 3087 2624 3164 redimere,
2682 3086 2794 3147 sed
2839 3087 3040 3148 solum
3094 3090 3301 3166 potest

1757 3180 2101 3262 promereri
2159 3180 2328 3261 quod
2358 3180 2638 3243 Ecclesia
2679 3180 3030 3243 committat
3055 3179 3145 3240 illi
3172 3179 3299 3240 ele-

1758 3277 2029 3338 ctionem
2072 3274 2375 3354 dignioris
2422 3292 2612 3353 quam
2643 3274 2923 3336 Pontifex
2955 3290 3068 3351 per
3102 3289 3170 3333 se
3198 3272 3297 3333 vel

1759 3389 1872 3449 per
1898 3370 2052 3429 alios
2080 3369 2307 3448 exequi
2335 3368 2688 3429 tenebatur.

1836 3466 1928 3525 Ex
1948 3463 2065 3523 hoc
2090 3466 2305 3523 tamen
2334 3461 2532 3523 oritur
2550 3461 2884 3523 difficultas
2914 3460 3081 3522 circa
3107 3460 3294 3521 bene-

1757 3556 1895 3617 ficia
1926 3553 2273 3632 simplicia,
2308 3554 2475 3633 quod
2510 3572 2713 3633 neque
2742 3554 2806 3613 in
2837 3553 2933 3614 his
2959 3553 3157 3633 possit
3182 3570 3295 3631 pa-
3370 3595 3475 3649 Ouid
3503 3596 3614 3642 dm

1756 3654 1974 3711 tronus
1999 3646 2232 3724 laicus,
2266 3665 2470 3727 neque
2498 3647 2630 3724 ipse
2659 3647 2947 3708 beneficii
2977 3646 3296 3707 institutor
3390 3653 3589 3751 Ἢ

1757 3743 2162 3821 praesentare,
2195 3740 2415 3801 saltem
2444 3739 2880 3816 communiter,
2912 3738 3030 3798 nisi
3057 3736 3297 3816 dignio·
3384 3717 3490 3761 ΜΨ
3590 3740 3601 3751 ’
3648 3754 3654 3765 ·

1757 3852 1914 3895 rem.
1979 3833 2137 3907 Quia
2164 3833 2442 3894 Ecclesia
2469 3833 2547 3892 de
2574 3850 2640 3898 se
2669 3832 2861 3893 habet
2904 3832 3093 3893 talem
3138 3830 3296 3891 obli-

1756 3928 2097 4007 gationem,
2131 3930 2201 3987 ut
2228 3944 2417 4006 supra
2444 3925 2746 4001 vidimus,
2778 3928 3038 4004 propter
3064 3941 3298 4003 magna

1758 4018 2263 4081 inmnvenientia
2287 4020 2349 4079 et
2376 4018 2773 4078 incommoda
2804 4034 2944 4096 quoe
2963 4033 3295 4095 sequeren—

1758 4116 1881 4188 tur,
1914 4112 1966 4171 si
1993 4111 2227 4191 passim
2263 4117 2327 4173 et
2354 4111 2486 4171 sine
2516 4109 2761 4172 delectu
2788 4110 3107 4190 digniores
3135 4126 3297 4188 prae-

1758 4204 2274 4267 termitterentur.
2307 4206 2454 4265 Haec
2480 4207 2691 4265 autem
2720 4202 3118 4264 incommoda
3147 4220 3298 4264 con-

1761 4301 2129 4377 sequuntur,
2184 4297 2330 4358 licet
2382 4315 2456 4357 ex
2502 4300 2910 4376 patronorum
2955 4299 3298 4375 praesenta-

1759 4390 1930 4453 tione
1958 4389 2215 4462 dentum
2268 4408 2418 4468 ergo
2456 4408 2579 4450 non
2610 4393 2814 4467 potest
2843 4389 3158 4451 institutor
3186 4407 3298 4449 au-

1754 4484 1917 4544 ferre
1947 4482 2110 4542 hanc
2140 4481 2589 4561 obligationem
2618 4500 2765 4542 cum
2793 4485 2971 4544 tanto
3000 4481 3298 4543 Ecclesiae

1759 4574 2147 4656 praejudiciO.
2173 4577 2305 4635 Hoc
2330 4578 2541 4636 autem
2570 4574 2798 4635 durum
2826 4575 3094 4651 videtur,
3128 4573 3298 4653 quod

1760 4668 2076 4730 institutor
2104 4667 2467 4745 capellaniae
2516 4685 2641 4728 non
2684 4668 2882 4745 possit
2910 4685 3050 4727 eam
3094 4666 3296 4745 primo

1757 4762 1896 4821 loco
1929 4760 2251 4821 instituere
2281 4777 2394 4838 pro
2423 4759 2632 4839 aliquo
2663 4763 2892 4839 nepote
2922 4778 3060 4836 suu,
3094 4758 3143 4819 si
3175 4758 3301 4818 sint

1761 4852 1869 4914 alii
1894 4851 2100 4914 clerici
2129 4853 2332 4930 magis
2360 4852 2529 4931 digni
2567 4871 2581 4912 ε
2614 4851 2783 4931 quod
2811 4852 2958 4913 licet
2982 4852 3061 4912 de
3090 4855 3302 4930 patro-

1763 4964 1844 5008 no
1874 4945 2069 5024 aliqui
2097 4945 2479 5018 concedant;
2538 4946 2618 5005 de
2665 4945 2798 5024 ipso
2841 4949 3050 5006 tamen
3096 4943 3299 5023 primo

1763 5038 2118 5100 institutore
2150 5040 2334 5098 nemo
2365 5038 2658 5098 affirmat.
2718 5036 2987 5098 Aliunde
3033 5053 3214 5112 vero,
3248 5035 3301 5096 si

1763 5130 1885 5192 hoc
1931 5130 2127 5190 semel
2168 5130 2529 5192 conceditur
2568 5130 2632 5189 in
2675 5128 2979 5190 beneficio
3009 5128 3297 5207 simplici,

1764 5222 2047 5302 seqnitur
2074 5222 2244 5302 quod
2272 5224 2466 5302 possit
2492 5222 2715 5302 aliquis
2743 5221 3063 5282 instituere
3092 5225 3155 5283 et
3194 5221 3302 5282 do·
3389 5296 3398 5304 ‚

1764 5320 1903 5378 tare
1933 5333 2151 5377 omnes
2179 5313 2583 5377 canonicatus
2613 5320 2675 5377 et
2701 5313 3072 5394 praebendas
3100 5316 3300 5375 eccle·

1768 5409 1875 5470 siae
1921 5409 2320 5485 cathedralis,
2352 5412 2668 5470 reservato
2699 5411 3032 5487 patronatu
3080 5411 3142 5469 et
3161 5407 3303 5486 jure

1768 5502 2194 5582 praesentandi
2250 5502 2402 5578 sibi,
2453 5506 2516 5561 et
2559 5501 2689 5561 suis
2735 5500 3198 5561 successoribus
3239 5501 3304 5561 in

1765 5598 2180 5675 perpetuum,
2218 5594 2324 5675 qui
2354 5594 2407 5655 si
2434 5596 2696 5673 possunt
2724 5611 2838 5672 pro
2869 5592 3044 5654 libito
3075 5592 3305 5676 eligere

3436 3475 3583 3533 45·
