4263 6376
1147 290 1618 351 DISPUTATIO
1664 289 1879 363 xxw,
1933 289 2210 348 SECTIO
2258 290 2329 348 V.

191 468 478 532 mixtionis
507 467 920 546 pronibuisse,
953 468 1064 528 sed
1095 472 1266 528 taxat
1291 467 1560 545 pretium
1590 466 1696 527 tri-

191 565 278 625 tici
340 561 679 622 secundum
736 580 880 621 eum
951 565 1182 622 statum
1239 564 1301 621 et
1353 560 1697 621 bonitatem

191 674 358 737 quam
387 655 616 714 habere
647 653 803 715 solet
830 653 1082 732 quando
1113 674 1188 713 ex
1217 672 1363 713 area
1390 655 1645 713 affertur
1679 671 1693 714 z

190 752 339 829 quod
367 765 512 808 vero
543 764 687 806 eum
717 751 946 806 statum
993 765 1068 805 ex
1097 765 1163 806 se
1193 746 1444 821 habeat,
1496 745 1592 806 vel
1623 764 1699 805 ex

193 841 488 911 industria,
535 857 660 899 non
690 839 891 899 variat
925 844 1159 900 statum
1189 839 1295 898 sed
1330 839 1527 899 solam
1556 857 1699 899 cau-

192 955 309 995 sam
335 933 765 1005 extrinsecam,
820 931 897 991 de
929 950 1052 1011 qua
1082 932 1179 991 lex
1211 950 1430 992 curare
1463 950 1585 993 non
1617 931 1703 991 vi-

195 1030 375 1089 detur.
406 1026 560 1086 Hinc

263 1121 448 1182 Insero
502 1117 731 1196 primo,
794 1118 1048 1197 quando
1105 1119 1376 1197 pretium
1435 1136 1559 1178 non
1608 1120 1703 1179 est

196 1216 316 1293 lege
340 1217 637 1286 taxatum,
673 1210 1029 1271 mistionem
1060 1211 1249 1272 etiam
1288 1211 1566 1272 materia:
1597 1229 1701 1290 pe-

198 1306 438 1386 regrinae
494 1322 618 1364 non
675 1322 925 1381 nocere,
1002 1323 1117 1364 nec
1173 1304 1476 1382 impedire
1533 1301 1703 1382 quod

198 1419 500 1462 commune
533 1399 808 1478 pretium
836 1417 950 1477 pro
981 1418 1049 1459 rc
1080 1398 1185 1459 illa
1227 1398 1591 1476 accipiatur,
1652 1395 1703 1457 si

199 1514 324 1553 vere
353 1512 471 1553 non
499 1492 847 1553 secundum
876 1492 1076 1552 solam
1107 1490 1559 1569 apparentiam,
1594 1487 1705 1550 sed

199 1587 251 1645 in
278 1604 377 1645 sua
403 1586 681 1646 bonitate
717 1591 780 1645 et
809 1584 1073 1645 utilitate
1113 1583 1490 1662 aequivaleat
1516 1582 1706 1642 rebus

202 1679 370 1759 puris,
413 1697 550 1758 quae
581 1678 806 1738 eodem
838 1677 1036 1755 pretio
1075 1675 1263 1735 vendi
1292 1675 1708 1736 communiter

201 1773 396 1831 solent.
451 1774 630 1850 Aqua
663 1789 811 1831 vero
844 1770 988 1829 vino
1029 1768 1215 1828 mista
1257 1769 1572 1828 rarissime
1603 1786 1710 1828 ex-

202 1883 394 1925 cusare
419 1864 651 1942 poterit
677 1862 1092 1937 venditorem,
1142 1861 1289 1940 quia
1315 1861 1463 1922 licet
1492 1861 1709 1920 vinum

201 1975 547 2036 generosum
603 1955 705 2032 sit,
764 1955 1033 2015 multum
1079 1960 1289 2014 tamen
1347 1954 1581 2033 patitur
1629 1954 1710 2016 ob

204 2069 323 2111 eam
349 2049 723 2123 mistionem,
762 2054 826 2108 et
853 2047 934 2107 ad
977 2047 1186 2125 plures
1218 2047 1475 2108 effectus
1505 2047 1711 2108 minus

207 2143 332 2203 utile
361 2160 492 2201 esse
521 2141 704 2202 solet.

272 2235 456 2296 Infero
512 2234 815 2310 secundo,
876 2234 1080 2312 posita
1133 2234 1448 2295 taxatione
1504 2232 1709 2311 pretii,

209 2346 322 2388 rem
349 2329 590 2388 mistam
622 2326 904 2388 materiae
960 2327 1331 2406 peregrinas,
1392 2344 1532 2405 quae
1562 2326 1713 2386 alias

214 2420 371 2481 vendi
398 2439 516 2480 non
548 2425 762 2499 posset
809 2419 1009 2498 pretio
1040 2424 1250 2479 taxato
1287 2418 1469 2498 juxta
1496 2436 1716 2497 supra-

211 2513 371 2586 dicta,
420 2531 540 2573 non
573 2531 758 2591 posse
789 2512 1160 2572 commutari
1211 2529 1356 2571 cum
1383 2530 1451 2571 re
1482 2509 1606 2571 alia
1635 2510 1718 2571 si-

213 2606 321 2666 mili
345 2624 516 2685 pura,
567 2605 671 2666 cui
703 2623 802 2665 res
831 2604 1016 2664 mista
1045 2604 1419 2682 aequivaleat
1447 2603 1509 2664 in
1540 2603 1719 2664 boni-

212 2708 339 2776 tate,
367 2700 510 2778 quia
537 2699 637 2758 lex
666 2697 1008 2777 prohibens
1032 2697 1480 2773 venditionem,
1511 2696 1719 2777 prohi-

213 2792 301 2852 bet
318 2798 771 2871 consequenter
790 2790 1348 2851 commutationem
1367 2809 1480 2870 pro
1508 2810 1573 2850 re
1595 2790 1719 2851 alia

214 2884 438 2962 majoris
482 2884 737 2959 valoriS,
789 2883 911 2944 hoc
957 2888 1053 2944 est
1095 2888 1313 2944 contra
1349 2884 1719 2944 Ledesmam

217 2978 276 3036 ll.
321 2981 467 3056 part.
502 2976 769 3037 Summa*
820 2981 896 3037 tr.
934 2991 1071 3036 vm.
1123 2994 1261 3054 cap.
1296 2992 1526 3039 xxxvn.
1580 2980 1723 3055 post

216 3068 511 3147 septimam
540 3067 1034 3143 conclusionem,
1070 3086 1257 3145 quem
1287 3070 1485 3145 affert,
1521 3073 1583 3128 et
1621 3087 1721 3128 re-

217 3161 408 3240 probat
454 3161 634 3224 Salas
684 3160 747 3221 d.
802 3160 953 3222 dub.
988 3177 1099 3222 xn.
1162 3180 1223 3223 n.
1257 3166 1316 3222 7.
1380 3161 1715 3240 dicentem,

215 3273 369 3333 posse
397 3253 793 3331 commutari,
847 3254 995 3333 quia
1041 3254 1140 3315 lex
1186 3254 1389 3314 solum
1432 3255 1725 3335 prohibet

217 3346 647 3421 venditioncm3
696 3347 905 3428 quoad
950 3347 1103 3408 alios
1134 3366 1280 3409 vero
1329 3367 1475 3409 usus
1505 3349 1721 3409 huma·

219 3460 332 3516 neS,
369 3461 461 3501 res
490 3441 595 3500 illa
627 3441 811 3501 mista
842 3445 936 3500 est
962 3459 1139 3519 aeque
1171 3441 1337 3501 bona
1365 3461 1440 3502 ac
1466 3443 1572 3502 illa
1601 3441 1724 3502 alia

219 3552 371 3612 pura.
427 3536 660 3596 Contra
707 3533 825 3593 hoc
856 3538 1062 3594 tamen
1112 3534 1362 3595 videtur
1390 3554 1523 3596 esse
1553 3534 1722 3614 quod

219 3645 382 3704 supra
407 3646 545 3687 cum
577 3626 716 3686 aliis
745 3626 1036 3701 diximuS,
1071 3645 1195 3687 non
1224 3646 1405 3706 posse
1433 3646 1720 3688 commu-

219 3719 317 3778 tari
343 3720 610 3779 triticum
642 3737 754 3798 pro
783 3719 946 3795 oleo,
999 3718 1177 3798 cujus
1223 3720 1397 3780 valor
1425 3720 1505 3782 sit
1533 3738 1724 3798 supra

221 3817 401 3871 taxam
428 3811 637 3887 tritici,
692 3811 841 3890 quia
871 3810 989 3871 hoc
1019 3818 1184 3873 esset
1224 3811 1285 3871 in
1314 3811 1596 3872 fraudem
1631 3812 1720 3872 le-

219 3905 317 3981 gis,
346 3903 658 3983 ciimjam,
710 3904 1027 3963 mediante
1057 3903 1162 3963 illa
1209 3904 1719 3981 commutatione,

222 3997 462 4056 triticum
492 3996 841 4057 virtualiter
895 3996 1152 4057 daretur
1204 4015 1318 4075 pro
1365 4001 1495 4058 toto
1527 3997 1723 4075 pretio

224 4087 343 4164 olei,
388 4098 445 4149 et
472 4089 593 4149 hoc
622 4089 900 4168 quidem,
950 4087 1097 4148 licet
1126 4090 1333 4169 quoad
1379 4090 1724 4151 bonitatem

225 4188 274 4240 et
298 4181 609 4242 utilitatem
657 4179 1010 4242 naturalem
1059 4182 1334 4242 triticum
1378 4182 1593 4243 datum
1638 4201 1722 4243 ae-

225 4274 538 4350 quivaleret
565 4274 703 4334 oleo
750 4273 920 4352 quod
951 4273 1251 4354 recipitur
1303 4295 1315 4336 :
1368 4294 1517 4354 ergo
1560 4275 1724 4337 simi-

223 4364 361 4442 liter,
387 4367 525 4429 licet
543 4367 820 4428 triticum
841 4367 1096 4429 mistum
1119 4369 1495 4447 aequivaleat
1520 4368 1725 4430 tritico

226 4475 356 4535 puro
376 4480 390 4532 ;
423 4460 470 4519 si
498 4468 710 4521 tamen
733 4459 987 4521 mistum
1011 4461 1198 4521 vendi
1222 4477 1341 4523 non
1363 4466 1569 4541 potest
1590 4481 1726 4541 pre-

225 4550 296 4610 tio
321 4554 656 4614 communis
684 4558 868 4629 taxae,
932 4560 1000 4616 ut
1044 4555 1108 4613 in
1151 4573 1299 4615 casu
1330 4555 1722 4634 supponitur,

228 4662 331 4703 non
355 4646 573 4724 poterit
587 4646 961 4707 commutari
982 4665 1096 4726 pro
1119 4647 1323 4708 tritico
1342 4666 1519 4725 pur0,
1556 4646 1726 4727 quod

228 4738 385 4797 vendi
413 4745 614 4818 potest
658 4739 857 4818 pretio
907 4740 1258 4800 communis
1311 4746 1468 4801 taxae
1527 4759 1539 4798 :
1593 4739 1727 4818 jam

227 4829 368 4889 enim
396 4832 771 4891 venderetur
799 4831 1148 4892 virtualiter
1168 4851 1280 4910 pro
1310 4833 1510 4910 pretio
1542 4836 1723 4909 taxae,

229 4922 373 5000 quod
401 4943 470 4983 ax
524 4925 728 4985 tritico
779 4943 932 5002 puro
990 4924 1173 4984 facilc
1231 4924 1446 4985 haberi
1493 4930 1723 5004 posset.

230 5016 459 5084 Quando
488 5015 728 5076 habens
758 5016 1032 5076 triticum
1076 5037 1305 5096 purum
1336 5036 1458 5078 non
1489 5017 1730 5078 inveni-

232 5111 308 5166 ret
333 5107 499 5168 facile
529 5109 798 5188 pretium
830 5115 987 5170 taxae
1017 5128 1129 5188 pro
1159 5110 1285 5187 illo,
1330 5129 1546 5188 posses
1575 5109 1728 5171 illud

230 5199 473 5260 triticum
503 5201 783 5280 a.cipere
824 5220 936 5280 pro
978 5208 1083 5263 tuo
1136 5203 1343 5280 mist0,
1405 5203 1552 5283 quia
1579 5210 1728 5264 tunc

231 5290 474 5353 triticum
517 5313 744 5373 purum
792 5312 912 5354 non
963 5295 1369 5374 aequivaleret
1413 5296 1612 5375 pretio
1643 5302 1731 5357 ta-

231 5401 347 5456 xae;
375 5386 480 5445 sed
509 5386 593 5447 illi
622 5388 817 5466 pretio
847 5386 1148 5465 inferiori,
1184 5393 1397 5468 quotu
1425 5388 1590 5449 licite
1620 5406 1730 5467 po-

233 5476 429 5537 tuisses
455 5479 720 5539 vendere
750 5485 925 5541 tuum
956 5481 1252 5559 triticum,
1287 5500 1408 5543 non
1440 5482 1727 5542 obstante

3210 295 3326 353 285

1797 466 2118 537 mistione;
2180 483 2463 544 suppono
2495 465 2682 542 enim,
2744 466 2912 546 quod
2964 486 3075 546 pro
3123 469 3328 530 tritico

1797 577 1952 637 puro
1983 558 2147 637 quod
2179 558 2432 638 accipiS,
2469 578 2591 619 non
2617 560 2797 620 facile
2827 562 3030 639 majus
3059 561 3330 639 pretium

1795 651 2077 711 invenire
2108 650 2330 729 possis·

1875 744 2207 805 Dubitatur
2235 749 2431 820 sextn,
2467 763 2547 805 an
2576 745 2627 805 si
2658 746 2861 808 emisti
2892 746 3162 807 triticum
3193 765 3330 825 pre-

1796 835 1882 896 tio
1914 842 2123 897 taxam
2180 837 2517 897 excedente
2536 884 2551 914 ,
2613 839 2811 917 possis
2858 839 3080 900 eodem
3132 840 3328 917 pretio

1798 928 1951 988 illud
2001 929 2271 989 vendere
2291 928 2320 988 ?
2373 932 2619 1009 Negant
2663 932 2987 1008 Ledesma,
3040 934 3325 993 Emman.

1801 1023 1996 1100 vega,
2031 1026 2092 1082 et
2121 1022 2333 1084 Salon.
2368 1041 2524 1102 quos
2553 1026 2753 1099 affert,
2807 1029 2869 1085 et
2912 1027 3194 1100 sequitur
3222 1027 3332 1088 Sa-

1799 1114 1891 1175 las
1921 1114 2069 1175 dub.
2105 1131 2234 1175 xvl.
2270 1135 2330 1176 n.
2368 1120 2423 1176 1.
2461 1115 2585 1176 Sed
2617 1115 3132 1195 distinguendum
3158 1118 3334 1178 vide-

1798 1211 1902 1268 tur
1959 1223 1975 1270 ε
2035 1226 2180 1267 nam
2212 1207 2264 1267 si
2293 1208 2493 1269 emisti
2542 1208 2623 1268 ab
2665 1227 2739 1269 eo
2769 1209 2876 1287 qui
2923 1228 3046 1270 non
3094 1214 3336 1288 poterat

1801 1300 2004 1378 majus
2034 1301 2303 1378 pretium
2354 1302 2621 1380 exigere,
2684 1320 2900 1362 verum
2947 1308 3040 1364 est
3083 1303 3147 1363 in
3204 1304 3335 1364 uni·

1803 1411 2075 1468 versum,
2111 1412 2233 1454 non
2260 1393 2399 1455 ideo
2434 1399 2491 1454 te
2516 1413 2697 1471 posse
2721 1395 2942 1454 eodem
2973 1398 3172 1474 pretio
3195 1416 3339 1457 ven-

1803 1485 1972 1561 dere,
2011 1486 2124 1546 nisi
2157 1486 2251 1546 vel
2283 1488 2522 1547 ratione
2556 1487 2767 1547 damni
2799 1490 3196 1565 emergentiS,
3230 1494 3341 1551 aut

1803 1579 1960 1639 lueri
1990 1580 2311 1655 cessantiS,
2361 1580 2457 1639 vel
2486 1580 2748 1640 rescissa
2777 1581 2969 1659 priori
2997 1583 3336 1661 emptione,

1806 1678 1867 1732 et
1895 1670 2140 1732 reddito
2167 1672 2371 1732 tritico
2403 1673 2602 1750 primo
2635 1674 2967 1749 venditori,
3004 1675 3173 1753 quod
3205 1675 3338 1754 ipse

1805 1765 2031 1826 iterum
2063 1764 2329 1836 vendat;
2380 1765 2540 1825 sicut
2582 1784 2770 1843 supra
2799 1766 3089 1843 diximuS,
3124 1774 3183 1828 te
3216 1786 3340 1829 non

1807 1875 1988 1935 posse
2021 1856 2169 1915 dure
2201 1857 2316 1915 sub
2365 1856 2568 1917 usuris
2605 1862 2820 1917 mutuo
2871 1864 3111 1937 partem
3142 1862 3341 1922 mutui

1809 1948 1975 2028 quod
2007 1953 2071 2009 tu
2102 1948 2216 2009 sub
2248 1950 2449 2009 usuris
2481 1949 2799 2028 accepisti,
2836 1951 2949 2010 nisi
2982 1953 3233 2031 quando
3266 1973 3342 2014 ex

1811 2062 1884 2102 eo
1915 2042 2082 2121 quod
2111 2049 2382 2116 mutuos,
2417 2043 2699 2102 incurras
2729 2042 3029 2105 damnum
3058 2047 3342 2107 solvendi

1814 2153 2033 2194 usuras
2063 2152 2217 2212 quas
2248 2134 2402 2194 alias
2432 2154 2554 2195 non
2583 2136 2876 2197 solveres,
2939 2140 3006 2198 ln
3054 2158 3203 2200 casu
3232 2157 3345 2200 au-

1811 2230 1937 2286 tem
1969 2232 2177 2286 nostro
2209 2245 2331 2286 non
2354 2233 2528 2306 potes
2556 2232 2763 2288 taxam
2788 2231 3088 2291 excedere
3117 2233 3192 2293 ad
3216 2251 3347 2294 ser-

1815 2318 2086 2379 vandum
2137 2318 2516 2396 indemnem,
2571 2320 2719 2400 qnia
2738 2318 2872 2400 jam
2903 2325 3108 2402 potius
3137 2325 3346 2387 incur-

1815 2430 1985 2471 reras
2013 2411 2314 2471 damnum
2345 2412 2496 2472 illud
2527 2413 2732 2492 quoad
2787 2434 3107 2478 excessum
3138 2419 3342 2497 pretii,

1819 2523 2019 2584 neque
2050 2523 2124 2565 ex
2182 2524 2254 2564 eo
2295 2506 2462 2584 quod
2512 2506 2737 2566 iterum
2794 2510 3028 2570 vendas
3081 2511 3348 2572 incurris

1816 2599 1983 2660 aliud
2042 2598 2343 2658 damnum
2400 2604 2628 2677 praeter
2679 2601 3076 2663 amissionem
3136 2605 3343 2681 tritici,

1820 2710 1959 2771 quae
1989 2690 2188 2769 pretio
2218 2696 2429 2752 taxato
2452 2697 2513 2752 et
2541 2710 2665 2752 uon
2686 2694 2953 2772 amplius
2974 2696 3161 2758 debet
3183 2716 3349 2758 com·

1821 2801 2092 2863 pensari.

1898 2875 2097 2956 Majus
2127 2876 2390 2937 dubium
2420 2897 2554 2940 esse
2584 2886 2808 2959 potest,
2862 2883 3113 2961 quando
3144 2885 3348 2946 emisti

1818 2989 2006 3049 supra
2033 2975 2244 3030 taxam
2287 2971 2366 3030 ab
2396 2989 2469 3031 eo
2527 2974 2632 3052 qui
2656 2973 2796 3054 jure
2829 2993 2902 3036 eo
2960 2977 3161 3055 pretio
3206 2997 3348 3038 ven-

1822 3062 1970 3123 dere
1998 3067 2271 3141 poterat,
2323 3065 2469 3142 quia
2501 3074 2757 3145 propter
2802 3087 3111 3146 expensus
3140 3089 3351 3150 aspor-

1820 3156 2009 3218 tando
2041 3155 2244 3218 tritico
2293 3156 2488 3220 factas
2535 3159 2632 3220 lex
2681 3162 2736 3222 ei
2780 3162 3179 3241 permittebat
3222 3183 3352 3227 cer-

1820 3253 1954 3311 tum
1983 3268 2325 3310 excessum.
2391 3251 2568 3313 Salas
2598 3253 2747 3315 dub.
2782 3272 2912 3318 Χνῐ.
2946 3275 3007 3317 n.
3042 3261 3100 3317 2.
3138 3264 3347 3337 negat,

1823 3361 2002 3422 posse
2035 3349 2092 3402 te
2139 3343 2299 3403 ultra
2328 3349 2534 3405 taxam
2566 3347 2888 3425 accipere:
2938 3355 3005 3409 tu
3032 3351 3199 3411 enim
3229 3369 3351 3412 non

1820 3434 2120 3514 trajecisti
2176 3436 2471 3513 triticum,
2532 3439 2640 3498 sed
2682 3440 2783 3499 ille
2839 3442 3007 3501 solus
3053 3443 3220 3520 prior
3248 3444 3353 3523 qui

1821 3528 1930 3590 tibi
1959 3528 2265 3601 vendidit;
2300 3530 2603 3590 Ledesma
2620 3536 2853 3608 tamen,
2887 3540 2949 3594 et
2970 3537 3164 3614 vega,
3200 3555 3356 3615 quos

1822 3623 2004 3682 affert
2033 3641 2092 3681 n.
2127 3624 2187 3681 4.
2240 3622 2457 3683 dicunt
2485 3643 2663 3702 posse
2693 3626 2913 3704 accipi,
2957 3626 3220 3689 durante
3252 3647 3357 3689 ea-

1823 3714 1966 3775 dem
1997 3715 2342 3777 sterilitate.
2391 3717 2569 3788 Quod
2614 3717 2769 3777 mihi
2822 3737 3041 3780 verum
3091 3721 3351 3796 videtur,

1823 3808 1869 3869 si
1902 3809 1997 3868 lex
2029 3809 2379 3869 concedens
2408 3810 2577 3869 illam
2624 3810 2984 3873 facultatem
3016 3813 3354 3873 excedendi

1823 3907 2032 3962 taxam
2072 3920 2193 3962 non
2226 3901 2434 3979 exigat
2463 3902 2541 3960 ad
2573 3902 2714 3978 hoc,
2767 3903 2934 3981 quod
2966 3904 3239 3965 triticum
3269 3913 3355 3968 at·

1825 3994 2034 4056 tulerit
2060 3994 2143 4055 ad
2190 3994 2609 4074 provisionem
2642 4014 3064 4073 communem,
3115 4004 3184 4059 ut
3210 4018 3359 4078 sup-

1823 4106 2056 4166 ponere
2088 4086 2334 4148 videtur
2361 4087 2527 4147 idem
2559 4089 2736 4149 Salas
2758 4089 2907 4151 duh.
2933 4106 3113 4152 xv111.
3141 4092 3218 4152 de
3240 4093 3360 4155 hac

1826 4187 2034 4242 tamen
2064 4180 2433 4241 limitatione
2464 4180 2704 4242 dubito.
2737 4181 2846 4243 Illa
2866 4189 3075 4244 autem
3108 4203 3230 4245 non
3262 4206 3361 4246 ex-

1826 4278 2020 4349 tante,
2081 4273 2330 4336 videtur
2378 4274 2545 4353 quod
2596 4275 2794 4353 possis
2843 4294 3167 4337 excessum
3199 4280 3364 4341 acci-

1825 4386 1995 4446 pere,
2054 4366 2201 4447 quia
2247 4367 2389 4428 licet
2435 4385 2557 4427 non
2589 4386 2701 4446 per
2728 4375 2809 4444 te,
2871 4388 2982 4448 per
3022 4389 3362 4449 agasonem

1828 4465 2036 4521 tamen
2068 4460 2175 4540 qui
2205 4460 2315 4520 tibi
2338 4460 2616 4522 vendidit
2636 4467 2700 4522 et
2716 4463 2819 4522 cui
2838 4462 3117 4524 laborem
3146 4485 3364 4545 aspor-

1826 4552 2078 4613 tationis
2107 4551 2364 4628 solvisti,
2414 4553 2694 4614 attulisse
2724 4553 2976 4631 videris,
3026 4557 3075 4617 si
3108 4558 3363 4637 quidem

1828 4645 2315 4723 asportationem
2345 4646 2573 4706 factam
2603 4653 2807 4708 ratam
2838 4647 3111 4711 habuisti
3139 4655 3203 4712 et
3218 4670 3364 4731 pre-

1829 4736 1913 4799 tio
1943 4736 2153 4798 debito
2183 4738 2621 4817 compensasti.

1909 4829 2137 4909 Objicit
2166 4831 2341 4891 Salas
2396 4831 2596 4910 ptimo
2638 4832 2700 4894 d.
2748 4833 2898 4896 dub.
2932 4853 3062 4897 xv1.
3116 4835 3264 4915 quia
3308 4836 3358 4897 si

1830 4921 2033 4983 emisti
2062 4922 2226 4983 ultra
2271 4927 2480 4985 taxam
2510 4930 2766 5004 propter
2806 4927 3052 4989 lucrum
3081 4947 3354 5005 cessam,

1830 5022 1890 5075 et
1911 5014 2209 5074 damnum
2231 5033 2557 5093 emergens
2588 5016 2947 5096 venditoris,
2982 5039 3107 5080 non
3130 5022 3360 5099 poteris

1828 5110 1992 5169 ultra
2006 5114 2214 5168 taxam
2236 5108 2536 5180 vendere;
2564 5129 2713 5187 ergo
2739 5113 2929 5172 necin
2949 5132 3094 5174 casu
3121 5121 3354 5176 nostro.

1828 5203 2105 5279 Negatur
2158 5202 2625 5280 consequentia,
2681 5204 2825 5282 quia
2874 5205 2936 5264 in
2981 5207 3181 5284 primo
3213 5226 3361 5269 casu

1827 5293 2070 5354 lucrum
2100 5312 2351 5354 cessans
2381 5294 2478 5353 vel
2523 5294 2823 5355 damnum
2871 5315 3200 5377 emergens
3229 5305 3366 5362 erat

1827 5387 2042 5447 titulus
2070 5385 2416 5465 personalis
2444 5386 2626 5465 primi
2661 5389 3022 5466 venditoris,
3056 5392 3163 5470 qui
3193 5393 3271 5452 ad
3304 5399 3363 5454 te

1830 5499 1954 5539 non
1981 5479 2227 5554 transit,
2262 5498 2404 5539 cum
2427 5480 2663 5540 nullum
2693 5480 2937 5542 lucrum
2966 5486 3216 5564 perdaS,
3247 5506 3364 5549 nec

3477 753 3545 810 '1¹

3381 875 3545 940 Ain-qui
3578 878 3677 919 emit

3383 935 3560 972 truncum
3602 943 3677 973 su-

3382 996 3453 1037 pra
3497 986 3678 1048 taxatio-

3383 1044 3679 1145 effifflrhpaetl‘o

3438 1148 3630 1188 vendere.

3495 2892 3573 2951 72

3453 3020 3572 3071 Quid.
3603 3020 3638 3061 ιε

3416 3075 3515 3116 emit
3532 3073 3583 3115 nb
3604 3086 3671 3124 eo,

3399 3126 3465 3182 qui
3479 3132 3637 3182 poterat
3645 3137 3696 3170 οο

3482 3180 3614 3236 pretio

3456 3236 3647 3279 vendero.

3507 4855 3583 4913 73

3448 4979 3672 5022 Solvuntur

3435 5039 3672 5097 argument·

3445 5092 3664 5129 contram.
