4263 6376
1166 289 1641 354 DISPUTATIO
1684 289 1903 368 xxv1,
1950 289 2225 354 sssc'rlo
2268 292 2400 354 vll.

222 471 421 533 denter
443 486 481 529 a
524 484 638 529 sua
664 466 976 547 emptione
1005 466 1245 528 invenit
1279 465 1413 546 jam
1441 467 1606 529 hanc
1634 467 1726 527 la-

223 581 351 624 nam
375 560 727 622 habituram
752 565 1035 639 tempore
1063 558 1418 622 traditionis
1446 559 1725 622 valorem

219 673 386 736 supra
412 653 678 733 pretium
706 651 873 733 quod
903 669 1069 714 nunc
1108 651 1291 714 solvit
1348 673 1363 713 ε
1421 651 1591 731 quod
1618 669 1724 711 au-

217 754 329 810 tem
353 747 449 808 1110
474 745 680 826 major
722 746 903 807 valor
947 743 1279 825 proveniat
1326 762 1400 804 ex
1449 762 1522 806 eo
1553 742 1724 826 quod

221 839 342 901 aliae
366 839 518 899 lanae
543 841 730 899 antea
757 842 1088 915 emuntur,
1139 855 1364 917 parum
1408 837 1600 898 refert
1641 835 1724 898 ad

220 933 369 992 hunc
393 934 781 992 contractum
827 930 891 990 in
921 929 1246 993 individuo
1267 975 1286 1007 ‚
1343 929 1407 990 in
1453 946 1577 1010 quo
1623 947 1726 991 so·-

220 1025 334 1085 lum
358 1023 806 1086 consideranda
849 1027 946 1084 est
985 1042 1088 1084 res
1129 1041 1270 1103 quae
1297 1021 1593 1084 venditur
1614 1068 1632 1099 ,
1664 1025 1727 1083 et

222 1117 340 1197 ejus
378 1117 547 1178 valor
566 1162 584 1195 ,
634 1120 700 1178 01
724 1115 1000 1196 1110111110
1028 1116 1199 1197 quod
1227 1134 1343 1196 pro
1372 1116 1512 1195 ipsa
1540 1115 1723 1178 solvi-

288 1299 743 1363 Deveniendum
772 1320 922 1382 ergo
951 1306 1048 1364 est
1064 1302 1144 1363 ad
1174 1302 1367 1363 alium
1390 1300 1720 1377 rationem,

171 1468 183 1478 ,
221 1413 384 1477 quam
407 1394 693 1474 praedicti
719 1399 1007 1457 auctores
1026 1395 1321 1471 afferunt,
1349 1394 1615 1455 similem
1636 1393 1726 1454 illi

171 1513 183 1542 r
220 1507 326 1569 qua
351 1489 439 1549 1181
463 1506 680 1549 sumus
697 1492 926 1569 puncto
939 1488 1319 1568 praecedenti
1334 1486 1724 1549 circavendi-

218 1582 425 1642 tionem
449 1581 691 1643 credito
720 1582 949 1644 factam
976 1581 1202 1661 majori
1242 1579 1443 1661 pretio
1504 1600 1520 1640 ε
1578 1580 1727 1660 quia

218 1674 479 1735 nimirum
504 1673 734 1735 modus
761 1673 863 1736 ille
893 1674 1144 1736 emendi
1162 1674 1372 1735 lanam
1391 1671 1592 1753 pretio
1614 1691 1726 1733 an-

217 1768 463 1847 ticipato,
495 1767 646 1829 facit
676 1767 846 1847 quod
872 1766 955 1829 sit
979 1785 1212 1847 magna
1239 1767 1422 1846 copia
1449 1766 1727 1828 vendito·

218 1879 339 1922 rum
364 1860 463 1940 qui
491 1862 767 1922 offerunt
794 1879 972 1922 suam
1004 1861 1217 1921 lanam
1251 1880 1264 1922 :
1299 1859 1483 1940 copia
1509 1863 1724 1921 autem

219 1952 488 2014 mercium
514 1952 837 2014 venalium
883 1958 947 2016 et
971 1954 1373 2015 venditorum
1400 1951 1552 2014 facit
1577 1970 1724 2031 pre-

218 2046 354 2108 tium
379 2046 740 2108 decrescere
764 2065 781 2121 ;
837 2045 969 2125 iam
1011 2065 1161 2126 ergo
1209 2047 1291 2115 in,
1314 2046 1414 2107 his
1460 2045 1723 2107 circum·

218 2138 431 2200 81001118
456 2143 717 2220 propter
742 2139 991 2218 copiam
1017 2139 1323 2201 mercium
1351 2142 1416 2200 et
1440 2138 1723 2200 vendito-

218 2250 337 2292 rum
360 2232 750 2312 reputabitur
765 2232 1037 2313 pretium
1049 2231 1291 2314 justum
1309 2232 1470 2292 lanae
1496 2231 1724 2293 futurae

217 2323 348 2385 illud
373 2324 532 2404 quod
561 2329 787 2404 postea
804 2330 1087 2405 tempore
1106 2323 1459 2387 traditionis
1479 2342 1605 2387 non
1623 2342 1725 2385 re-

219 2423 508 2497 putaretur
523 2419 774 2497 justum
800 2421 1059 2499 propter
1083 2417 1470 2498 paucitatem
1496 2417 1722 2479 vendi-

218 2515 398 2572 torum
423 2515 485 2573 et
508 2511 819 2592 maj0rem
847 2511 1096 2590 copiam
1124 2513 1500 2583 emptorum.

279 2605 439 2668 Circa
462 2603 625 2666 hanc
650 2605 964 2667 rationem
989 2650 1005 2682 ,
1054 2608 1116 2666 01
1141 2603 1580 2685 probationem
1607 2601 1722 2664 ad-

219 2702 369 2757 verto
394 2698 615 2776 primo,
640 2696 925 2760 eaetiam
945 2698 1033 2760 uti
1063 2715 1189 2758 non
1206 2698 1412 2759 solum
1439 2696 1722 2758 Lessium

219 2788 575 2865 Turrianum,
611 2795 680 2853 et
707 2790 884 2853 Salas
906 2836 923 2868 ,
959 2796 1022 2853 et
1050 2790 1356 2867 Sanchez,
1389 2789 1503 2851 sed
1532 2789 1722 2851 etiam

219 2880 478 2943 1101100111
503 2883 677 2945 dicta
704 2884 865 2963 disp.
898 2886 1037 2947 360.
1068 2884 1126 2963 §-
1168 2883 1282 2944 His
1311 2881 1532 2946 accedit
1564 2902 1577 2946 :
1611 2882 1723 2944 sed

221 2991 325 3035 non
346 2975 519 3039 vide'o
548 2995 744 3057 quam
772 2976 1162 3039 cohaerenter
1189 2976 1350 3037 adid
1374 2975 1545 3056 quod
1573 2993 1723 3037 con-

221 3070 301 3126 tra
326 3070 529 3131 8011110
558 3070 808 3132 dixerat
834 3070 1058 3131 eadem
1083 3069 1245 3149 disp.
1294 3069 1352 3148 §-
1385 3068 1474 3129 De
1499 3067 1608 3128 hac
1633 3087 1718 3129 re.

220 3159 318 3224 Ubi
343 3160 400 3223 in
426 3162 788 3226 universum
815 3162 1013 3241 dixit,
1063 3162 1262 3225 solam
1307 3161 1722 3242 indigentiam

220 3255 586 3317 vendentium
614 3257 727 3337 qui
754 3255 1041 3335 indigent
1079 3253 1350 3335 pecunia
1379 3253 1721 3334 anticipata

221 3349 278 3408 ut
300 3366 403 3409 sua
435 3367 667 3428 pecora
705 3349 960 3411 mittant
997 3348 1082 3409 ad
1127 3347 1557 3426 hyemandum
1588 3392 1605 3425 ,
1662 3350 1726 3408 et

222 3445 405 3517 postea
417 3442 747 3519 reducunt,
771 3441 939 3502 unde
955 3458 1210 3504 11000880
1231 3440 1420 3502 0110111
1440 3439 1722 3518 estquod

221 3533 372 3594 multi
408 3534 684 3596 vendant
726 3539 1011 3614 tempore
1053 3531 1452 3595 antecedenti
1499 3531 1719 3593 habito

221 3626 412 3703 1110110,
442 3646 564 3689 000
592 3628 885 3689 sufficere
913 3631 982 3689 111
1017 3626 1062 3688 11
1089 3630 1444 3689 0001100108
1493 3628 1557 3687 01
1585 3643 1723 3705 pre-

221 3717 277 3777 tii
301 3717 605 3783 diminutio
626 3720 1010 3800 justificetur
1028 3765 1044 3798 ,
1095 3718 1208 3781 sed
1236 3718 1466 3780 debere
1487 3717 1720 3799 justifi-

222 3809 329 3871 cari
349 3829 419 3872 ex
443 3813 576 3874 aliis
601 3811 1091 3875 circumstantiis
1110 3809 1509 3892 peculiariter
1526 3811 1592 3871 in
1618 3810 1721 3872 illo

223 3907 508 3965 contractu
561 3904 1112 3967 concurrentibus·
1188 3907 1339 3966 11100
1362 3949 1378 3982 ,
1439 3904 1717 3985 inquam,

223 4011 327 4056 non
365 3997 648 4060 videntur
698 4002 866 4060 stare
911 3998 1073 4060 bene
1119 4015 1263 4060 011111
1302 3996 1545 4059 1011000
1591 3995 1718 4073 1110,

224 4104 328 4164 qua
351 4095 554 4168 postea
573 4091 807 4165 utitur;
855 4091 1004 4172 quia
1048 4090 1099 4152 81
1152 4089 1497 4169 indigentia
1536 4106 1723 4169 pecu-

224 4180 322 4241 niae
368 4183 444 4243 ad
491 4184 774 4264 regenda
827 4187 892 4245 et
937 4184 1253 4262 pascenda
1297 4200 1528 4263 pecora
1574 4180 1724 4243 facit

223 4273 585 4353 multiplicari
613 4276 992 4354 venditores,
1045 4280 1109 4338 01
1139 4275 1536 4337 venditorum
1554 4274 1718 4334 mul-

225 4365 396 4428 titudo
425 4369 572 4432 facit
614 4370 982 4432 decrescere
1031 4368 1335 4448 pretium;
1390 4385 1539 4447 ergo
1588 4366 1723 4427 sola

224 4456 310 4518 illa
333 4460 664 4540 indigentia
690 4463 1043 4526 communis
1086 4465 1182 4522 est
1217 4461 1376 4523 ratio
1407 4459 1722 4523 sufficiens

225 4551 293 4610 ad
309 4553 768 4629 justificandum
797 4556 966 4617 hunc
994 4558 1421 4629 contractum,
1454 4552 1553 4613 vel
1580 4569 1721 4631 pro-

225 4641 369 4705 batio
402 4646 503 4709 illa
545 4667 623 4710 ex
662 4648 1065 4711 multitudine
1112 4646 1510 4710 venditorum
1555 4644 1723 4706 bona

229 4751 333 4797 non
359 4744 464 4801 est.

291 4830 544 4895 Adverto
573 4834 873 4912 secundo,
917 4833 1085 4895 hanc
1124 4831 1433 4895 rationem
1461 4848 1586 4892 non
1616 4847 1723 4891 00-

226 4917 347 4981 dem
372 4925 613 4987 01001110
642 4927 831 4989 modo
845 4924 1185 5006 procedere
1213 4924 1277 4983 in
1307 4924 1427 4985 hoc
1445 4941 1615 5001 casu,
1648 4941 1723 4984 ac

226 5009 277 5071 in
299 5014 392 5077 illo
417 5018 532 5079 0110
561 5019 641 5079 de
668 5020 979 5080 vendente
1008 5016 1229 5098 majori
1258 5016 1458 5095 pretio
1488 5015 1723 5077 credito

226 5111 449 5185 propter
497 5111 959 5172 multitudinem
1008 5114 1360 5188 emptorum
1404 5129 1417 5169 :
1452 5127 1598 5168 nam
1659 5108 1724 5167 in

225 5197 310 5258 illo
336 5219 469 5264 casu
498 5204 781 5267 venditor
800 5204 1014 5266 vendit
1039 5202 1237 5284 pretio
1260 5203 1453 5282 justo,
1501 5219 1724 5279 nempe

226 5289 313 5352 illo
339 5296 492 5373 quod
522 5316 595 5357 ex
624 5298 1023 5360 multitudine
1060 5299 1413 5375 emptorum
1460 5293 1726 5355 aestima-

226 5385 311 5446 tur
350 5386 473 5466 jam
523 5391 794 5471 pretium
838 5408 1195 5466 commune,
1255 5391 1321 5451 et
1344 5405 1468 5469 quo
1512 5404 1728 5451 omnes

3227 298 3336 358 301

1821 484 2029 529 emere
2081 467 2360 530 volunt:
2405 484 2601 548 quare
2655 484 2897 531 merces
2949 472 3098 532 tunc
3151 473 3362 535 valent

1818 563 2022 622 totum
2074 559 2229 620 illud
2276 560 2445 640 quod
2491 579 2603 640 pro
2634 560 2722 622 eis
2769 562 3057 641 exigitur.
3109 565 3180 626 In
3209 583 3362 626 casu

1822 656 2032 714 autem
2085 653 2378 732 praesenti
2432 653 2684 717 videtur
2729 656 2898 735 quod
2933 661 3179 736 emptor
3234 677 3360 719 non

1821 746 2043 808 offerat
2093 747 2366 826 pretium
2429 745 2706 826 justum,
2767 749 2915 828 quia
2988 750 3039 810 si
3093 751 3362 830 pretium

1813 836 2054 919 justum
2127 839 2585 901 desumendum
2653 844 2748 902 est
2814 860 2890 901 ex
2952 843 3163 904 valore
3229 844 3360 906 solo

1821 948 2010 1011 quem
2088 949 2190 992 res
2269 930 2530 994 habebit
2608 934 2890 1013 tempore
2968 935 3358 1011 traditionis,

1818 1023 2152 1085 multitudo
2207 1043 2484 1105 praesens
2541 1025 2938 1088 venditorum
3008 1028 3170 1090 sicut
3236 1047 3360 1090 non

1821 1115 1969 1178 facIt
1996 1116 2166 1196 quod
2182 1121 2464 1196 tempore
2492 1118 2845 1180 traditionis
2871 1138 2971 1180 res
2988 1139 3112 1182 non
3132 1120 3365 1183 habeat

1819 1208 2126 1289 majorem
2145 1211 2446 1288 valorem,
2479 1211 2569 1271 sic
2597 1229 2724 1272 non
2751 1217 3016 1292 apparet
3043 1215 3359 1292 quomodo

1821 1301 2066 1363 variare
2095 1304 2290 1381 possit
2316 1304 2588 1382 pretium
2622 1305 2887 1383 justum,
2923 1324 3065 1367 cum
3093 1306 3215 1368 hoc
3257 1307 3360 1369 de-

1821 1393 2048 1455 debeat
2068 1395 2441 1475 aequivalere
2460 1396 2657 1457 valori
2674 1398 2763 1458 rei
2786 1418 2799 1461 :
2825 1398 3001 1459 valor
3021 1403 3232 1461 autem
3252 1400 3358 1459 de·

1819 1487 1969 1549 beat
1995 1488 2402 1566 considerari,
2465 1507 2589 1550 non
2619 1508 2806 1570 quem
2835 1509 3002 1552 nunc
3029 1490 3222 1553 habet
3248 1493 3361 1553 sed

1822 1598 2011 1659 quem
2039 1579 2299 1643 habebit
2324 1585 2609 1662 tempore
2649 1584 3025 1660 traditionis,
3061 1583 3166 1664 qui
3196 1588 3362 1647 certe

1822 1690 1948 1734 non
1975 1673 2296 1736 minuetur
2314 1692 2389 1735 ex
2408 1675 2702 1753 praesenti
2730 1676 2905 1738 multi
2914 1676 3128 1739 tudine
3149 1677 3362 1738 vendi-

1819 1768 2050 1828 torum.

1898 1860 2164 1938 Propter
2206 1858 2373 1937 haec,
2418 1862 2489 1922 ut
2525 1864 2982 1941 consequenter
3020 1862 3361 1944 loquantur
3411 1854 3416 1858 ⁴

1818 1950 2104 2032 praedicti
2133 1950 2445 2031 (10010108,
2482 1954 2590 2034 qui
2629 1954 2999 2034 probatione
3029 1959 3093 2018 01
3117 1956 3358 2017 ratione

1818 2043 1925 2105 illa
1952 2045 2368 2111 communiter
2413 2050 2695 2126 utuntur,
2729 2052 2879 2128 puto
2923 2049 3356 2129 explicandam

1821 2136 2075 2199 omnino
2101 2157 2236 2199 esse
2266 2140 2760 2219 propositionem
2786 2142 2957 2202 illam
2971 2144 3352 2222 generalem,

1821 2229 1991 2311 quod
2043 2230 2281 2293 scilicet
2307 2232 2578 2312 pretium
2625 2233 2867 2314 justum
2917 2236 3010 2296 rei
3045 2240 3354 2315 sumatur,

1825 2340 1951 2384 non
1981 2342 2056 2384 ex
2084 2323 2297 2386 valore
2327 2344 2516 2405 quem
2542 2345 2644 2387 res
2673 2326 2865 2390 habet
2900 2332 3180 2410 tempore
3210 2347 3361 2390 con-

1818 2419 2076 2494 tractus,
2110 2417 2222 2478 sed
2250 2436 2438 2497 quem
2466 2418 2725 2482 habebit
2766 2423 3049 2500 tempore
3077 2412 3390 2485 traditio-⁷

1819 2508 1938 2571 018.
1991 2511 2140 2571 Haec
2169 2511 2335 2570 enim
2363 2512 2704 2592 propositio
2735 2513 3050 2594 duplicem
3107 2533 3361 2577 sensum

1819 2601 2053 2663 habere
2086 2606 2310 2681 potest.

3507 1878 3621 1939 116

3459 2003 3642 2050 Pretium

3405 2057 3560 2113 iusttun
3597 2061 3702 2104 sumi

3426 2124 3451 2154 a
3468 2113 3606 2156 valore
3625 2115 3685 2157 101

3406 2168 3488 2208 tem
3545 2179 3605 2218 re,
3623 2181 3703 2223 quo

3408 2178 3604 2271 trassur.
3623 2234 3704 2275 quo

3407 2284 3531 2317 800811
3560 2286 3703 2319 vetum

3523 2326 3599 2373 ἀι.

1898 2693 2145 2755 Ρ11111118
2173 2700 2287 2772 081,
2323 2694 2492 2776 quod
2521 2697 2791 2776 pretium
2811 2696 3053 2779 justum
3081 2699 3171 2761 rei
3199 2700 3360 2763 futu·
3471 2775 3481 2784 ,

1819 2805 1905 2849 101
1937 2805 2062 2848 000
2091 2791 2185 2849 081
2203 2788 2352 2848 illud
2377 2807 2500 2869 quo
2532 2790 2755 2851 eadem
2779 2810 2880 2853 108
2901 2810 3067 2854 nunc
3085 2811 3362 2872 praesens

1816 2880 2219 2958 venderetur,
2252 2881 2365 2942 sed
2393 2900 2516 2961 quo
2547 2883 2770 2945 eadem
2811 2903 2913 2945 res
2968 2885 3364 2947 considerata

1819 2974 1883 3035 in
1914 2974 2034 3035 alio
2077 2974 2182 3035 illo
2220 2978 2502 3054 tempore
2533 2976 2827 3037 aestimari
2874 2977 3064 3039 debet
3106 2998 3119 3040 :
3153 2982 3217 3041 et
3260 2979 3364 3040 hic

1820 3084 2040 3128 sensus
2069 3066 2431 3129 verissimus
2460 3071 2591 3143 est;
2624 3073 2831 3148 potest
2859 3071 3028 3131 enim
3057 3075 3224 3132 nunc
3250 3072 3359 3133 tri-

1818 3159 1926 3222 tici
1953 3159 2282 3240 praesentis
2310 3160 2581 3240 pretium
2609 3179 2828 3224 carum
2870 3181 3027 3241 esse,
3063 3166 3126 3227 et
3151 3168 3362 3226 tamen

1811 3253 1983 3333 juste
2031 3271 2199 3314 nunc
2227 3254 2382 3314 emis
2423 3253 2698 3316 triticum
2745 3256 3024 3318 dandum
3079 3261 3362 3337 tempore

1817 3344 2038 3406 messis
2063 3345 2260 3407 multo
2306 3345 2512 3407 viliori
2555 3347 2780 3426 pretio,
2816 3348 2965 3427 quia
3017 3349 3166 3411 licet
3192 3367 3361 3410 nunc

1817 3437 2036 3516 magni
2091 3437 2435 3501 aestimetur
2462 3440 2739 3501 triticum
2782 3459 3060 3521 praesens
3107 3446 3366 3522 propter

1826 3530 2160 3611 penuriam
2212 3535 2588 3611 praesentem
2642 3532 2871 3608 tritici;
2928 3534 3108 3614 parvi
3153 3539 3365 3596 tamen

1822 3623 2171 3685 aestimatur
2196 3642 2362 3685 nunc
2420 3624 2697 3686 triticum
2751 3625 3032 3687 futurum
3080 3630 3364 3705 tempore

1820 3716 2062 3778 messis,
2109 3716 2288 3779 Sicut
2328 3735 2362 3777 e
2404 3719 2645 3793 contra,
2694 3717 2748 3779 si
2791 3722 3072 3797 tempore
3118 3719 3358 3796 1008818,

1821 3809 2075 3891 quando
2126 3810 2401 3871 triticum
2452 3827 2727 3888 praesens
2770 3811 2950 3890 parvi
2994 3812 3358 3888 aestimatur,

1821 3921 1994 3964 emas
2046 3903 2323 3965 triticum
2379 3903 2659 3964 dandum
2730 3903 2844 3965 tibi
2905 3923 3119 3966 mense
3170 3906 3357 3982 Maio,

1820 3995 2072 4077 quando
2114 3995 2386 4075 pretium
2429 4013 2729 4075 magnum
2784 3996 2923 4074 erit,
2974 4015 3101 4059 non
3160 3998 3355 4060 debes

1819 4106 2029 4150 emere
2084 4088 2286 4167 pretio
2334 4088 2607 4149 currenti
2674 4093 2956 4169 tempore
3003 4092 3357 4170 emptionis,

1820 4180 1968 4261 quia
1995 4180 2151 4240 illud
2183 4198 2309 4242 non
2331 4184 2496 4241 esset
2515 4179 2780 4260 justum.

1898 4272 2227 4334 Secundus
2255 4277 2466 4334 tamen
2496 4291 2713 4334 sensus
2734 4273 2899 4334 illius
2917 4275 3362 4356 propositionis

1818 4368 2027 4444 potest
2053 4384 2214 4443 0880,
2249 4365 2420 4445 quod
2447 4365 2719 4445 pretium
2742 4365 2982 4446 justum
3010 4369 3105 4429 rei
3135 4369 3360 4432 futurae

1820 4458 2009 4519 debet
2035 4457 2197 4519 sumi
2231 4457 2560 4538 adaequate
2591 4477 2666 4518 ex
2694 4460 2905 4520 valore
2934 4462 3206 4539 etpretio
3236 4480 3358 4541 quo

1817 4569 1918 4612 res
1947 4556 2167 4630 postea
2200 4554 2483 4630 tempore
2514 4551 2867 4613 traditionis
2904 4553 3217 4615 vendetur
3247 4574 3263 4615 :
3298 4559 3362 4617 et
3427 4535 3458 4582 ·⁸

1818 4643 1987 4705 hunc
2005 4661 2260 4704 sensum
2287 4661 2413 4704 non
2442 4643 2628 4704 credo
2660 4662 2794 4705 esse
2825 4662 3009 4723 posse
3039 4647 3361 4708 universa-

1817 4736 1963 4798 liter
2005 4755 2247 4813 verum‚
2301 4735 2410 4795 sed
2441 4735 2646 4815 potius
2683 4738 2956 4816 pretium
3001 4738 3243 4818 justum
3271 4741 3364 4802 rei

1820 4829 2048 4891 futurae
2101 4828 2346 4891 desumi
2393 4847 2469 4889 ex
2525 4829 2964 4910 aestimatione,
3027 4851 3153 4912 qua
3203 4837 3364 4894 tem-

1821 4940 1973 5002 pore
2004 4925 2360 4983 contractus
2411 4922 2754 4985 aestimatur
2801 4926 3215 4986 communiter
3260 4944 3361 4987 res

1822 5015 1951 5093 illa,
1985 5034 2109 5076 non
2138 5019 2210 5076 ut
2237 5015 2289 5074 si
2317 5033 2481 5076 nunc
2502 5016 2814 5094 existeret,
2846 5018 2958 5078 sed
2987 5023 3056 5079 ut
3071 5017 3364 5080 habenda

1822 5113 2108 5187 tempore
2136 5108 2509 5169 traditioniS.
2544 5113 2755 5171 Potest
2782 5111 2949 5170 enim
2969 5111 3356 5191 contingere,

1823 5203 1895 5262 ut
1916 5204 2202 5279 tempore
2230 5201 2582 5262 traditionis
2611 5201 2942 5263 vendenda
2970 5203 3265 5266 credatur
3283 5206 3370 5267 vi·

1825 5293 1980 5373 giuti
2013 5298 2073 5353 et
2102 5298 2313 5355 tamen
2342 5299 2491 5355 tunc
2522 5313 2596 5354 ex
2642 5295 2833 5355 variis
2881 5295 3366 5361 circumstantiis

1825 5386 2084 5449 minoris
2121 5387 2291 5466 juste
2339 5391 2605 5465 ematur,
2637 5387 2788 5468 quia
2832 5406 2959 5451 non
3002 5391 3161 5453 tanti
3201 5411 3366 5455 nunc
