4263 6376
1159 343 1629 407 DISPUTATIO
1674 343 1921 418 XXXV,
1971 342 2247 405 SECTIO
2291 342 2394 403 v1.

231 524 575 587 electionem
603 521 938 583 desistere:
974 540 1099 583 non
1123 525 1337 583 tamen
1366 521 1547 581 video
1580 538 1732 600 quo·

231 618 397 678 modo
429 615 622 694 possis
641 618 992 693 persistere,
1026 614 1279 694 quando
1310 615 1611 675 electores
1641 617 1734 674 te-

229 713 435 771 nentur
461 706 805 786 digniorem
836 707 1087 786 eligere,
1122 711 1184 768 et
1212 707 1520 785 praevides
1550 725 1731 785 posse

229 809 279 865 te
306 801 564 881 digniori
591 800 1037 879 praejudicare,
1079 800 1178 860 vel
1208 801 1285 860 de
1313 800 1433 860 hoc
1464 800 1731 861 rationa-

226 895 410 956 biliter
436 893 702 954 dubitas,
754 894 824 953 In
870 892 989 953 hoc
1029 892 1194 953 enim
1224 911 1373 952 casu
1402 911 1526 953 non
1555 893 1732 952 vide-

226 993 314 1048 tur
338 986 641 1047 sufficiens
683 987 1006 1064 responsio
1049 1004 1237 1064 supra
1262 987 1461 1047 relata
1484 1032 1499 1062 ,
1562 984 1730 1065 quod

226 1098 334 1140 non
360 1079 625 1158 pertinet
675 1078 755 1138 ad
794 1083 857 1139 te
880 1077 1165 1157 judicare
1194 1079 1270 1138 de
1303 1079 1423 1139 tuis
1462 1079 1724 1154 meritiS,

224 1191 326 1232 nec
352 1172 514 1231 aliud
562 1170 713 1231 facis
754 1171 872 1231 nisi
902 1176 963 1234 te
992 1171 1356 1232 submittere
1387 1172 1729 1231 electorum

218 1264 453 1344 judicio.
503 1265 635 1324 Hoc
675 1264 907 1342 quippe
947 1262 1155 1324 locum
1185 1263 1483 1340 haberet,
1535 1263 1585 1323 si
1616 1262 1722 1323 tibi

223 1376 330 1417 non
386 1359 691 1416 constaret
746 1355 1001 1417 alterius
1048 1375 1339 1416 excessus
1392 1356 1673 1416 notorius
1708 1374 1723 1417 ε

222 1450 326 1509 hoc
360 1453 563 1510 autem
593 1449 819 1527 posito,
855 1449 1006 1510 nihil
1025 1453 1262 1511 restare
1281 1449 1530 1510 videtur
1558 1449 1727 1528 quod

222 1541 399 1621 possis
441 1541 607 1604 licite
637 1542 717 1603 ab
756 1542 1131 1603 electoribus
1174 1546 1383 1621 petere
1413 1543 1512 1601 vel
1541 1560 1729 1620 expe-

221 1639 392 1696 ctare.
437 1637 594 1695 Nam
624 1635 724 1695 vel
754 1636 915 1714 petis
945 1635 1113 1715 quod
1141 1636 1411 1697 scienter
1438 1635 1729 1698 omittant

221 1727 547 1806 digniorem
570 1773 586 1803 ,
623 1731 685 1788 et
714 1729 835 1789 hoc
865 1732 959 1789 est
985 1733 1198 1807 petere
1228 1746 1363 1788 rem
1394 1728 1726 1789 intrinsece

221 1825 274 1881 et
300 1821 633 1881 formaliter
656 1821 891 1881 malam
925 1842 937 1882 ε
971 1822 1068 1881 vel
1095 1822 1276 1899 petis,
1312 1821 1478 1900 quod
1499 1821 1549 1880 si
1562 1821 1726 1901 judi-

220 1919 348 1975 cent
369 1917 425 1974 te
458 1914 831 1992 digniorem,
878 1915 983 1974 vel·
1014 1933 1191 1994 aeque
1210 1914 1492 1993 dignum,
1524 1918 1585 1975 te
1616 1916 1728 1975 eli-

217 2009 351 2083 gant
385 2026 398 2066 :
458 2011 519 2067 et
550 2006 672 2067 hoc
725 2008 914 2068 etiam
943 2007 1069 2085 peti
1103 2026 1227 2068 non
1257 2011 1463 2086 potest
1497 2028 1509 2068 ε
1572 2008 1722 2087 quia

217 2100 344 2160 licet
372 2099 481 2177 ipsi
511 2103 661 2160 tunc
691 2104 946 2178 propter
971 2100 1393 2178 ignorantiam
1425 2120 1549 2161 non
1577 2119 1725 2179 pec—

218 2196 430 2268 carent,
463 2195 757 2271 putantes
777 2197 838 2253 te
865 2210 1000 2252 esse
1022 2193 1394 2271 digniorem,
1428 2194 1725 2272 velaeque

217 2283 454 2362 dignum
488 2304 501 2345 :
550 2303 651 2344 res
700 2288 909 2345 tamen
969 2284 1104 2363 ipsa
1133 2289 1298 2347 esset
1323 2286 1727 2345 materialiter

216 2377 382 2452 mala,
414 2395 639 2455 nempe
662 2377 882 2438 electio
902 2378 1109 2437 minus
1131 2377 1324 2456 digni.
1361 2379 1563 2449 Quare
1581 2397 1723 2438 cum

218 2468 312 2528 tibi
329 2469 550 2530 veritas
572 2474 834 2547 constet,
860 2489 983 2530 non
1006 2475 1182 2548 potes
1203 2474 1413 2549 petere
1434 2471 1520 2546 id,
1540 2471 1722 2551 ,quod

217 2562 355 2622 alius
382 2563 587 2622 facere
628 2563 794 2623 licite
842 2582 966 2624 non
997 2567 1247 2641 potest,
1309 2564 1428 2623 nisi
1471 2569 1727 2642 propter

218 2655 633 2733 ignorantiam.
694 2656 869 2717 Sicut
908 2675 1033 2717 non
1062 2660 1239 2736 potes
1270 2661 1481 2735 petere
1506 2703 1521 2734 ,
1556 2657 1724 2736 quod

215 2766 411 2808 carnes
441 2748 606 2820 edat,
641 2749 722 2810 ab
763 2767 837 2809 eo
873 2768 1060 2829 quem
1097 2750 1217 2811 scis
1243 2751 1535 2829 ignorare
1576 2769 1717 2828 pro·

216 2838 557 2901 bibitionem
617 2842 683 2902 in
713 2842 832 2902 hac
887 2842 1024 2919 die,
1083 2843 1228 2903 licet
1283 2843 1415 2920 ipse
1471 2848 1725 2921 propter

215 2931 608 3010 ignorantiam
670 2953 795 2995 non
850 2939 1163 3013 peccaret.
1227 2934 1403 3009 Quod
1452 2936 1722 2996 maxime

215 3027 472 3104 procedit
500 3028 563 3088 in
595 3047 743 3088 casu
775 3032 1008 3105 nostro,
1041 3029 1103 3088 in
1138 3046 1261 3108 quo
1290 3027 1590 3106 injustitia
1622 3029 1723 3089 illa

212 3120 528 3180 materialis
559 3125 849 3200 vergeret
879 3122 939 3180 in
974 3121 1273 3182 damnum
1302 3122 1469 3183 tertii
1491 3121 1723 3181 haben-

212 3213 279 3273 tis
304 3214 498 3293 reipsa
517 3216 626 3294 jus
656 3216 736 3275 ad
768 3215 863 3276 sui
897 3216 1289 3275 electionem.

281 3306 469 3383 DiceS,
501 3313 565 3369 te
597 3309 751 3368 nihil
782 3312 997 3388 petere
1020 3307 1325 3384 absolute,
1359 3307 1471 3369 sed
1514 3309 1719 3369 solum

156 3460 158 3467 ,
213 3399 634 3476 conditionate,
673 3400 843 3480 quod
887 3400 937 3460 si
992 3400 1242 3479 dignior
1272 3402 1367 3461 vel
1397 3419 1576 3480 aeque
1634 3402 1723 3462 di-

155 3558 160 3584 ι
213 3509 354 3568 gnus
378 3492 478 3568 sis,
513 3492 805 3571 eligaris:
868 3493 987 3552 hoc
1031 3496 1243 3554 autem
1274 3493 1395 3554 sub.
1422 3495 1725 3556 conditio·

155 3619 172 3629 -
216 3604 280 3643 ne
307 3589 509 3664 petere
542 3604 667 3646 non
698 3589 793 3647 est
843 3585 1149 3661 illicitum,
1210 3604 1353 3645 cum
1410 3587 1722 3667 possimus

156 3682 159 3689 ’
214 3678 283 3738 ab
315 3679 514 3758 aliquo
548 3682 762 3756 petere
793 3678 858 3738 id
890 3679 1059 3757 quod
1113 3679 1247 3757 ipse
1296 3685 1502 3758 potest
1553 3680 1720 3742 licite

213 3770 352 3830 velle
377 3791 389 3832 :
426 3771 662 3833 elector
689 3777 898 3832 autem
928 3775 1136 3851 potest
1162 3772 1322 3832 velle
1362 3773 1478 3833 sub
1510 3775 1722 3834 condi-

210 3863 362 3923 tione
388 3868 447 3925 te
479 3864 736 3943 eligere,
789 3864 842 3924 si
888 3864 970 3924 sis
999 3863 1247 3943 dignior
1275 3866 1372 3924 vel
1402 3883 1580 3945 aegue
1627 3866 1725 3926 di-

211 3975 389 4034 gnus:
421 3961 630 4037 potest
658 3976 807 4036 ergo
844 3957 964 4018 hoc
993 3958 1199 4037 ipsum
1228 3960 1343 4019 sub
1365 3959 1721 4020 condYtione

211 4049 281 4109 ab
308 4050 391 4112 eis
423 4052 572 4130 peti.
610 4051 736 4113 Sed
765 4054 1004 4127 contra,
1049 4051 1198 4130 quia
1245 4051 1467 4111 eodem
1529 4051 1718 4114 modo

211 4146 471 4206 excusari
502 4149 716 4223 posset
740 4144 1035 4224 indignus
1091 4163 1470 4205 concurrens
1520 4146 1722 4205 scien-

210 4241 295 4297 ter
320 4256 457 4299 cum
487 4238 681 4317 digno
707 4259 720 4299 ε
758 4242 969 4317 posset
996 4238 1163 4298 enim
1195 4240 1427 4313 dicere,
1481 4258 1546 4298 se
1596 4257 1720 4299 non

210 4334 401 4407 petere
438 4331 722 4393 absolute
751 4331 1148 4408 beneficium,
1184 4331 1294 4392 sed
1348 4332 1550 4392 solum
1606 4332 1722 4392 sub

211 4424 572 4501 conditione,
612 4425 661 4485 si
692 4423 918 4504 dignus
948 4425 1047 4502 sit,
1110 4425 1275 4505 quod
1323 4425 1578 4504 quidem
1607 4425 1723 4484 sub

211 4517 547 4579 cenditione
593 4519 722 4597 peti
751 4522 975 4595 potcst3
1008 4522 1167 4579 s‘cut
1210 4523 1273 4580 et
1318 4519 1447 4597 ipse
1492 4519 1724 4579 elector

210 4609 312 4669 sub
338 4611 693 4672 conditione
721 4615 927 4690 potest
952 4611 1105 4671 illud
1129 4612 1723 4690 velle.Consequens

211 4707 401 4763 autem
429 4722 554 4764 non
585 4704 876 4765 admittet
903 4705 1150 4784 aliquiS,
1187 4723 1303 4765 nec
1355 4703 1529 4763 dabit
1560 4703 1727 4763 indi-

210 4813 320 4871 gno
341 4797 528 4858 talem
554 4796 904 4858 licentiam:
940 4816 1089 4876 ergo
1121 4816 1237 4859 nec
1285 4798 1346 4856 in
1384 4815 1530 4857 casu
1584 4815 1725 4856 nos-

211 4891 295 4948 tro
341 4890 546 4951 danda
602 4893 697 4951 est
749 4891 956 4950 minus
1004 4890 1216 4969 digno,
1276 4888 1455 4950 Ratio
1514 4895 1722 4949 autem

211 4982 514 5064 utriusque
545 4987 672 5046 est:
707 4982 855 5062 quia
908 5002 1092 5043 nemo
1147 4986 1355 5063 potest
1403 5000 1721 5043 assumere

212 5079 268 5134 et
290 5077 501 5156 exequi
546 5075 828 5136 medium
886 5094 959 5136 ex
1008 5076 1352 5137 intentione
1398 5075 1533 5135 sola
1581 5075 1723 5134 finis

213 5186 381 5245 quem
408 5171 524 5231 scit
550 5189 685 5230 esse
714 5170 1185 5247 impossibilem,
1222 5174 1292 5230 ut
1345 5188 1490 5230 eum
1547 5186 1724 5228 asse-

213 5267 440 5339 quatur,
473 5261 522 5323 si
554 5267 718 5323 esset
745 5263 1093 5342 possibilis;
1145 5262 1249 5342 qui
1281 5281 1430 5341 ergo
1487 5263 1603 5323 scit
1654 5282 1720 5322 se

212 5371 331 5413 esse
358 5355 704 5436 indignum,
736 5357 837 5415 vel
884 5356 1092 5415 minus
1146 5356 1427 5433 dignum,
1464 5373 1720 5434 quomo-

211 5446 283 5506 do
310 5454 501 5527 potest
531 5450 741 5511 subire
771 5467 1146 5510 concursum
1190 5450 1270 5510 ad
1313 5450 1481 5509 hunc
1518 5449 1721 5509 solum

213 5539 408 5622 finem,
441 5547 509 5607 ut
526 5544 580 5605 si
610 5544 689 5605 sit
718 5543 970 5623 dignus,
1005 5543 1103 5603 vel
1119 5561 1299 5625 aeque
1342 5542 1570 5622 dignus
1609 5541 1722 5602 eli-

3241 347 3353 406 601

1830 519 2063 599 gatur?
2090 522 2227 581 Non
2283 539 2434 599 ergo
2473 518 2742 583 intendit
2771 538 2890 583 ncc
2920 521 3076 600 petit
3117 521 3236 583 hoc
3266 540 3360 583 so-

1830 613 1982 689 lum,
2017 613 2128 674 sed
2160 616 2240 672 ad
2296 614 2503 674 minus
2558 614 2713 692 petit
2764 614 2932 693 quod
2987 614 3275 694 eligatur,
3308 614 3362 674 si

1830 705 1911 766 ab
1942 706 2212 766 electore
2235 705 2554 784 judicetur
2604 706 2831 786 dignus
2878 707 2975 767 vel
3031 725 3210 787 aeque
3265 705 3363 767 di-

1828 818 2024 878 gnus;
2063 799 2232 878 quod
2259 803 2470 860 tamen
2512 818 2633 860 non
2667 803 2871 878 potest
2900 799 3065 861 licite
3115 805 3355 880 petere,

1830 892 1977 972 quia
2019 892 2264 953 etiamsi
2310 893 2544 953 elector
2597 911 2674 952 ex
2727 893 3081 972 ignorantia
3108 897 3363 972 putaret

1829 1003 1973 1045 eum
2001 1002 2135 1044 esse
2167 985 2449 1063 dignum,
2475 1003 2599 1046 non
2629 990 2841 1064 posset
2862 986 3229 1046 electionem
3255 1003 3360 1066 pe-

1829 1081 1959 1138 tere
1990 1078 2090 1137 ille
2121 1077 2227 1158 qui
2258 1082 2428 1139 certo
2459 1079 2575 1140 scit
2602 1097 2669 1139 se
2701 1098 2836 1139 esse
2868 1078 3199 1159 indignum
3258 1078 3359 1139 vel

1826 1169 2033 1230 minus
2054 1170 2338 1248 dignum,
2365 1171 2510 1251 quia
2532 1174 2767 1250 peteret
2797 1172 3033 1250 aliquid
3063 1171 3360 1232 materia-

1825 1262 1966 1324 liter
1994 1264 2216 1324 saltem
2268 1265 2502 1325 malum
2559 1269 2623 1326 et
2657 1265 2962 1342 illicitum,
2995 1269 3066 1326 ut
3119 1264 3359 1325 dictum

1828 1360 1941 1418 est.

1907 1449 2239 1510 Dubitatur
2264 1468 2481 1511 rursus
2526 1450 2591 1510 in
2635 1450 2755 1511 hoc
2783 1454 3039 1529 punctu,
3080 1468 3157 1511 an
3190 1450 3254 1509 in
3284 1448 3359 1509 iis

1827 1542 2075 1602 casibus
2104 1560 2259 1621 quos
2281 1542 2572 1619 diximuS‚
2605 1544 2669 1602 in
2727 1544 2955 1622 quibus
3007 1543 3174 1604 licite
3203 1560 3357 1603 con·
3448 1593 3473 1624 n

1826 1633 2022 1694 currit
2053 1634 2133 1694 ad
2163 1635 2539 1696 beneficium
2594 1637 2800 1697 minus
2834 1637 3084 1715 dignuS,
3136 1640 3358 1716 peccet

1826 1728 2214 1806 acceptando
2262 1728 2438 1805 illud,
2473 1729 2725 1808 quando
2769 1729 3042 1809 digniori
3091 1730 3348 1810 proefer-

1824 1823 1927 1881 tur
1950 1819 1980 1880 ⁴?
2009 1823 2097 1881 De
2128 1821 2389 1900 indigno
2415 1841 2540 1883 non
2571 1827 2666 1883 est
2713 1822 2976 1894 dubium
3007 1840 3132 1882 non
3170 1840 3356 1901 posse

1823 1913 1990 1974 licite
2020 1919 2368 1992 acceptare,
2395 1919 2464 1976 ut
2492 1933 2636 1977 cum
2667 1915 2853 1977 Gabr.
2877 1915 3100 1977 Ledes,
3149 1918 3213 1975 et
3235 1915 3361 1974 Na-

1826 2024 2012 2067 varra
2041 2011 2217 2069 notat
2248 2008 2478 2070 Sanch.
2514 2008 2577 2073 d.
2609 2027 2664 2071 c.
2724 2011 2772 2070 1.
2832 2008 2981 2069 dub.
3015 2024 3130 2068 xm
3187 2026 3249 2068 n.
3293 2009 3352 2068 3.

1827 2099 2162 2160 difficultas
2193 2100 2393 2160 solum
2425 2105 2519 2162 est
2555 2101 2633 2161 de
2686 2120 2759 2163 eo
2792 2101 2899 2181 qui
2943 2101 3060 2162 scit
3088 2119 3155 2161 se
3223 2117 3359 2159 esse

1823 2191 2031 2251 minus
2061 2192 2347 2270 dignum,
2379 2193 2493 2253 sed
2522 2198 2731 2254 tamen
2774 2194 2856 2254 oh
2880 2193 3084 2272 justas
3138 2210 3361 2253 causas

1824 2302 2012 2361 supra
2040 2285 2392 2363 assignatas
2421 2288 2738 2348 concurrit
2792 2287 2871 2347 ad
2927 2303 3214 2362 examen,
3247 2284 3358 2345 sed

1823 2377 1940 2436 scit
1967 2394 2091 2437 non
2121 2396 2303 2456 posse
2325 2379 2626 2440 electores
2652 2380 2821 2441 licite
2852 2397 2997 2440 eum
3059 2378 3361 2459 praeferre

1824 2468 2115 2546 digniori,
2151 2475 2213 2530 et
2240 2471 2382 2531 ideo
2404 2489 2523 2532 non
2558 2472 2714 2551 petit
2745 2472 3161 2532 determinate
3191 2469 3360 2549 quod

1823 2561 2214 2640 praeferatur,
2245 2563 2356 2623 sed
2396 2565 2567 2643 quod
2599 2569 2882 2625 servetur
2901 2564 2990 2624 illi
3020 2581 3204 2624 suum
3228 2562 3354 2643 jur-3,

1824 2657 1888 2714 et
1913 2654 2023 2714 fiat
2065 2655 2271 2733 gratia
2297 2656 2360 2715 in
2392 2656 2466 2716 iis
2495 2657 2559 2716 in
2591 2657 2820 2736 quibus
2857 2657 3030 2718 licite
3060 2656 3196 2716 fieri
3251 2673 3359 2735 po-

1821 2749 1965 2822 test,
2008 2766 2086 2806 an
2142 2747 2193 2806 si
2242 2749 2509 2827 eligatur
2558 2753 2775 2810 contra
2806 2750 3182 2828 digniorem,
3227 2748 3359 2826 ipse

1820 2839 2106 2900 conscius
2134 2841 2364 2921 iniquae
2401 2841 2721 2903 electionis
2751 2842 2947 2921 possit
2998 2840 3357 2902 consentire

1825 2934 1889 2992 et
1914 2936 2263 3011 acceptare.
2298 2938 2544 3014 Negant
2572 2938 2851 2996 Navarra
2879 2934 2987 2995 lib.
3022 2935 3098 2995 11.
3135 2933 3205 2994 de
3232 2952 3358 2993 res-

1825 3023 1912 3083 tit.
1941 3042 1996 3085 c.
2031 3042 2103 3088 11.
2139 3031 2360 3089 n.173.
2397 3032 2459 3088 et
2477 3030 2747 3089 Tanner.
2775 3027 2836 3086 in
2867 3027 3162 3106 praesenti
3192 3026 3354 3104 disp.

1824 3118 1899 3178 V.
1936 3136 1995 3198 q.
2033 3136 2170 3181 v111.
2205 3120 2334 3180 dub
2392 3137 2462 3182 11.
2510 3140 2572 3181 n.
2635 3122 2732 3181 15.
2767 3120 2916 3201 quia
2970 3118 3359 3198 acceptando

1824 3220 2199 3290 cooperatur
2227 3215 2513 3276 electioni
2545 3213 2991 3294 injustae,quod
3019 3213 3153 3292 ipse
3177 3230 3359 3274 cons-

1823 3301 1954 3362 cius
1984 3305 2304 3384 injustitiae
2333 3307 2539 3368 facere
2571 3324 2694 3368 non
2723 3311 2954 3386 petest.

1911 3398 2033 3460 Alii
2063 3401 2481 3461 communiter
2527 3399 2763 3476 dicunt,
2797 3418 2979 3479 posse
3026 3398 3194 3460 licite
3251 3416 3358 3459 ac-

1824 3500 2096 3574 ceptare.
2150 3496 2278 3555 Sot.
2313 3493 2422 3554 lib.
2460 3494 2560 3554 111.
2594 3492 2664 3554 de
2702 3493 2855 3573 just.
2891 3511 2954 3572 q.
3007 3510 3095 3554 ιι.
3157 3508 3250 3552 ar.
3291 3494 3351 3551 2.

1824 3590 2019 3667 Cajet.
2068 3587 2280 3648 Salon.
2340 3587 2573 3648 Molina
2647 3586 3073 3665 jurisperituS,
3134 3588 3350 3659 Perez,

1822 3682 2085 3744 Adrian.
2121 3682 2379 3741 Covarr.
2416 3684 2478 3741 et
2513 3679 2619 3740 alii
2648 3698 2804 3759 quos
2840 3679 3032 3739 refert
3057 3682 3121 3739 et
3146 3676 3354 3754 sequi-

1820 3781 1926 3838 tur
1955 3775 2186 3849 Sancb‚
2248 3774 2397 3834 dict.
2459 3774 2609 3835 dub.
2643 3790 2780 3834 xm.
2824 3792 2885 3833 n.
2945 3776 3003 3833 2.
3062 3770 3348 3831 Turrian.

1822 3871 1983 3948 disp.
2018 3870 2207 3930 XXII.
2240 3868 2391 3929 dub.
2427 3885 2518 3928 111.
2561 3887 2621 3928 n.
2653 3871 2712 3929 8.
2747 3872 2810 3928 et
2837 3866 2937 3927 alii
2963 3884 3120 3945 quos
3149 3866 3351 3941 affert,

1823 3967 1887 4025 et
1916 3963 2201 4041 sequitur
2229 3961 2428 4021 Diana
2473 3964 2559 4022 tc.
2621 3977 2691 4022 11.
2725 3968 2801 4020 tr.
2854 3977 2914 4021 v.
2949 3958 3184 4019 miscell.
3230 3976 3354 4019 ree.

1824 4058 1958 4117 ΗΟ.
2015 4055 2234 4114 Plures
2283 4052 2559 4114 rationes
2603 4052 2835 4113 adduci
2863 4053 3068 4114 solent
3112 4050 3193 4111 ad
3237 4050 3360 4111 hoc

1821 4148 2240 4228 probandum,
2274 4164 2543 4225 quarum
2573 4145 2799 4225 aliquae
2855 4163 2980 4206 nou
3029 4149 3178 4206 sunt
3231 4144 3361 4204 effi-

1822 4260 2036 4303 caces:
2071 4240 2147 4300 iis
2176 4258 2325 4318 ergo
2356 4239 2624 4316 omissis,
2664 4239 2755 4300 sic
2782 4239 3062 4300 breviter
3103 4237 3355 4317 probari

1823 4338 1887 4396 et
1919 4333 2215 4412 explicari
2269 4337 2495 4413 potest,
2546 4333 2695 4412 quia
2750 4332 2802 4392 si
2857 4332 3068 4411 aliqua
3113 4331 3358 4392 ratione

1821 4430 2112 4507 peccaret
2141 4425 2548 4504 acceptandO,
2592 4425 2735 4486 ideo
2790 4429 2954 4486 esset
3011 4424 3161 4504 quia
3214 4441 3358 4485 coo-

1825 4525 2154 4598 peraretur
2196 4518 2442 4598 injustae
2473 4519 2805 4580 electioni:
2866 4536 2940 4578 ex
2997 4517 3116 4578 ‘noc
3150 4520 3360 4577 autem

1825 4613 2031 4691 capite
2064 4629 2188 4672 non
2220 4615 2439 4690 peccat
2466 4631 2481 4685 ;
2518 4629 2693 4689 erg0.
2719 4611 2924 4672 Minor
2943 4610 3005 4669 in
3037 4628 3161 4689 qua
3189 4609 3366 4669 vide-

1822 4710 1926 4766 tur
1979 4723 2114 4765 esse
2192 4709 2326 4765 tota
2376 4704 2740 4780 difficultas,
2808 4703 3138 4783 probatur,
3215 4701 3362 4781 quia

1829 4797 2289 4877 totainjustitia
2323 4801 2384 4858 et
2438 4798 2682 4858 malitia
2729 4797 2960 4876 iniquae
3019 4794 3360 4869 electionis,

1820 4890 1949 4971 jam
1998 4890 2316 4950 invenitur
2364 4890 2565 4967 posita
2618 4894 2764 4951 ante
2813 4888 3355 4967 acceptationem:

1825 4983 2077 5062 dignior
2117 4982 2286 5042 enim
2343 5000 2466 5042 non
2512 4983 2704 5043 habet
2749 4981 3110 5041 immediate
3145 4979 3250 5059 jus
3280 4980 3360 5039 ad

1824 5076 2225 5151 beneficium,
2269 5075 2380 5135 sed
2420 5075 2501 5135 ad
2556 5075 2923 5135 electionem
2966 5073 3084 5148 sui,
3133 5092 3243 5132 seu
3274 5092 3352 5132 ne

1822 5173 2239 5249 postponatur
2268 5169 2474 5228 minus
2504 5168 2726 5247 digno:
2761 5170 2892 5229 tota
2921 5185 3071 5245 ergo
3121 5165 3361 5245 injusti-

1820 5263 1909 5324 tia
1949 5262 2232 5324 consistit
2274 5263 2336 5322 in
2396 5280 2469 5322 eo
2551 5261 2720 5340 quod
2777 5263 3192 5338 postponatur
3247 5278 3361 5337 per

1822 5356 2194 5417 electionem
2223 5355 2430 5415 minus
2460 5354 2634 5432 digni
2678 5373 2690 5414 :
2727 5372 2853 5433 qua
2907 5351 3209 5430 injustitia
3245 5369 3362 5430 po-

1821 5449 1938 5509 sita
1970 5468 2044 5509 ex
2072 5453 2250 5527 parte
2283 5448 2594 5523 electoriS‚
2631 5446 2870 5507 nullum
2900 5444 3093 5506 habet
3124 5443 3229 5524 jus
3260 5443 3358 5504 di-

1818 5542 2020 5622 gnior,
2054 5545 2124 5604 ut
2151 5542 2358 5603 minus
2389 5541 2616 5621 dignus
2646 5558 2771 5601 non
2794 5541 3078 5619 acceptet
3106 5537 3360 5599 electio-
