4263 6376
1133 378 1603 444 DISPU'PA'I'IO
1647 378 1947 456 xxxvn,
1995 379 2271 442 SEc'rlo
2314 379 2446 442 ΧΠ.

183 556 448 633 potest,
480 552 630 634 quia
667 551 865 634 judex
893 572 968 620 ex
998 552 1205 614 officio
1230 553 1419 617 debet
1445 555 1746 635 quamdiu

185 646 541 710 veritatem
594 664 719 707 non
774 645 892 712 fuit
947 649 1291 730 assecutus,
1339 665 1479 708 eam
1523 648 1747 712 mediis

186 740 503 802 omnibus
529 739 716 800 licitis
744 738 1070 816 indagare,
1101 743 1173 800 ut
1205 739 1516 818 judicium
1546 741 1746 819 magis

185 833 459 898 veritati
484 832 805 893 conforme
833 833 1113 911 proferre
1163 833 1378 911 possit.
1413 836 1566 895 Cum
1595 840 1744 912 ergo

187 930 358 988 tunc
385 925 715 988 veritatem
744 942 870 992 non
901 924 1090 986 fuerit
1117 931 1441 988 assecutus
1466 973 1482 1002 ,
1517 931 1578 988 et
1604 946 1744 1006 pos*

185 1017 286 1078 sit
312 1017 484 1088 licite
526 1017 806 1080 medium
853 1016 1156 1079 adhibere
1187 1017 1371 1079 valde
1418 1022 1633 1097 aptum
1662 1018 1744 1079 ad

187 1128 349 1172 eam
403 1109 852 1176 inveniendam
876 1156 892 1185 ,
953 1128 1079 1172 non
1131 1109 1363 1189 poterit
1415 1116 1743 1173 contentus

183 1219 463 1264 manere
493 1203 713 1266 notitia
740 1203 850 1264 illa
877 1202 1068 1264 dubia
1108 1207 1170 1265 et
1197 1203 1458 1280 incerta,
1490 1205 1600 1265 sed
1626 1205 1742 1265 de-

184 1296 312 1358 het
341 1296 545 1375 magis
592 1297 832 1359 certam
878 1295 1218 1376 inquirere.
1252 1296 1426 1358 Sicut
1452 1316 1600 1377 ergo
1631 1297 1744 1359 110-

181 1389 361 1450 bens
391 1406 585 1454 unum
613 1391 838 1451 testem
887 1407 1015 1449 non
1060 1394 1271 1468 posset
1302 1409 1426 1452 non
1458 1409 1740 1471 quan-ere

183 1481 493 1558 alterum,
525 1481 626 1544 vel
653 1482 809 1544 alios
856 1481 936 1543 ad
981 1481 1234 1562 plenam
1281 1484 1735 1563 probationem,

182 1574 248 1636 si
280 1593 393 1640 eos
420 1574 654 1643 habere
688 1579 928 1655 potest3
981 1575 1070 1636 sic
1114 1593 1242 1637 non
1288 1576 1589 1641 satisfacit
1624 1596 1736 1639 suo

180 1668 448 1732 muneri
477 1668 796 1747 propriam
825 1668 1249 1749 delinquentis
1277 1669 1739 1732 confessionem

185 1780 328 1823 non
357 1761 680 1841 inquirens
709 1780 824 1841 per
848 1764 1161 1829 torturam
1185 1808 1200 1838 ,
1235 1766 1305 1824 ut
1334 1762 1568 1826 habeat
1592 1783 1738 1844 pro-

183 1855 520 1918 bationem
550 1854 801 1917 omnino
831 1855 1082 1935 plenam
1107 1873 1297 1935 quam
1329 1857 1609 1918 nondum
1631 1857 1738 1919 ha-

183 1949 329 2014 het.

278 2039 643 2108 Secundum
668 2039 928 2102 dubium
962 2041 1307 2122 principale
1341 2061 1474 2108 esse
1502 2046 1730 2123 potest,

185 2154 277 2196 an
308 2132 562 2215 quando
592 2152 736 2198 reus
764 2134 1095 2197 confessus
1149 2138 1243 2197 est
1272 2135 1591 2213 delictum,
1628 2135 1734 2197 ho-

185 2227 550 2303 micidium,
580 2245 640 2288 v.
661 2246 725 2306 g.
757 2225 869 2294 sed
901 2226 1060 2290 dixit
1092 2227 1156 2289 id
1185 2228 1406 2290 fecisse
1447 2228 1526 2290 ad
1557 2247 1735 2290 suam

186 2321 652 2397 defensionem,
685 2320 992 2381 confessio
1021 2321 1129 2382 illa
1157 2321 1429 2384 sufficiat
1479 2323 1558 2382 ad
1613 2322 1731 2382 im-

185 2415 560 2497 ponendam
613 2430 868 2492 poenam
915 2414 1301 2476 ordinariam
1372 2415 1734 2476 homicidii?

185 2508 407 2589 Aliqui
434 2506 772 2583 affirmant,
807 2506 954 2585 quia
983 2506 1282 2569 delictum
1310 2525 1558 2588 semper
1574 2526 1735 2586 prae-

186 2602 466 2664 sumitur
492 2599 657 2661 10010
687 2598 897 2667 animo
927 2599 1311 2677 factum,nisi
1345 2602 1730 2662 contrarium

183 2696 520 2776 probetur,
553 2711 609 2755 c.
641 2709 686 2754 1.
720 2690 791 2753 de
809 2702 1157 2774 proesumpt.
1191 2693 1321 2757 etl.
1356 2694 1566 2755 Sinon
1597 2713 1734 2755 con.

182 2788 353 2862 dieii,
389 2790 455 2850 G.
488 2794 558 2847 de
577 2784 831 2866 injuriis.
864 2787 957 2846 Ita
978 2786 1242 2848 Socinus
1271 2787 1333 2846 ln
1362 2787 1405 2849 l.
1438 2786 1574 2849 Non
1617 2787 1734 2847 uti-

184 2901 328 2963 que,
360 2882 422 2942 ff.
456 2878 525 2940 de
551 2887 772 2960 except.
805 2878 1071 2945 Probari
1097 2883 1309 2941 autem
1350 2880 1733 2959 potest,quia

187 2977 246 3035 01
279 2974 404 3036 duo
448 2977 637 3034 testes
680 2971 906 3032 0001011
937 2975 1316 3035 testarentur
1342 2972 1421 3033 de
1467 2972 1730 3038 homici-

141 3068 155 3081 '
185 3068 321 3142 dio,
343 3084 470 3130 non
490 3065 864 3127 liberaretur
890 3081 1035 3124 reus
1051 3063 1316 3128 dicendo
1337 3084 1402 3125 se
1432 3066 1732 3128 occidisse

185 3161 277 3223 ad
305 3159 756 3236 defensionem,
790 3157 1099 3220 confessio
1132 3162 1343 3221 autem
1370 3160 1626 3239 propria
1656 3176 1734 3221 01-

188 3254 474 3336 quivalet
501 3251 748 3315 duobus
776 3249 1074 3324 10011110ος
1108 3270 1256 3331 ergo
1287 3252 1604 3319 excusatio
1627 3252 1732 3314 illa

188 3366 321 3410 nen
352 3346 599 3412 liberat.
633 3344 753 3407 Alii
786 3343 1003 3409 dicunt
1022 3344 1139 3406 hoo
1168 3342 1549 3409 servandum
1569 3364 1728 3424 esse,

186 3442 240 3502 sl
276 3460 350 3502 ex
383 3438 863 3507 circumstantiis
892 3435 1234 3513 occidentis
1288 3441 1351 3499 et
1396 3438 1582 3499 occisi
1606 3456 1732 3507 non

183 3537 499 3614 appareat
524 3531 755 3593 veritas
796 3530 1234 3607 excusationis,
1267 3548 1449 3591 secus
1499 3532 1551 3591 si
1578 3549 1729 3611 pro·

187 3626 493 3692 habiliter
519 3627 840 3704 appareat.
882 3623 975 3682 Ita
1029 3622 1381 3685 sarmiento
1410 3623 1518 3685 lib.
1553 3625 1598 3686 l.
1635 3643 1735 3685 se-

187 3722 341 3784 lect.
377 3738 432 3782 c.
458 3735 501 3781 1.
536 3737 599 3783 n.
633 3720 730 3779 11.

277 3812 490 3875 Tertia
518 3811 827 3875 sententia
852 3810 1063 3872 verior
1092 3812 1154 3870 et
1178 3809 1528 3870 communis
1557 3810 1730 3887 dicit,

189 3904 590 3989 puniendum
620 3922 755 3965 esse
784 3922 973 3991 poena
1015 3900 1553 3976 extraordinaria3
1588 3904 1736 3983 quia

192 3997 493 4079 probatio
552 3996 658 4057 illu
704 4016 781 4057 ex
815 3994 1206 4058 confessione
1237 4013 1360 4056 non
1407 3999 1502 4057 est
1541 3996 1732 4074 clara,

192 4091 457 4173 quando
486 4089 737 4151 aliunde
766 4090 844 4150 de
891 4087 1228 4150 homicidio
1287 4107 1410 4149 non
1465 4093 1734 4159 constat.

191 4187 292 4247 110
323 4183 663 4245 Panormlt.
692 4182 965 4258 FelinuS,
998 4180 1245 4256 DeciuS,
1281 4180 1586 4245 Alexand.
1621 4183 1735 4243 Pa-

191 4279 321 4341 lae.
355 4275 612 4352 Rubios,
646 4277 792 4336 Ant.
820 4274 1007 4336 Gabr.
1050 4277 1115 4334 et
1142 4272 1246 4339 alil
1289 4291 1447 4353 quos
1466 4276 1649 4337 affert
1675 4279 1740 4341 et

193 4369 487 4450 sequitur
514 4367 745 4430 Sanch.
798 4366 860 4428 d.
913 4366 1021 4432 lib.
1055 4383 1151 4428 111.
1204 4364 1380 4428 Com.
1437 4385 1492 4429 c.
1552 4366 1736 4431 unico

196 4463 359 4527 dub.
405 4476 542 4522 xm.
580 4459 838 4521 Probari
868 4462 1079 4521 autem
1108 4462 1316 4539 potest
1370 4463 1740 4539 retorquen-

196 4555 287 4619 do
307 4558 754 4632 argumentum
781 4551 1021 4619 factum
1051 4569 1165 4632 pro
1199 4551 1429 4631 -prima
1485 4558 1740 4614 senten-

197 4650 333 4716 tia:
368 4648 517 4727 quia
557 4646 611 4707 si
664 4645 858 4711 iidem
898 4649 1088 4707 testes
1142 4645 1250 4725 qui
1297 4648 1607 4707 testantur
1660 4646 1738 4711 de

196 4739 570 4815 homicidio,
603 4742 983 4800 testarentur
1002 4738 1079 4799 de
1108 4739 1507 4801 excusatione
1541 4744 1603 4800 01
1631 4739 1740 4799 de-

200 4831 510 4907 fensione,
540 4831 831 4910 probatio
853 4831 960 4891 illa
987 4830 1308 4892 homicidii
1342 4846 1465 4891 non
1497 4832 1738 4891 suffice·

203 4928 327 4994 ret.
362 4927 516 4985 Cum
546 4940 696 5003 ergo
727 4922 1136 4984 homicidium
1166 4923 1368 4983 solum
1397 4928 1640 4986 constet
1668 4941 1741 4984 ex

202 5016 646 5081 testificatione
676 5014 1120 5099 delinquentia,
1155 5015 1262 5095 qui
1292 5015 1476 5081 simul
1521 5016 1740 5078 testifi-

203 5115 392 5174 catur
420 5109 497 5171 de
528 5109 950 5185 excusatione,
984 5126 1107 5169 non
1151 5112 1395 5170 constat
1426 5108 1607 5186 plene
1664 5109 1741 5169 de

201 5204 464 5265 delicto.
501 5203 682 5264 Ratio
730 5206 941 5264 nutem
980 5206 1094 5278 est,
1139 5200 1286 5282 quia
1340 5202 1742 5281 praesumptio

205 5297 359 5363 mali
382 5295 574 5358 animi
611 5298 761 5357 tunc
796 5299 910 5371 est,
946 5294 1198 5373 quando
1239 5293 1534 5355 delictum
1564 5310 1741 5353 cons·

205 5395 343 5454 tat:
371 5390 434 5449 in
453 5406 602 5450 casu
634 5392 847 5449 autem
876 5391 1089 5451 nostro
1119 5386 1420 5451 delictum
1444 5404 1567 5446 non
1602 5403 1744 5453 eon-

210 5483 480 5547 01010101
513 5500 590 5544 ex
618 5482 708 5544 rei
737 5479 1153 5557 confessione,
1205 5480 1311 5566 qui
1341 5498 1464 5540 non
1492 5480 1745 5540 conflte-

210 5584 318 5640 tur
349 5576 646 5644 delictum
681 5574 792 5641 sed
822 5573 1286 5645 defensionem3
1322 5590 1471 5650 ergo
1502 5590 1625 5633 non
1653 5576 1747 5634 est

3268 385 3382 444 727

1845 556 2020 617 loeus
2043 557 2539 637 praesumptioni,
2564 575 2707 638 quse
2747 558 2949 621 solum
2980 560 3172 621 babet
3225 559 3377 642 vim,

1846 649 2097 727 quando
2120 649 2416 711 delictum
2445 654 2693 713 constat
2710 652 2922 732 aliqua
2948 653 3074 730 via,
3101 670 3227 733 qua
3256 671 3380 720 000

1845 745 2089 804 0000101
2115 742 2353 821 pariter
2373 743 2717 805 excusatio.

1923 835 2127 911 Dices,
2162 834 2283 896 hoc
2310 837 2994 915 argumentoprobari,
3028 857 3143 900 nec
3191 839 3379 904 etiam

1843 945 2030 1006 poena
2063 928 2559 990 extraordinaria
2604 929 2993 1008 puniendum
3024 950 3196 993 esse:
3230 932 3375 1012 quia

1842 1020 1890 1080 si
1919 1024 2109 1083 testes
2130 1020 2517 1099 deponerent
2536 1021 2615 1082 de
2639 1022 2952 1084 occisione
2976 1025 3055 1085 ad
3073 1024 3379 1086 defensio·-

1841 1131 1985 1173 nem
2019 1112 2459 1189 necessariam,
2494 1114 2666 1176 nulla
2693 1133 2882 1194 poena
2911 1116 3373 1196 imponeretur3

1841 1223 1991 1284 ergo
2020 1206 2073 1267 si
2101 1209 2369 1285 utraque
2413 1210 2658 1269 constat
2710 1225 2786 1270 ex
2840 1209 3231 1272 confessione
3280 1211 3377 1289 ip-

1839 1296 1989 1374 sius,
2020 1297 2190 1359 idem
2220 1297 2559 1360 dicendum
2589 1300 2727 1362 erit.
2767 1302 3228 1379 Respondetur,
3278 1321 3378 1364 es-.-

1839 1409 1906 1452 se
1952 1391 2163 1471 quoad
2212 1391 2334 1453 hoc
2389 1392 2669 1472 aliquam
2722 1392 3142 1458 differentiam
3167 1414 3182 1458 2
3227 1394 3375 1474 quia

1839 1485 2145 1565 depositio
2194 1486 2449 1548 testium
2519 1486 2831 1566 {equalem
2861 1486 3054 1552 fidem
3081 1488 3232 1552 facit
3258 1507 3373 1567 pro

1839 1578 2241 1659 delinquente
2268 1583 2330 1641 et
2359 1583 2578 1644 contra
2607 1579 2823 1653 illum3
2861 1587 3060 1659 quare
3088 1598 3215 1642 non
3240 1598 3367 1644 ma-

1836 1671 1934 1750 gis
1962 1670 2352 1735 credendum
2379 1676 2473 1734 001
2493 1671 2613 1734 illis
2640 1671 2705 1736 10
2736 1690 2883 1749 uno,
2918 1691 3109 1752 quam
3129 1673 3194 1738 in
3226 1672 3373 1743 0110.
3412 1708 3419 1714 -

1835 1767 1918 1826 Α1
1943 1781 2093 1825 vero
2123 1764 2429 1826 confessio
2463 1767 2525 1828 et
2557 1765 2985 1830 testimonium
3007 1765 3375 1844 delinquen·-

1834 1856 1914 1919 tis
1943 1855 2152 1923 minus
2179 1857 2460 1922 creditur
2487 1875 2599 1935 pro
2629 1875 2697 1920 se
2746 1875 2937 1937 quam
2993 1861 3212 1920 contra
3266 1876 3368 1931 00;

1836 1967 2032 2030 quare
2062 1968 2188 2012 non
2217 1950 2399 2029 111000
2449 1949 2676 2030 probat
2731 1951 3228 2026 excusationem,
3261 1950 3373 2018 sed

1835 2042 2035 2122 magis
2063 2042 2289 2122 probat
2319 2042 2721 2119 occisionem,
2759 2060 2882 2106 non
2911 2048 3123 2110 101000
3170 2043 3373 2107 omni-

1834 2154 1915 2197 no
1944 2137 2221 2216 perfecte
2271 2136 2500 2215 probat
2559 2135 2880 2212 delictum,
2914 2136 3062 2216 (1010
3116 2154 3242 2200 000
3274 2140 3368 2200 001

1834 2229 2140 2291 confessio
2171 2227 2379 2292 delicti
2398 2227 2701 2306 formalis,
2735 2228 2845 2294 sed
2888 2229 3149 2294 actionis
3177 2233 3372 2296 mato-

1831 2320 2023 2398 rialis,
2056 2321 2383 2386 debilitata
2410 2325 2625 2384 tamen
2682 2340 2798 2400 per
2850 2320 3246 2386 additionem
3274 2340 3374 2389 ex·

1832 2414 2188 2491 cusationis,
2222 2415 2687 2493 (1001110010οο
2733 2415 2987 2478 omnino
3049 2415 3366 2493 credatur,

1833 2507 2118 2570 debilitat
2142 2511 2354 2570 tamen
2384 2508 2841 2572 confessionem
2862 2508 3213 2572 homicidii.

1911 2601 2191 2668 Tertium
2219 2599 2484 2662 dubium
2512 2599 2857 2679 principale
2890 2605 3006 2677 001,
3047 2619 3127 2664 00
3178 2601 3369 2680 judex

1832 2692 1939 2773 qui
1979 2697 2199 2754 contra
2218 2694 2324 2771 jus
2355 2692 2591 2771 aliquid
2642 2692 2815 2754 novit
2843 2712 2879 2752 a
2907 2711 3018 2756 reo
3058 2694 3158 2758 vel
3186 2712 3223 2758 0
3249 2697 3367 2761 tes·

1832 2789 1914 2862 te,
1946 2785 2144 2866 possit
2171 2803 2248 2846 ex
2275 2802 2349 2846 ea
2371 2783 2597 2850 notitia
2615 2784 2938 2864 injudicio
2967 2786 3308 2865 procedere
3336 2786 3367 2847 Ῥ

1831 2880 1966 2939 Non
2036 2881 2130 2940 001
2197 2894 2404 2938 sermo
2453 2876 2530 2938 de
2573 2877 2796 2940 notitia
2845 2883 3262 2957 promanante
3289 2897 3366 2942 ex

1830 2969 2219 3033 confessione
2276 2970 2752 3043 sacramentam
2816 2970 2952 3034 haec
3040 2971 3208 3036 enim
3284 2971 3363 3036 ad

1830 3063 2070 3126 nullum
2100 3081 2354 3142 prorsus
2374 3062 2740 3141 judicialem
2777 3082 3141 3143 processum
3199 3064 3367 3128 utilis

1832 3174 1968 3223 esse
1996 3160 2223 3237 potest,
2249 3156 2360 3219 sed
2407 3155 2513 3218 ubi
2542 3151 2817 3235 primum
2864 3156 2943 3218 de
2987 3156 3220 3223 vitiosa
3251 3157 3368 3224 ori-

1830 3250 1978 3329 gine
2034 3249 2402 3327 constiterit,
2461 3249 2695 3312 debent
2760 3251 2975 3313 omnia
3028 3269 3365 3331 processus

1831 3347 1972 3405 aeta
1998 3343 2261 3419 aboleri,
2293 3360 2409 3404 nec
2439 3360 2515 3403 ex
2543 3343 2767 3405 notitia
2794 3343 2898 3404 illa
2927 3344 3055 3407 ullo
3084 3344 3274 3406 modo
3303 3344 3368 3405 in

1835 3454 2032 3499 causa
2050 3434 2587 3514 progrediendum
2617 3439 2733 3512 est,
2767 3436 2929 3499 sicut
2957 3437 3010 3499 01
3039 3437 3187 3500 10110
3215 3436 3373 3502 noti-

1829 3531 1918 3593 tia
1947 3528 2162 3590 hahita
2204 3546 2528 3607 nunquam
2551 3528 2792 3605 fuisset,
2825 3531 2896 3593 ut
2915 3548 3058 3592 cum
3102 3531 3276 3605 sote,
3310 3532 3373 3590 et

1832 3623 1967 3683 aliis
1989 3621 2281 3682 observat
2309 3619 2536 3681 Sanch.
2563 3619 2671 3682 lib.
2695 3623 2798 3683 VI.
2826 3639 2998 3684 0000.
3025 3641 3079 3683 0.
3104 3621 3366 3689 111.(1011.

1831 3731 2040 3779 xxxlx.
2073 3733 2135 3774 n.
2172 3715 2266 3773 10.
2302 3716 2364 3773 et
2392 3730 2506 3775 nos
2535 3712 2803 3777 diximus
2833 3712 2897 3775 in
2930 3717 3102 3775 tomo
3136 3713 3206 3774 de
3234 3732 3369 3794 12oe-

1831 3807 2094 3879 nitentia,
2130 3809 2389 3883 agentes
2421 3804 2499 3865 de
2529 3805 2731 3884 sigillo
2764 3805 3197 3873 confessionis,

1912 3897 2254 3978 Loquendo
2297 3914 2447 3975 ergo
2476 3897 2556 3957 de
2611 3896 2734 3957 alia
2763 3897 2982 3961 notitia
3010 3902 3242 3978 praeter
3273 3915 3369 3963 sa-

1835 3991 2304 4066 cramentalem,
2343 3989 2561 4067 regula
2588 3990 2901 4067 generalis
2957 3995 3072 4067 001,
3126 3990 3369 4071 quoties

1833 4086 2060 4167 injuste
2089 4088 2153 4146 et
2194 4081 2518 4161 illegitime
2547 4101 2584 4144 a
2605 4082 2821 4162 judice
2865 4083 3085 4145 habita
3115 4087 3233 4159 001,
3268 4085 3368 4162 ju-

1835 4180 2040 4240 dicem
2061 4196 2185 4238 non
2212 4193 2396 4256 posse
2429 4175 2711 4253 legitime
2739 4194 2813 4235 ex
2861 4176 2968 4237 illa
2996 4176 3365 4256 procedere.

1835 4276 1928 4335 Ita
1957 4274 2217 4332 Navarr.
2254 4271 2459 4344 Sotus,
2510 4268 2728 4344 etalii,
2765 4287 2922 4347 quos
2972 4268 3259 4348 congerit
3312 4273 3375 4334 et

1835 4364 2114 4444 sequitur
2142 4361 2371 4424 Sanch.
2408 4360 2583 4422 ibin.
2620 4364 2675 4422 1.
2726 4361 2975 4422 Lessius
3030 4362 3137 4423 lib.
3189 4363 3267 4425 11.
3313 4380 3369 4428 c.

1836 4474 2004 4519 xxix.
2043 4456 2193 4516 dub.
2227 4470 2408 4515 xvm.
2441 4472 2504 4517 n.
2542 4456 2675 4515 172.
2712 4455 2996 4533 Fagund.
3058 4458 3371 4533 praecepto

1839 4566 1976 4613 vm.
2013 4564 2220 4610 c.xxl.
2256 4566 2317 4608 n.
2351 4550 2411 4608 3.
2476 4550 2539 4608 et
2592 4545 2696 4607 alii
2744 4547 3181 4610 communiter.
3241 4550 3374 4609 Hoc

1838 4648 2050 4723 autem
2068 4640 2261 4720 aliqui
2291 4639 2377 4701 ita
2402 4638 2693 4714 limitent,
2730 4638 2900 4716 quod
2927 4642 3137 4715 posset
3174 4638 3372 4717 judex

1839 4755 1914 4797 ex
1941 4735 2049 4800 tali
2079 4732 2301 4795 notitia
2344 4749 2521 4793 reum
2551 4730 2794 4809 punire,
2830 4730 3083 4809 quando
3142 4748 3216 4792 ex
3246 4750 3371 4793 non

1837 4829 2055 4910 punito
2087 4826 2354 4886 oriretur
2398 4821 2788 4897 scandalum,
2848 4822 2902 4882 01
2956 4822 3156 4889 scelus
3211 4827 3374 4884 esset

1838 4919 2275 4995 foedissimum,
2310 4919 2372 4977 et
2397 4914 2723 4976 occasione
2769 4914 2912 4977 talis
2966 4918 3198 4976 exortae
3229 4933 3373 4978 con·

1839 5011 2122 5075 fessionis
2146 5010 2278 5089 jam
2300 5007 2684 5088 publicatum
2710 5006 2773 5067 in
2804 5006 3158 5085 popule.lta
3190 5009 3374 5070 Sotus

1841 5104 1910 5166 de
1934 5111 2172 5178 secreto,
2204 5101 2469 5162 membr.
2506 5101 2613 5162 III.
2648 5117 2709 5177 q.
2736 5115 2779 5161 1.
2815 5098 3011 5160 concl.
3039 5102 3098 5160 5.
3132 5099 3369 5175 (110000,

1839 5202 2051 5259 tamen
2081 5212 2215 5255 rem
2244 5212 2379 5257 csse
2409 5192 2889 5270 dubiam,quam
2919 5191 3182 5252 aliorum
3203 5193 3228 5270 j
3239 5192 3375 5255 udi·

1842 5292 1938 5353 cio
1967 5288 2319 5350 committit.
2357 5287 2595 5348 Clarius
2624 5288 2903 5345 Navarra
2948 5284 3019 5346 de
3046 5283 3228 5346 restit.
3260 5282 3367 5344 lib.

1844 5386 1979 5447 vll.
2013 5400 2067 5444 c.
2103 5398 2198 5443 111.
2235 5400 2298 5443 n.
2331 5382 2467 5440 243.
2494 5382 2557 5440 et
2585 5377 2687 5438 alii
2722 5394 2879 5456 quos
2932 5376 3127 5438 refert
3185 5376 3372 5439 citato

1846 5475 2099 5538 nomine
2131 5472 2362 5535 Sanch.
2398 5471 2481 5532 ibi
2514 5490 2573 5532 n.
2621 5473 2681 5533 3.
2717 5470 2821 5549 qui
2881 5468 3143 5544 addunt,
3177 5469 3372 5531 teneri

1843 5576 2054 5635 tamen
2078 5567 2359 5648 judicem
2387 5564 2466 5626 ad
2503 5564 2956 5627 restitutlonem
3000 5579 3113 5641 pro
3144 5561 3373 5624 damno

3517 2616 3630 2675 147

3444 2740 3505 2784 Ex
3536 2741 3683 2784 notitia

3417 2801 3509 2838 orta
3529 2808 3579 2840 m
3608 2807 3713 2844 eon-

3414 2849 3595 2891 fessione
3635 2862 3711 2892 n·-

3440 2903 3681 2954 010100οωί

3442 2968 3524 3004 nou
3554 2959 3690 3018 potest

3517 3916 3634 3977 148

3417 4043 3483 4085 An
3502 4054 3552 4105 ex
3568 4042 3717 4086 nolitis

3482 4151 3657 4193 extorts.
