4263 6376
1257 320 1726 382 DISPUTATIO
1770 320 2012 393 XXVII,
2061 320 2336 380 SECTIO
2379 319 2453 379 11.
3274 317 3390 376 343

261 492 397 567 culo,
427 496 542 552 etc.
575 490 662 552 ita
688 509 805 552 nee
833 492 1064 569 poterit
1093 492 1214 553 emi
1245 511 1468 553 census
1492 538 1507 568 ,
1540 492 1603 552 in
1633 509 1757 571 quo

261 583 532 664 ejusmodi
549 584 880 661 pensiones
896 584 1212 645 solvendae
1233 590 1549 647 emuntur.
1567 588 1757 646 Porro

259 683 384 740 tuno
408 677 526 736 emi
554 676 884 755 pensiones
915 677 1084 755 ipsas
1116 677 1448 739 solvendas
1467 724 1482 754 ,
1517 682 1760 739 constat

260 789 318 830 ex
359 768 528 829 dietis
579 774 809 847 puncto
871 770 1254 846 praecedenti
1308 790 1319 830 :
1369 771 1518 849 quia
1558 771 1662 850 qui
1693 789 1758 829 se

259 861 464 939 obligat
506 860 916 938 personaliter
943 862 1024 921 ad
1068 862 1301 941 aliquid
1335 862 1611 922 dandum
1644 882 1757 941 pro

259 954 449 1032 preti0,
481 952 645 1031 quod
674 971 841 1013 nunc
869 953 1135 1032 accipit,
1190 972 1312 1015 non
1360 959 1565 1034 potest
1606 974 1758 1014 ven-

259 1046 383 1106 dere
413 1045 608 1105 solum
648 1046 754 1123 jus
803 1045 881 1104 ad
929 1064 1066 1104 rem
1120 1045 1327 1122 illam,
1379 1047 1524 1126 quin
1573 1047 1758 1107 simul

257 1136 456 1197 vendat
499 1155 630 1197 rem
677 1136 878 1217 ipsam
926 1137 1248 1198 dandam:
1283 1138 1557 1218 alioquin
1606 1158 1757 1218 quo-

257 1231 351 1292 ties
412 1228 698 1290 venditur
765 1230 1036 1291 triticum
1099 1236 1316 1310 postea
1383 1232 1757 1291 tradendum

257 1341 348 1401 pro
374 1322 561 1400 pretio
606 1322 940 1400 praesenti,
1005 1341 1129 1383 non
1176 1324 1555 1385 venderetur
1599 1324 1755 1385 triti-

256 1433 392 1490 cum,
421 1413 526 1473 sed
561 1414 668 1492 jus
697 1414 776 1475 ad
809 1414 998 1491 illud,
1047 1420 1110 1476 et
1149 1416 1399 1495 quando
1441 1423 1755 1479 mutuata-

255 1508 360 1567 rius
383 1525 444 1566 se
476 1506 717 1585 obligat
745 1506 825 1567 ad
873 1507 1269 1568 reddendum
1297 1513 1584 1569 mutuum
1607 1555 1622 1585 ,
1656 1528 1757 1569 so·-

253 1600 358 1659 lnm
383 1599 634 1660 daretur
653 1616 767 1679 pro
797 1604 1013 1660 mutuo
1056 1599 1159 1678 jus
1191 1600 1271 1660 ad
1310 1601 1371 1661 id
1406 1602 1575 1680 quod
1618 1602 1755 1661 red-

254 1691 491 1751 dendum
521 1696 648 1767 est,
684 1710 807 1752 non
839 1711 987 1752 vero
1035 1692 1171 1771 ipsa
1199 1693 1461 1772 pecunia
1494 1694 1760 1754 redden-

254 1784 335 1858 da,
364 1802 477 1861 quo
507 1788 696 1862 paeto
728 1784 969 1862 palliari
1003 1789 1261 1864 possent
1293 1804 1510 1846 omnes
1548 1806 1754 1846 usurae

253 1881 302 1936 et
322 1875 654 1955 emptiones
681 1876 929 1954 injustae
963 1897 974 1938 :
1009 1877 1115 1936 illa
1135 1897 1282 1957 ergo
1306 1897 1427 1954 reS,
1461 1878 1538 1939 ad
1564 1897 1753 1957 quam

252 1968 488 2029 dandam
543 1988 614 2029 se
671 1970 910 2048 obligat
962 1970 1284 2046 venditor,
1350 1976 1446 2031 est
1497 1990 1637 2050 quae
1689 1972 1752 2031 in

251 2061 389 2122 omni
415 2061 623 2140 rigore
658 2062 949 2122 venditur
971 2107 987 2138 ,
1021 2066 1208 2143 atque
1239 2062 1397 2123 adeo
1427 2082 1539 2141 pro
1574 2066 1747 2124 1000.

248 2154 627 2232 praesentibus
657 2155 1083 2215 venderentur
1130 2156 1463 2235 pensiones
1506 2156 1754 2215 solven-

250 2244 346 2320 dae,
374 2264 505 2325 quae
549 2265 627 2307 eo
676 2251 956 2324 ternpore
1009 2266 1133 2327 quo
1181 2249 1537 2322 solventur,
1589 2248 1754 2308 vale-

247 2338 376 2399 hunt
398 2341 575 2401 2000.
611 2340 782 2419 quod
813 2340 944 2400 sine
984 2339 1286 2420 injustitia
1315 2341 1609 2401 fierivnon
1640 2361 1752 2421 po—

308 2523 582 2584 Seeundo
610 2523 887 2603 probari,
923 2527 986 2585 et
1014 2523 1309 2603 explicari
1339 2529 1564 2603 potest,
1604 2526 1752 2604 quia

247 2631 344 2674 non
387 2618 593 2694 potest
657 2616 881 2695 aliquis
934 2616 1044 2677 tibi
1101 2616 1267 2678 licite
1321 2620 1541 2678 mutua
1594 2617 1749 2678 dare

246 2713 460 2768 centum
487 2727 565 2769 eo
594 2714 784 2788 paeto
810 2755 825 2784 ‚
860 2715 928 2771 ut
956 2711 1097 2787 post
1124 2708 1379 2787 triginta
1422 2728 1618 2770 annos
1645 2729 1751 2770 ea-

246 2798 363 2859 dem
397 2802 651 2873 reddas,
714 2806 777 2861 et
828 2801 1081 2862 interim
1123 2802 1328 2861 solvas
1370 2802 1494 2863 dno
1543 2821 1750 2863 annua

245 2910 343 2951 non
370 2894 793 2971 computanda
821 2894 883 2953 in
914 2899 1180 2958 sortem:
1202 2894 1322 2954 hoo
1350 2899 1559 2955 autem
1585 2894 1747 2954 idem

241 2984 298 3045 fit
318 2984 645 3064 obligando
677 2990 737 3046 te
763 2986 841 3046 ad
867 2985 1233 3046 solvendam
1263 2986 1627 3064 pensionem
1643 3006 1750 3047 an-

242 3094 420 3151 nuam,
451 3096 575 3138 non
607 3078 1103 3157 computandam
1131 3078 1192 3137 in
1225 3082 1478 3155 sortem,
1512 3080 1620 3139 sed
1644 3079 1747 3138 de-

241 3166 344 3229 bito
372 3169 611 3249 integro
635 3190 890 3250 semper
915 3175 1377 3249 perseverante.
1399 3170 1536 3232 Alia
1566 3191 1746 3250 argu·

240 3265 418 3322 menta
444 3263 645 3322 videri
678 3268 943 3342 possunt
969 3263 1135 3340 apud
1164 3263 1497 3341 praedictos
1527 3267 1744 3324 aucto-

240 3372 338 3427 re3‚
365 3374 499 3434 quae
529 3356 781 3432 omitt0,
817 3356 960 3435 quia
993 3360 1123 3416 tota
1153 3375 1368 3416 eorum
1396 3356 1488 3416 vis
1511 3357 1589 3416 ad
1613 3356 1747 3417 haee

239 3448 348 3508 sola
371 3449 582 3509 reduci
627 3448 840 3509 debet.
878 3449 1149 3509 Adverte
1197 3453 1441 3525 autem,
1495 3450 1747 3510 nomine

241 3557 509 3617 personae,
543 3559 745 3619 super
772 3560 901 3620 qua
928 3539 1195 3600 diximus
1226 3560 1480 3602 censum
1523 3543 1747 3603 consti-

237 3632 444 3692 tuinon
490 3651 724 3711 posse,
770 3632 1030 3712 intelligi
1079 3633 1267 3693 etiam
1314 3652 1644 3713 personam
1674 3634 1748 3693 fi-

237 3728 393 3800 ctam,
424 3726 631 3804 qualis
663 3729 758 3785 est
786 3725 1005 3786 civitas
1026 3726 1122 3785 vel
1153 3727 1569 3788 communitas
1600 3727 1746 3787 libe·

235 3835 330 3878 ra:
357 3837 489 3897 quae
521 3819 737 3887 etiam,
775 3817 1028 3897 quando
1073 3836 1331 3878 censum
1359 3819 1604 3896 vendit,
1638 3820 1749 3880 de-

235 3908 320 3970 bet
357 3912 682 3988 assignare
731 3910 901 3971 bona
956 3909 1166 3989 aliqua
1218 3910 1565 3971 immobilia
1593 3958 1608 3987 ‚
1645 3932 1748 3972 su-

233 4021 326 4079 per
347 4004 570 4083 quibus
600 4021 830 4064 census
859 4003 1275 4064 constituatur
1309 4024 1321 4064 :
1358 4005 1527 4083 quod
1558 4005 1748 4066 etiam

233 4096 490 4157 eoncedit
545 4095 732 4157 Salas
790 4095 941 4155 dub.
993 4112 1156 4157 xtvx.
1208 4097 1530 4175 supposito
1580 4097 1747 4176 quod

234 4206 336 4247 non
377 4189 455 4248 sit
498 4188 758 4248 illicitus
811 4206 1032 4247 census
1079 4189 1424 4268 personalis
1449 4235 1464 4265 ,
1499 4194 1561 4250 et
1588 4190 1746 4250 bene

233 4280 430 4355 probat
456 4285 682 4341 eontra
709 4280 956 4359 aliquos
995 4281 1380 4341 contrarium
1422 4281 1740 4342 docenteS.

299 4374 405 4434 Pro
459 4373 783 4434 contraria
833 4373 1140 4434 sententia
1184 4374 1471 4450 arguitur
1518 4375 1742 4453 primo,

142 4520 171 4548 Β
234 4465 355 4542 quia
383 4485 611 4526 census
657 4465 845 4526 realis
873 4465 1035 4526 licite
1068 4466 1295 4527 emitur
1338 4466 1566 4526 minori
1605 4486 1748 4545 pre-

142 4569 176 4657 L·
234 4557 334 4632 tio,
365 4577 554 4637 quam
588 4558 671 4619 sit
699 4557 988 4618 cumulus
1019 4558 1391 4636 pensionum
1421 4558 1745 4618 solvenda-

229 4667 351 4709 rum
383 4671 398 4711 :
448 4670 605 4731 ergo
647 4653 711 4711 et
757 4650 1101 4729 personalis
1129 4650 1295 4713 licite
1325 4651 1446 4710 emi
1476 4652 1740 4729 poterit;

231 4742 375 4820 quod
404 4744 576 4803 enim
608 4743 927 4821 obligetur
954 4762 1051 4803 res
1075 4744 1173 4802 vel
1203 4744 1336 4804 sola
1355 4763 1622 4822 persona
1641 4763 1744 4822 pa-

229 4852 349 4894 rum
375 4837 571 4896 refert
605 4856 619 4897 :
663 4836 791 4896 imo
833 4836 1040 4895 minus
1069 4835 1319 4896 videtur
1347 4836 1556 4897 valere
1589 4836 1747 4897 obli-

227 4928 375 5004 gatio
403 4928 781 5008 personaliS,
816 4946 954 5006 quae
975 4928 1179 4988 minus
1200 4946 1415 4988 secura
1434 4934 1528 4990 est
1556 4948 1744 5008 quarn

227 5021 428 5094 realis;
476 5039 624 5081 eum
664 5020 911 5080 facilius
952 5020 1220 5081 deficere
1258 5022 1452 5098 possit
1477 5040 1746 5100 persona

228 5130 392 5191 quam
412 5112 727 5191 praedium
744 5112 913 5191 quod
936 5112 1249 5192 obligatur
1269 5113 1328 5173 in
1353 5132 1544 5174 censu
1567 5114 1739 5175 reali.

228 5204 647 5283 Respondetur
675 5224 752 5264 ex
783 5203 1002 5280 dictis,
1040 5205 1328 5283 negando
1359 5224 1743 5286 consequen-

227 5296 377 5374 tiam,
408 5297 563 5376 quia
589 5297 650 5356 in
682 5315 873 5358 censu
907 5297 1057 5357 reali
1083 5297 1320 5376 aliquid
1342 5298 1569 5359 emitur
1588 5318 1742 5377 prae-

226 5407 347 5448 sens
374 5389 746 5450 distinctum
775 5409 816 5449 a
845 5389 1280 5468 pensionibuS,
1314 5391 1412 5450 vel
1439 5392 1742 5452 fructibus

225 5480 615 5561 colligendis,
666 5499 896 5560 nempe
942 5482 1250 5561 praedium
1278 5483 1484 5563 ipsum
1521 5485 1741 5547 saltem

1865 490 2073 571 quoad
2108 490 2457 553 dominium
2491 490 2678 567 utile,
2738 496 2800 552 et
2846 492 2951 571 jus
3006 490 3392 551 ususfructus

1859 582 2175 661 partialiS,
2235 585 2414 662 cujus
2468 582 2726 643 dominii
2784 584 2958 644 valor
3012 582 3393 644 sufficienter

1859 676 2122 736 solvitur
2149 676 2261 736 tali
2290 675 2487 755 pretio
2523 693 2537 738 ε
2583 676 2645 735 in
2692 694 2881 736 censu
2927 679 3135 735 autem
3177 695 3393 754 perso-

1858 767 1984 826 nali
2014 767 2170 826 nihil
2201 767 2495 828 venditur
2536 786 2846 847 praesens,
2899 768 3007 827 sed
3058 767 3207 827 solae
3238 787 3391 846 pen-

1857 859 2064 919 siones
2093 860 2429 936 solvendae,
2465 879 2733 940 quarum
2762 861 2939 920 valor
2967 861 3263 922 aestimari
3289 861 3391 921 de-

1856 950 1997 1028 bet,
2043 970 2169 1012 non
2198 971 2311 1032 pro
2359 952 2477 1012 hoc
2522 956 2805 1031 tempore
2855 972 2976 1032 quo
3006 953 3384 1028 venduntur,

1857 1043 1967 1104 sed
1998 1063 2110 1123 pro
2142 1049 2421 1123 tempore
2453 1063 2575 1124 quo
2606 1046 2966 1121 tradentur,
3013 1045 3173 1106 sieut
3200 1049 3263 1107 et
3290 1064 3389 1105 res

1857 1136 1996 1196 aliae
2033 1137 2298 1197 venditae
2346 1137 2639 1197 aestimari
2683 1138 2935 1199 debent.
2995 1140 3121 1198 Neo
3173 1139 3383 1215 refert,

1856 1228 2024 1308 quod
2057 1230 2267 1289 utilior
2297 1233 2359 1290 et
2385 1229 2609 1290 melior
2629 1230 2976 1292 aestimatur
2997 1249 3218 1290 census
3249 1250 3388 1290 rea-

1854 1321 1929 1381 lis
1958 1340 2147 1400 quam
2184 1322 2530 1400 personalis
2565 1342 2577 1383 :
2622 1342 2767 1381 nam
2792 1321 3036 1401 justitia
3081 1322 3178 1382 vel
3225 1322 3388 1402 inju-

1855 1413 2022 1475 stitia
2050 1418 2408 1475 eontraetus
2448 1433 2573 1475 non
2609 1414 2875 1475 sumitur
2913 1434 2993 1476 ex
3032 1416 3250 1494 maJ'ori
3286 1434 3387 1476 so-

1853 1505 2013 1580 lum,
2048 1506 2146 1566 vel
2175 1506 2399 1567 minori
2433 1507 2697 1569 utilitate
2723 1554 2738 1583 ‚
2787 1507 2898 1569 sed
2927 1527 3000 1567 ex
3031 1508 3386 1587 aequalitate

1855 1597 1982 1658 dati
2016 1602 2077 1659 et
2096 1600 2338 1677 accepti
2364 1617 2377 1662 :
2411 1599 2500 1660 sie
2530 1600 2719 1661 etiam
2741 1600 2951 1660 utilius
2972 1599 3085 1660 tibi
3106 1603 3200 1660 est
3218 1600 3386 1660 mille

1855 1690 2059 1749 aureis
2089 1709 2297 1750 emere
2330 1710 2553 1769 agrum
2584 1692 2680 1751 vel
2710 1692 2957 1751 vineam
2977 1738 2993 1769 ,
3038 1710 3224 1771 quam
3254 1711 3387 1752 mu-

1853 1786 2031 1844 tuare
2075 1782 2212 1844 illos
2267 1783 2624 1845 reddendos
2670 1787 2811 1862 post
2856 1784 3195 1844 triennium
3242 1804 3385 1845 eum

1855 1874 1991 1933 aliis
2022 1875 2279 1953 triginta
2309 1894 2418 1954 pro
2449 1876 2622 1936 lucro
2654 1894 2729 1935 ex
2757 1881 2974 1936 mutuo
3009 1895 3023 1949 ;
3073 1882 3133 1937 et
3159 1882 3383 1952 ⁴tamen

1853 1966 1954 2026 ille
1984 1968 2156 2046 prior
2183 1972 2540 2029 contractus
2569 1968 2774 2029 licitus
2803 1973 2929 2044 est,
2971 1967 3073 2028 hie
3100 1988 3249 2029 vero
3280 1988 3384 2047 po-

1851 2058 2075 2120 sterior
2090 2060 2411 2121 usurarius
2427 2065 2489 2122 et
2505 2060 2770 2137 illicitus,
2794 2061 2940 2139 quia
2962 2080 3082 2121 non
3104 2068 3386 2123 servatur

1854 2152 2179 2230 aequalitas
2208 2152 2371 2213 inter
2395 2152 2612 2213 datum
2659 2158 2720 2215 et
2758 2158 3107 2231 acceptum.
3156 2153 3385 2215 Simili-

1851 2243 1990 2304 liter
2019 2263 2171 2321 ergo
2202 2263 2425 2305 census
2445 2244 2790 2323 personalis
2809 2245 3016 2305 minus
3046 2245 3212 2306 utilis
3241 2247 3380 2324 erit,

1851 2336 1960 2395 sed
1991 2335 2264 2414 illicitus,
2299 2338 2446 2417 quia
2475 2338 2536 2396 id
2567 2337 2733 2417 quod
2753 2338 2981 2398 emitur
3009 2338 3116 2398 tali
3137 2343 3386 2400 contra-

1850 2433 1954 2489 etu
1983 2446 2103 2489 non
2136 2432 2230 2490 est
2249 2430 2484 2509 aliquid
2507 2448 2801 2509 praesens,
2827 2429 3005 2509 eujus
3024 2431 3201 2491 valor
3217 2436 3385 2492 totus

1842 2519 1976 2600 jam
2006 2521 2117 2597 sit,
2171 2522 2282 2581 sed
2312 2522 2550 2600 aliquid
2586 2522 2787 2582 solum
2832 2523 3144 2599 futurum,
3205 2522 3384 2602 eujus

1851 2616 2016 2675 totus
2039 2614 2215 2673 valor
2235 2614 2355 2675 erit
2373 2613 2623 2693 quando
2647 2615 2943 2675 solvetur.
2977 2615 3156 2676 Unde
3176 2616 3383 2676 minus

1845 2706 2033 2766 etiam
2047 2706 2441 2785 arguipotest
2458 2726 2529 2766 ex
2561 2725 2751 2767 censu
2783 2707 2934 2766 reali
2964 2708 3373 2784 reservativo,

1848 2797 1912 2857 in
1970 2817 2093 2877 quo
2152 2799 2486 2876 pensiones
2541 2799 2604 2858 in
2652 2799 2961 2859 infinitum
3003 2799 3329 2861 solvuntur
3361 2819 3374 2860 :

1851 2909 1998 2951 narn
2028 2891 2114 2951 ibi
2161 2892 2221 2951 in
2250 2892 2471 2970 primis
2517 2892 2670 2951 nihil
2713 2892 2964 2970 proprie
3006 2892 3267 2968 emitur,
3315 2898 3383 2952 ut

1851 3001 2043 3062 supra
2084 2984 2383 3060 vidimuS,
2445 2985 2554 3044 sed
2611 2985 2901 3044 dominus
2944 2989 3223 3045 reservat
3261 2984 3381 3044 sibi

1846 3080 2090 3153 partem
2120 3076 2381 3136 dominii
2429 3076 2596 3138 utilis
2652 3076 2739 3136 rei
2793 3094 2983 3155 quam
3028 3076 3258 3152 tradit,
3320 3081 3381 3138 et

1845 3168 2140 3231 transfert
2166 3169 2230 3228 in
2261 3168 2452 3230 alium
2488 3190 2500 3231 ε
2537 3168 2786 3245 deinde,
2824 3169 2971 3249 quia
3009 3169 3251 3230 etiamsi
3274 3170 3380 3249 jus

1846 3261 1996 3322 illud
2029 3267 2365 3338 emeretur,
2402 3281 2522 3323 non
2555 3266 2848 3323 emuntur
2867 3261 3197 3341 pensiones
3226 3263 3377 3342 ipsae

1847 3355 2188 3432 solvendas,
2222 3355 2333 3414 sed
2364 3355 2711 3415 dominium
2741 3354 2889 3415 utile
2918 3354 3138 3434 praedii
3168 3356 3376 3433 quoad

1845 3453 2090 3526 partem
2116 3493 2133 3524 ,
2181 3447 2346 3527 quod
2380 3447 2727 3507 dominium
2758 3465 2923 3507 nune
2953 3465 3076 3507 non
3107 3447 3244 3525 plus
3273 3465 3374 3508 va-

1845 3540 1931 3601 let
1961 3559 2151 3620 quam
2179 3542 2447 3620 pretium
2480 3558 2602 3619 quo
2634 3540 2881 3602 emitur.

1928 3634 2217 3694 Secundo
2284 3638 2557 3712 arguunt
2586 3679 2602 3708 ,
2669 3633 2818 3712 quia
2883 3636 3085 3711 potest
3150 3633 3374 3712 aliquis

1845 3731 2066 3804 sponte
2097 3745 2211 3786 sua
2240 3745 2305 3786 se
2325 3726 2739 3805 personaliter
2765 3726 2966 3786 solum
2987 3725 3264 3804 obligare
3294 3727 3374 3785 ad

1846 3819 2213 3898 pensionem
2234 3836 2508 3879 annuam
2529 3819 2708 3879 alteri
2734 3818 3101 3879 solvendam
3126 3838 3138 3878 :
3172 3821 3378 3896 potest

1847 3911 2034 3972 etiam
2065 3911 2354 3990 princeps
2396 3910 2703 3989 ejusmodi
2732 3910 3049 3988 pensionis
3078 3929 3378 3989 persona-

1845 4003 1919 4063 lis
1966 4004 2339 4065 solutionem
2382 4002 2646 4063 subditis
2690 4022 2802 4080 per
2849 4003 3110 4063 modum
3160 4004 3377 4065 tributi

1846 4096 2169 4175 imponere
2214 4115 2227 4156 τ
2295 4114 2443 4174 ergo
2500 4096 2729 4173 poterit
2789 4096 2979 4157 etiam
3032 4115 3098 4156 se
3153 4096 3376 4175 aliquis

1847 4189 2045 4266 pretio
2075 4194 2334 4268 accepto
2381 4188 2462 4249 ad
2510 4187 2799 4248 eamdem
2843 4188 3207 4268 pensionem
3254 4189 3378 4249 sol-

1846 4281 2117 4342 vendam
2149 4282 2467 4360 obligare,
2515 4299 2631 4341 nee
2679 4282 2947 4359 pretium
2991 4281 3142 4342 illud
3189 4285 3260 4342 ut
3297 4282 3378 4342 sit

1839 4372 2103 4453 justum,
2140 4375 2327 4435 dehet
2354 4373 2559 4452 majus
2590 4392 2725 4433 esse
2755 4393 2944 4453 quam
2974 4374 3038 4433 id
3070 4394 3189 4453 quo
3222 4375 3378 4436 obli-

1844 4466 2015 4543 gatio
2042 4467 2145 4526 illa
2174 4466 2548 4543 liberaliter,
2583 4467 2682 4527 vel
2713 4485 2747 4525 a
2778 4467 3057 4544 principe
3084 4467 3377 4546 imposita

1847 4559 2143 4620 aestimari
2191 4563 2416 4636 posset.
2474 4561 2723 4620 Certum
2773 4563 2982 4620 autem
3029 4563 3154 4635 est,
3207 4560 3376 4639 quod

1844 4651 2137 4730 princeps
2167 4651 2265 4711 vel
2296 4652 2347 4711 is
2394 4652 2494 4712 cui
2525 4652 2664 4712 talis
2693 4652 2908 4731 pensio
2948 4670 3156 4712 annua
3184 4653 3374 4713 debe·

1843 4749 1977 4820 tur,
2013 4749 2225 4822 posset
2246 4745 2350 4823 jus
2379 4744 2531 4804 illud
2561 4744 2864 4817 vendere,
2916 4749 2978 4805 et
3005 4744 3228 4824 aliquis
3258 4750 3375 4806 ter-

1843 4837 1967 4897 tius
1995 4842 2207 4915 posset
2247 4837 2397 4896 illud
2448 4856 2656 4896 emere
2698 4837 2928 4897 minori
2956 4838 3152 4917 pretio
3185 4857 3374 4917 quam

1844 4930 1924 4992 sit
1951 4930 2239 4990 cumulus
2287 4929 2704 5009 pensionum:
2759 4949 2941 4990 nemo
2991 4930 3154 4990 enim
3203 4931 3378 4992 dabit

1844 5041 1957 5102 pro
1982 5022 2124 5101 jure
2157 5023 2259 5082 illo
2290 5023 2563 5101 pretium
2607 5023 2848 5101 {equale
2879 5041 3155 5100 praesens
3183 5024 3377 5083 omni-

1844 5115 1961 5175 bus
1990 5115 2394 5194 pensionibus
2423 5115 2645 5176 futuris
2668 5161 2684 5192 ,
2737 5134 2886 5193 ergo
2913 5116 3014 5194 jus
3060 5115 3210 5176 illud
3252 5136 3372 5177 non

1843 5208 1983 5287 plus
2012 5207 2178 5268 valet
2226 5208 2302 5267 de
2335 5208 2657 5286 praesenti‚
2717 5211 2780 5268 et
2831 5226 2945 5285 per
2989 5226 3377 5288 consequens

1845 5300 2067 5360 eodem
2115 5301 2317 5379 pretio
2347 5300 2468 5360 emi
2516 5301 2743 5378 poterit
2789 5301 2867 5360 ab
2912 5300 3045 5380 ipso
3095 5302 3375 5363 debitore

1829 5393 1982 5476 ‚talis
2014 5392 2307 5471 obligatio
2338 5393 2682 5471 personalis
2719 5393 2797 5454 de
2826 5411 2989 5454 novo
3026 5393 3144 5454 sibi
3174 5393 3371 5473 impo-

1843 5486 2069 5547 nenda.
