4263 6376
563 1130 640 1189 32

458 1255 677 1311 Appellare
694 1267 717 1298 a

468 1322 592 1364 grava

530 1363 641 1406 licet.

594 1309 702 1353 misse

537 2508 612 2568 33

781 397 900 457 780

669 623 680 635 .
781 572 990 634 biliter
1016 576 1078 634 et
1099 572 1263 632 licite
1285 569 1620 649 temperari
1641 570 1742 631 vel
1769 570 2050 631 revocari
2077 591 2090 632 :
2118 570 2313 650 judex

784 665 973 740 enim,
999 665 1342 744 praesertim
1363 682 1711 743 supremuS,
1746 667 1953 743 potest
1976 663 2312 742 aliquando

785 777 860 817 ex
888 757 1240 817 rationabili
1292 775 1481 817 causa
1530 762 1880 835 temperare
1923 757 2198 833 rigorem
2226 757 2316 816 le-

784 840 900 928 giS,
933 854 1001 909 ut
1028 849 1300 910 vidimus
1320 867 1544 928 supra;
1579 867 1729 926 ergo
1760 867 1903 908 reus
1924 849 2088 911 licite
2108 852 2317 926 potest

786 960 898 1019 per
952 942 1471 1022 supplicationem
1527 941 1679 1002 illud
1748 945 2315 1020 temperamentum

786 1037 1020 1112 petere.

841 1127 1014 1211 ,Dico
1044 1128 1340 1203 secundO,
1389 1128 1639 1207 quaudo
1692 1147 1834 1188 reus
1863 1127 2318 1188 rationabiliter

787 1218 1103 1280 existimat
1128 1238 1194 1280 se
1224 1221 1453 1299 injuste
1484 1220 1756 1299 gravari,
1803 1220 1969 1282 licite
1998 1224 2206 1300 potest
2235 1219 2315 1279 ad

785 1311 977 1371 alium
1007 1313 1393 1392 superiorem
1416 1313 1697 1393 judicem
1727 1315 2045 1392 appellare
2079 1335 2092 1374 :
2126 1313 2213 1374 ita
2245 1314 2308 1374 S.

784 1404 1058 1466 Thomas
1086 1406 1151 1466 in
1179 1407 1470 1485 praesenti
1504 1427 1609 1485 qu.
1644 1423 1806 1468 Lxlx.
1843 1410 1960 1469 art.
1994 1409 2053 1467 3.
2089 1411 2152 1467 et
2181 1425 2316 1466 om-

785 1516 894 1558 nes
923 1501 1360 1577 communiter,
1411 1505 1472 1561 et
1501 1501 1768 1561 sumitur
1820 1517 1893 1560 ex
1925 1519 2061 1578 cap.
2117 1499 2315 1560 Omnis

784 1610 1108 1672 oppressuS‚
1144 1597 1205 1655 et
1234 1611 1309 1652 ex
1338 1612 1476 1672 cap.
1509 1594 1884 1673 Appellantes
1915 1610 1984 1655 11.
2020 1611 2214 1672 qums,
2247 1596 2307 1654 6.

785 1683 1110 1745 Fundatur
1137 1690 1343 1747 autem
1376 1687 1435 1746 in
1461 1686 1603 1764 jure
1635 1686 1903 1747 naturali
1934 1686 2313 1746 defendendi

783 1795 849 1836 se
879 1777 958 1837 ab
987 1776 1218 1855 injusto
1238 1779 1604 1857 gravamine
1624 1798 1638 1853 ;
1674 1778 2009 1858 appellatio
2031 1779 2198 1838 enim
2220 1781 2315 1839 est

783 1869 979 1931 tutela
1007 1874 1070 1931 et
1096 1870 1373 1931 defensio
1403 1871 1572 1932 licita
1602 1875 1819 1932 contra
1847 1871 2143 1950 injustam
2174 1890 2315 1931 sen-

782 1964 1066 2028 tentiam.
1123 1963 1315 2025 Addit
1368 1969 1579 2026 autem
1635 1967 1950 2025 Navarrus
1993 1982 2130 2042 cap.
2164 1983 2307 2025 xxv.

783 2074 958 2117 num.
989 2061 1087 2118 24.
1122 2061 1192 2118 ut
1211 2057 1407 2135 possit
1431 2057 1738 2136 appellari
1764 2077 1802 2117 a
1822 2058 2153 2134 sententia,
2186 2076 2311 2117 non

783 2149 1018 2228 requiri
1049 2150 1216 2229 quod
1249 2151 1556 2212 sententia
1598 2151 1677 2211 sit
1705 2150 1935 2229 injusta
1966 2150 2312 2211 secundum

785 2242 1053 2320 allegata
1080 2247 1142 2304 et
1170 2244 1464 2321 probata,
1514 2243 1745 2305 sufficit
1786 2244 1952 2323 quod
1984 2244 2181 2321 possit
2207 2261 2314 2303 co-

782 2353 919 2395 ram
965 2335 1284 2415 superiore
1333 2336 1580 2397 ostendi
1629 2336 1880 2416 injusta,
1939 2337 2308 2412 secundum,

787 2428 1117 2507 alleganda
1147 2433 1208 2490 et
1235 2430 1581 2508 probanda.

864 2521 1014 2583 Dico
1045 2524 1251 2600 tertio,
1287 2523 1539 2602 quando
1581 2542 1727 2584 reus
1770 2527 1863 2585 est
1893 2523 2147 2584 omnino
2177 2541 2313 2583 cer-

466 2646 729 2742 pmifmffln
783 2618 882 2676 tus
912 2615 988 2675 de
1011 2616 1251 2693 justitia
1283 2617 1604 2677 sententiae
1637 2620 1854 2678 contra
1881 2636 1948 2677 se
1976 2617 2143 2691 latae,
2186 2634 2310 2676 non

438 2741 551 2784 Incite
585 2741 732 2796 appol-

536 2795 641 2839 lare.

783 2712 990 2787 potest
1015 2709 1180 2770 licite
1211 2708 1528 2788 appellare
1578 2727 1652 2769 ea
1700 2728 1811 2788 spe
1840 2709 2087 2786 ductuS,
2144 2709 2312 2788 quod

782 2802 998 2861 favore
1029 2801 1126 2861 vel
1158 2801 1278 2861 alia
1306 2802 1408 2862 via
1454 2801 1668 2863 illicita
1710 2805 2040 2862 revocetur
2067 2801 2166 2862 vel
2195 2802 2316 2861 im—

781 2894 1102 2972 pediatur;
1137 2894 1426 2955 videatur
1454 2896 1716 2955 Navarr.
1752 2894 1860 2954 ubi
1888 2913 2080 2973 supra
2110 2915 2173 2956 n.
2207 2898 2306 2957 39.

783 2989 844 3048 et
872 2986 1154 3047 Sanchez
1185 2986 1332 3047 dict.
1369 2986 1474 3047 lib.
1512 2989 1612 3048 VI.
1652 2985 1824 3048 Cous,
1860 3006 1998 3065 cap.
2033 3003 2120 3049 1v.
2157 2987 2305 3049 dub.

781 3084 841 3140 2.
877 3098 988 3157 per
1014 3078 1134 3139 hoc
1164 3078 1331 3138 enim
1370 3078 1646 3140 violatur
1674 3079 2058 3157 obedientia,
2111 3080 2313 3159 impe-

784 3171 952 3234 ditur
981 3171 1263 3232 executio
1287 3170 1568 3250 justitiae,
1611 3171 1927 3251 irrogatur
1955 3172 2184 3252 injuria
2204 3174 2308 3253 ju-

784 3265 908 3325 dici
937 3264 1209 3327 taxando
1241 3265 1374 3343 ejus
1403 3265 1801 3342 sententiam,
1845 3270 1909 3327 et
1950 3267 2146 3328 multo
2178 3286 2314 3327 ma-

774 3360 879 3437 jor
893 3357 1251 3418 adversario
1273 3356 1370 3436 cuj
1380 3355 1765 3436 usjustitiam
1792 3358 2077 3438 impedit,
2097 3361 2314 3421 turba-

783 3454 888 3510 tur
914 3450 1287 3528 respublica,
1338 3468 1485 3510 nam
1528 3450 1752 3512 timore
1783 3451 2006 3513 harum
2036 3454 2312 3531 appella-

783 3545 1026 3606 tionum
1045 3542 1293 3621 judices
1321 3561 1486 3622 saepe
1536 3544 1600 3603 in
1647 3543 1742 3604 sui
1785 3546 2060 3606 muneris
2089 3565 2314 3606 execu-

783 3637 954 3699 tione
984 3636 1308 3714 languent.
1342 3636 1616 3697 Adverte
1650 3640 1885 3714 tamen,
1920 3638 2312 3718 frequentius

783 3748 918 3789 esse
948 3729 1279 3790 mortalem
1309 3727 1472 3790 hanc
1502 3729 1753 3808 culpam
1781 3730 1842 3789 in
1875 3732 2082 3792 causis
2110 3731 2312 3792 civili-

782 3822 901 3883 bus
930 3840 1118 3902 quam
1147 3821 1222 3885 in,
1241 3821 1689 3899 criminalibuS,
1721 3823 1786 3882 in
1815 3823 2042 3902 quibus
2070 3825 2316 3903 regula-

783 3916 936 3976 riter
963 3933 1107 3974 reus
1136 3933 1260 3975 non
1292 3915 1566 3993 appellat
1613 3934 1684 3974 cx
1713 3933 1908 3993 pravo
1938 3916 2148 3977 animo
2174 3936 2314 3977 cor-

784 4007 1117 4086 rumpendi
1152 4007 1486 4085 judicium,
1541 4008 1652 4068 sed
1694 4027 1804 4088 spe
1852 4008 2064 4087 aliqua
2092 4011 2314 4070 remis-

784 4101 975 4162 sionis
1003 4099 1101 4161 vel
1122 4100 1596 4178 temperamenti
1616 4102 1961 4177 sententiae,
1997 4119 2110 4162 nec
2131 4103 2311 4163 facile

785 4193 1181 4256 damnandus
1210 4197 1304 4255 est
1329 4193 1569 4275 peccati
1598 4194 1911 4268 mortalis;
1958 4198 2107 4256 tunc
2145 4197 2311 4257 enim

783 4306 982 4368 parva
1029 4290 1138 4346 aut
1168 4285 1339 4346 nulla
1384 4288 1455 4347 fit
1478 4286 1710 4366 injuria
1731 4287 1930 4366 judici
1968 4307 2004 4348 a
2051 4307 2175 4367 quo
2207 4309 2313 4369 ap-

783 4380 995 4461 pellat,
1032 4397 1248 4440 omnes
1278 4378 1444 4439 enim
1471 4380 1697 4457 sciunt,
1731 4399 1856 4441 non
1885 4381 2027 4442 ideo
2059 4400 2192 4442 esse
2223 4383 2313 4443 in-

775 4477 1015 4554 Justam
1070 4472 1445 4533 sententiam
1500 4472 1682 4549 illius,
1757 4474 1869 4534 sed
1937 4475 2308 4553 rigorosam,

783 4586 927 4629 cum
948 4568 1112 4627 intra
1135 4567 1301 4644 ipsos
1321 4565 1886 4646 terminosjustitiae
1907 4569 2103 4646 possit
2122 4570 2311 4632 etiam

784 4678 919 4722 esse
949 4678 1284 4732 summum,
1320 4663 1383 4721 et
1411 4658 1710 4735 medium,
1746 4663 1808 4721 et
1835 4660 2142 4723 infimum.

863 4756 961 4815 An
991 4771 1161 4831 vero,
1215 4756 1277 4813 et
1320 4752 1634 4833 quomodo
1663 4753 1995 4831 religiosis,
2046 4756 2146 4815 vel
2168 4754 2311 4835 jure

781 4845 1122 4921 communi,
1193 4845 1293 4904 vel
1346 4844 1473 4906 suis
1528 4845 1901 4924 specialibus
1968 4846 2313 4926 privilegiis

780 4938 1098 5021 prohibita
1144 4938 1223 4998 sit
1253 4938 1586 5016 appellatio
1637 4938 1715 4998 ad
1760 4938 1912 4998 alios
1956 4940 2314 5017 superiores

779 5031 1075 5111 majore5‚
1120 5030 1267 5091 licet
1293 5049 1418 5091 non
1448 5030 1857 5110 prohibeatur
1885 5050 2172 5093 recursus
2201 5053 2314 5112 per

780 5125 1039 5185 modum
1071 5123 1365 5201 querelae,
1398 5124 1523 5184 late
1553 5126 1825 5184 tractant
1851 5124 2125 5185 Thomas
2157 5127 2315 5186 San-

780 5219 932 5279 chez
959 5217 1068 5277 lib.
1105 5232 1190 5278 v1.
1224 5214 1294 5275 de
1319 5216 1641 5296 reqularib.
1678 5235 1813 5294 cap.
1842 5233 1979 5278 vm.
2014 5236 2052 5277 a
2079 5237 2141 5279 n.
2174 5222 2306 5279 101.

781 5317 843 5374 et
884 5314 1115 5371 Suarez
1162 5314 1313 5370 tom.
1349 5325 1436 5370 lv,
1488 5308 1559 5369 de
1586 5309 1889 5390 Relz'qz'one
1931 5314 2111 5372 tract.
2149 5313 2306 5373 VIII.

778 5406 887 5466 lib.
925 5421 993 5464 11.
1028 5421 1163 5482 cap.
1199 5421 1284 5464 x1.
1335 5407 1397 5464 et
1443 5421 1558 5464 nos
1588 5402 1859 5464 diximus
1907 5423 2099 5482 supra
2145 5404 2304 5483 disp.

780 5498 1081 5560 XXXVII.
1119 5499 1268 5557 sect.
1301 5514 1429 5559 κη’.

858 5588 1190 5650 Dubitatur
1217 5590 1519 5667 secundO,
1550 5609 1631 5650 an
1664 5592 1917 5669 quando
1950 5611 2095 5653 reus
2133 5591 2311 5652 dubi-

1938 394 2038 457 DE
2080 394 2438 457 JUSTl'rIA
2482 395 2582 455 ΕΤ
2625 395 2825 457 JURE

2412 575 2506 634 tat
2533 573 2737 633 solum
2783 573 2860 632 de
2881 573 3127 650 ¹iustitia
3157 574 3506 649 sententiae,
3559 572 3762 652 possit
3792 573 3938 633 licite

2413 666 2777 744 appellare?
2805 666 2984 727 Ratio
3013 665 3342 726 dubitandi
3374 669 3583 743 potest
3611 684 3780 736 esse,
3812 666 3939 743 quia

2413 757 2476 817 in
2526 758 2716 818 dubio
2758 759 3266 836 praesumendum
3325 764 3420 819 est
3472 777 3588 837 pro
3642 760 3938 836 sententia

2406 851 2638 930 judicis
2690 855 2752 912 et
2779 852 3150 928 superioris;
3204 869 3353 930 ergo
3405 851 3677 911 debetur
3730 849 3788 910 ei
3816 851 3940 910 obe-

2414 943 2668 1004 dientia.
2732 944 3129 1005 Contrarium
3182 948 3398 1004 tamen
3450 944 3759 1021 supponit
3816 962 3937 1001 cum

2415 1037 2565 1097 Soto
2598 1036 2878 1097 Sanchez
2909 1037 2970 1097 d.
3005 1037 3111 1097 lib.
3139 1032 3250 1097 VI.
3289 1035 3339 1096 C
3341 1055 3464 1096 0713.
3498 1053 3640 1113 cap.
3680 1052 3771 1096 lv.
3805 1036 3935 1096 duh.

2413 1145 2481 1189 11.
2516 1148 2690 1189 num.
2727 1132 2782 1189 1.
2844 1133 2905 1191 et
2948 1130 3292 1191 Turrianus
3339 1129 3403 1188 in
3447 1129 3750 1208 praesenti
3793 1129 3932 1206 disp.

2410 1222 2508 1283 LI.
2544 1222 2693 1282 dub.
2728 1239 2772 1283 1.
2808 1241 2980 1284 num.
3015 1227 3074 1285 9.
3110 1223 3347 1299 dicenS,
3382 1241 3521 1282 esse
3552 1240 3937 1282 communem

2414 1315 2693 1374 omnium
2723 1316 3119 1376 sententiam.
3178 1315 3358 1377 Ratio
3407 1321 3627 1376 autem
3672 1332 3810 1374 esse
3844 1333 3936 1393 po-

2410 1410 2551 1483 test,
2610 1408 2757 1487 quia
2810 1427 2925 1488 per
2979 1409 3473 1487 appellationem
3510 1427 3641 1468 non
3691 1412 3937 1485 negamr

2410 1500 2786 1576 obedientia,
2809 1520 2952 1561 cum
2980 1501 3190 1562 adhuc
3220 1500 3832 1580 relinquaturtotum
3853 1520 3937 1579 pe

2408 1611 2519 1653 nes
2548 1593 2875 1655 arbitrium
2905 1594 3244 1672 superioris
3282 1594 3550 1672 judiciS,
3588 1594 3701 1652 sed
3731 1593 3933 1670 solum,

2412 1687 2614 1745 stante
2645 1685 2858 1762 dubio,
2896 1686 3245 1766 exquiritur
3291 1690 3355 1747 et
3386 1686 3775 1765 imploratur
3791 1685 3939 1764 judi-

2412 1778 2579 1838 cium
2609 1778 2973 1856 superioris,
3028 1782 3094 1840 ut
3121 1779 3336 1839 videat
3375 1797 3464 1838 an
3495 1778 3807 1839 sententia
3833 1778 3936 1856 pri·

2411 1888 2515 1929 ma
2538 1869 2710 1949 justa
2737 1872 2838 1931 vel
2868 1871 3101 1950 injusta
3127 1871 3337 1932 fuerit.
3386 1873 3521 1931 Nec
3554 1871 3765 1932 obstat
3791 1870 3936 1949 quod

2414 1962 2734 2040 appellans
2765 1964 3077 2041 significet
3124 1984 3189 2025 se
3241 1983 3276 2024 a
3300 1964 3526 2043 judice
3562 1964 3833 2023 inferiori
3860 1965 3938 2022 in·

2404 2056 2572 2132 juste
2602 2057 2878 2134 gravari,
2912 2057 3080 2137 quod
3102 2057 3313 2117 dicere
3344 2075 3480 2115 non
3503 2061 3739 2135 potest,
3770 2074 3936 2134 quan-

2412 2148 2491 2208 do
2523 2167 2648 2210 non
2677 2153 2919 2211 constat
2965 2150 3042 2209 de
3086 2149 3334 2229 justitia
3376 2150 3582 2209 ctiam
3614 2149 3933 2223 sententiae,

2412 2245 2481 2302 ut
2510 2242 2718 2321 aliquo
2757 2243 2948 2304 modo
2980 2247 3414 2322 conqueratur
3453 2243 3539 2302 de
3568 2244 3933 2321 gravamine,

2411 2352 2556 2394 cum
2582 2335 2715 2395 sine
2745 2335 3154 2396 fundamento
3184 2336 3668 2396 condemnatus
3696 2335 3880 2394 fuerit.

2490 2427 2692 2507 Major
2718 2432 2814 2489 est
2840 2428 3193 2505 difficultaS,
3233 2429 3501 2508 quando
3536 2431 3783 2488 constat
3793 2427 3935 2506 judi·

2411 2537 2545 2581 cem
2568 2521 2912 2581 secundum
2934 2521 3327 2600 probabilem
3350 2521 3705 2581 doctorum
3724 2525 3934 2580 senten-

2409 2613 2586 2690 tiam,
2619 2614 2746 2674 imo
2772 2614 3120 2675 secundum
3148 2614 3353 2692 magis
3375 2614 3781 2693 probabilem
3795 2613 3935 2690 judi·

2411 2724 2608 2782 casse,
2644 2725 2726 2766 an
2753 2706 2950 2786 possit
2966 2705 3175 2766 adhuc
3202 2725 3352 2766 reus
3380 2706 3740 2786 appellare,
3769 2713 3833 2765 ut
3856 2724 3937 2764 ex·

2411 2799 2689 2877 periatur
2734 2818 2814 2859 au
2858 2800 3055 2879 judex
3099 2801 3389 2879 superior
3416 2800 3699 2861 fortasse
3728 2799 3937 2877 ample-

2412 2896 2618 2954 ctatur
2645 2893 3025 2954 contrariam
3056 2894 3441 2954 sententiam
3473 2911 3690 2972 aeque,
3721 2892 3811 2953 vel
3839 2892 3938 2951 mi-

2412 3005 2530 3046 nus
2561 2985 3003 3064 probabilem?
3056 2985 3264 3064 Aliqui
3316 2992 3589 3064 negant,
3644 2986 3824 3046 licere
3848 3004 3936 3063 ap·

2410 3078 2812 3158 pellationem
2849 3078 3040 3139 etiam
3069 3077 3321 3156 quando
3347 3077 3558 3156 judex
3589 3079 3840 3138 inferior
3862 3094 3930 3135 se

2412 3177 2591 3234 cutus
2620 3176 2715 3234 est
2743 3171 3115 3233 sententiam
3145 3170 3355 3230 minus
3385 3170 3816 3251 probabilem,
3845 3168 3935 3229 sed

2409 3270 2620 3328 tamen
2653 3265 3063 3343 probabilem.
3096 3266 3188 3325 Ita
3216 3264 3408 3326 citato
3434 3266 3763 3339 Ore-llana,
3794 3268 3939 3324 tenet

2413 3361 2630 3420 Petrus
2647 3359 2953 3420 Ledesma
2972 3357 3033 3416 in
3052 3356 3297 3418 Summa
3316 3361 3478 3418 tom.
3508 3359 3587 3418 11.
3616 3363 3798 3419 tract.
3820 3372 3935 3415 vm.

2410 3472 2549 3530 cap.
2582 3469 2754 3513 xxlv.
2802 3452 3002 3513 concl.
3038 3468 3174 3512 vm.
3212 3450 3478 3511 difficul.
3516 3454 3581 3511 2.
3636 3452 3781 3530 quia
3815 3468 3939 3509 cum

2403 3546 2600 3626 judex
2628 3544 2952 3623 amplexus
2997 3543 3187 3604 fuerit
3234 3542 3613 3620 opinionem
3663 3543 3940 3622 probabi-

2409 3640 2555 3713 lem,
2606 3637 2761 3696 nulli
2809 3637 3017 3698 intulit
3064 3635 3384 3715 injuriam,
3448 3641 3517 3697 et
3564 3656 3606 3695 a
3651 3635 3938 3696 sententia

2403 3732 2575 3813 justa
2604 3750 2727 3791 non
2755 3731 2900 3792 licet
2920 3730 3259 3810 appellare.
3296 3730 3453 3789 Haec
3475 3733 3697 3789 tamen
3720 3736 3939 3789 senteu-

2408 3826 2495 3888 tia
2524 3828 2745 3886 contra
2772 3842 2989 3884 omnes
3018 3827 3132 3899 est,
3169 3826 3231 3883 et
3245 3826 3473 3883 contra
3494 3825 3752 3901 praxim
3771 3839 3937 3902 quam

2412 3937 2629 3981 omnes
2649 3917 2904 3979 consulu
2914 3921 3000 3989 nt,
3021 3915 3378 3995 approbant
3396 3920 3465 3976 et
3480 3915 3777 3976 laudant.
3800 3917 3939 3975 1³1·ae-

2411 4014 2626 4074 sertim
2658 4029 2800 4072 cum
2819 4010 2998 4090 juxta
3027 4027 3431 4070 communem
3456 4008 3800 4071 doctorum
3828 4026 3941 4067 sen-

2409 4106 2671 4170 tentiam
2711 4102 2905 4182 judex
2954 4120 3078 4163 non
3124 4102 3323 4180 possit
3362 4102 3761 4180 regulariter
3799 4099 3938 4178 jndi-

2412 4218 2554 4262 care
2576 4197 2757 4278 juxta
2786 4196 3145 4274 opinionem
3182 4195 3396 4255 minus
3428 4195 3833 4273 probabilem
3858 4212 3938 4252 re-

2407 4294 2555 4355 licta
2580 4288 3005 4370 probabiliori,
3068 4306 3262 4367 quare
3310 4287 3543 4348 merito
3602 4307 3755 4349 reus
3806 4304 3939 4346 eon·

2411 4384 2585 4465 queri
2617 4385 2821 4461 potest
2847 4381 3015 4460 quod
3044 4380 3272 4458 injuste
3301 4399 3451 4440 eum
3484 4380 3933 4441 condemnarit.

2492 4476 2613 4538 Alii
2642 4492 2790 4553 ergo
2824 4473 3057 4547 dicunt,
3093 4473 3377 4534 illicitam
3405 4492 3547 4533 esse
3580 4472 3939 4553 appellatio-

2412 4588 2555 4631 nem
2586 4566 2838 4648 quando
2847 4566 3043 4645 judex
3066 4564 3393 4644 amplexus
3421 4566 3545 4626 fuit
3576 4568 3936 4627 sententiam

2411 4663 2631 4724 saltem
2676 4677 2854 4738 aeque
2898 4657 3315 4737 probabilem,
3377 4659 3529 4737 quia
3587 4665 3747 4720 tunc
3793 4659 3938 4738 juste

2404 4753 2732 4836 judicavit.
2783 4754 2876 4813 Ita
2902 4750 3246 4812 Villalobos
3292 4751 3353 4810 in
3383 4751 3649 4813 Summa
3696 4758 3842 4813 tom.
3875 4752 3933 4810 11.

2410 4850 2592 4913 tract.
2620 4862 2749 4908 xv1.
2795 4844 2984 4905 distic.
3023 4846 3081 4904 8.
3118 4861 3180 4904 n.
3213 4846 3276 4903 4.
3329 4843 3453 4904 Alii
3500 4844 3567 4903 id
3601 4845 3939 4906 concedunt

2411 4942 2656 5015 saltem,
2690 4937 2944 5017 quando
2968 4936 3167 5015 judex
3196 4936 3531 5015 amplexus
3560 4937 3689 4997 suit
3718 4944 3937 4997 senten·

2411 5035 2562 5096 tiam
2618 5030 3103 5111 probabiliorem
3138 5050 3152 5087 :
3204 5028 3293 5090 ita
3341 5031 3553 5104 SotuS,
3641 5030 3934 5103 Corduba,

2412 5131 2748 5200 Navarrus,
2784 5128 2845 5185 et
2875 5122 2981 5183 alii
3010 5140 3166 5202 quos
3186 5123 3375 5182 affert
3400 5126 3467 5183 et
3496 5124 3791 5202 sequitur
3809 5126 3938 5183 San·

2413 5221 2563 5281 chez
2595 5218 2760 5278 dicto
2788 5217 2897 5277 lib.
2936 5218 3032 5277 vl.
3077 5234 3217 5293 cap.
3254 5232 3343 5275 lv.
3381 5215 3535 5276 dub.
3570 5233 3649 5275 Π.
3688 5236 3856 5276 num.
3886 5218 3934 5274 Ξ.

2413 5314 2518 5393 qui
2549 5311 2784 5385 dicunt,
2816 5308 3011 5370 teneri
3039 5325 3220 5367 reum
3251 5307 3334 5368 ad
3362 5310 3838 5369 restitutionem
3864 5314 3937 5366 to-

2411 5407 2533 5466 tius
2564 5403 2797 5464 damni.
2856 5400 3047 5462 Addit
3093 5404 3315 5461 tamen
3364 5401 3653 5461 Sanchez
3702 5402 3786 5460 ibi
3816 5417 3936 5461 cum

2412 5500 2550 5560 aliis
2576 5495 3054 5569 recentioribuS,
3115 5493 3180 5553 id
3236 5493 3507 5573 intelligi
3561 5495 3629 5553 in
3668 5493 3936 5554 civilibus

2413 5610 2536 5652 non
2567 5592 2627 5651 in
2660 5587 3109 5662 criminalibuS,
3153 5586 3218 5645 in
3270 5587 3508 5667 quibus
3536 5606 3685 5647 reus
3718 5606 3835 5648 non
3866 5586 3936 5645 fa·
