4263 6376
1157 347 1628 412 DISPUTATIO
1672 348 1947 422 XXVIII,
1996 349 2271 409 SECTIO
2318 350 2416 411 vl.

241 526 481 602 difficile,
511 524 616 585 sed
643 523 845 603 potius
884 525 1280 588 invenientur
1309 530 1521 588 Romae
1550 524 1731 584 facile

242 622 331 681 alii
356 636 726 696 campsoreS,
785 618 888 697 qui
936 637 1049 696 pro
1096 620 1227 680 solo
1266 619 1467 699 pretio
1501 618 1731 678 cambii

242 715 355 775 sine
380 713 473 773 illo
500 711 617 771 alio
646 716 977 788 augmento
1020 729 1134 790 pro
1165 711 1438 773 secundo
1469 712 1733 772 interes-

242 828 317 883 se,
344 804 618 885 pecunias
647 804 779 863 illas
809 805 1103 864 Panormi
1130 805 1409 881 dabunt,
1464 823 1589 865 non
1619 822 1733 881 po-

242 905 344 963 test
367 914 637 975 campsor
662 895 803 956 ficto
824 895 928 956 illo
949 901 1255 974 praetextu
1274 897 1543 976 pretium
1566 915 1733 957 cam-

242 995 314 1053 bii
341 1008 552 1069 augere
597 1007 783 1067 supra
829 989 1098 1067 pretium
1136 990 1399 1068 vulgare
1437 989 1727 1069 justum:

242 1088 356 1147 sine
382 1084 493 1144 ullo
539 1081 702 1143 enim
736 1081 906 1160 justo
954 1081 1132 1143 titulo
1191 1101 1513 1142 excessum
1558 1081 1732 1141 illum

241 1179 544 1257 acciperet;
578 1193 719 1235 cum
748 1192 950 1253 neque
978 1175 1158 1235 titulo
1176 1175 1387 1235 damni
1410 1193 1733 1253 emergen-

240 1273 324 1347 tis,
355 1269 505 1349 quod
535 1267 904 1347 supponitur
924 1268 1163 1328 nullum
1185 1268 1596 1341 intervenire;
1630 1284 1733 1327 ne-

242 1384 344 1444 que
369 1363 542 1424 etiam
572 1365 641 1421 ut
667 1360 935 1438 pretium
967 1360 1193 1421 cambii
1225 1362 1473 1439 exigere
1502 1364 1728 1440 potest:

242 1475 364 1519 cum
391 1454 645 1534 pretium
674 1454 934 1531 vulgare
963 1453 1105 1513 talis
1136 1454 1366 1514 cambii
1395 1454 1592 1514 multo
1621 1452 1735 1512 mi-

242 1570 340 1611 nus
364 1549 452 1609 sit.
486 1547 547 1608 Si
575 1551 785 1607 tamen
814 1564 938 1605 non
968 1545 1149 1606 facile
1179 1546 1576 1607 inveniantur
1603 1546 1732 1623 alii,

242 1643 330 1723 qui
354 1640 563 1701 minori
590 1639 791 1718 pretio
823 1643 885 1699 et
910 1638 1147 1716 absque
1194 1638 1297 1699 illo
1344 1639 1620 1699 secundo
1652 1640 1738 1698 in·

239 1744 440 1797 teresse
468 1732 780 1793 cambium
811 1731 931 1791 hoc
959 1731 1110 1791 dare
1140 1731 1361 1803 velint,
1419 1732 1567 1810 quia
1596 1749 1736 1810 pro-

238 1834 357 1907 pter
396 1825 817 1887 difficultatem
873 1824 1232 1884 commercii
1292 1828 1355 1884 et
1413 1825 1735 1885 raritatem

239 1919 645 1981 cambientium
676 1936 753 1977 ex
782 1935 906 1976 uno
934 1917 1075 1976 loco
1105 1916 1186 1975 ad
1219 1915 1432 1991 alium,
1468 1917 1736 1977 difficilis

239 2012 547 2073 aestimatur
572 2009 800 2070 solutio
844 2013 907 2069 et
932 2008 1321 2069 transmissio
1346 2055 1362 2085 ,
1408 2027 1533 2069 non
1561 2009 1737 2070 vide-

238 2112 325 2167 tur
347 2102 726 2165 damnandus
756 2101 854 2161 ille
882 2120 1174 2180 campsor
1195 2149 1210 2179 ,
1264 2102 1369 2180 qui
1414 2102 1561 2163 licet
1588 2120 1735 2162 vere

238 2199 499 2279 pecunias
531 2196 820 2257 Panormi
851 2195 1112 2272 habeat,
1163 2213 1279 2255 nec
1308 2195 1607 2255 damnum
1637 2213 1736 2255 re-

239 2291 434 2353 cambii
461 2308 754 2370 passurus
783 2288 895 2361 sit;
929 2287 1048 2348 hoc
1076 2292 1288 2348 tamen
1318 2307 1356 2348 a
1384 2287 1734 2367 campsario

238 2385 421 2463 exigit.
452 2385 603 2443 Nam
634 2381 923 2462 quamvis
953 2399 1079 2441 non
1107 2381 1304 2459 possit
1333 2380 1451 2442 hoc
1483 2381 1733 2458 exigere

236 2478 389 2539 titulo
417 2476 622 2537 damni
652 2473 1033 2551 emergentis
1081 2473 1251 2553 quod
1296 2473 1536 2534 nullum
1583 2473 1736 2552 pati-

236 2577 348 2642 tur;
376 2573 577 2650 posset
602 2575 819 2629 tamen
848 2566 1026 2628 titulo
1057 2565 1238 2645 pretii
1262 2565 1416 2646 justi
1463 2566 1611 2626 illud
1641 2571 1738 2628 to-

234 2668 347 2724 tum
373 2663 631 2741 exigere.
668 2659 1005 2739 Supposito
1036 2658 1224 2736 enim,
1258 2658 1426 2739 quod
1456 2678 1737 2720 commu-

236 2757 375 2816 niter
397 2753 779 2815 transmissio
803 2758 866 2813 et
881 2751 1195 2813 cambium
1225 2751 1507 2830 pecuniae
1537 2753 1615 2813 ad
1643 2754 1736 2814 lo-

235 2867 356 2908 cum
382 2847 545 2907 illum
573 2845 811 2906 habeat
838 2843 1134 2923 adjuncta
1160 2843 1437 2922 pericula
1468 2844 1623 2921 haec,
1675 2848 1739 2906 et

232 2942 490 3002 timorem
518 2937 757 3012 damni,
790 2936 1013 2997 merito
1056 2936 1325 3014 pretium
1356 2937 1611 3015 vulgare
1634 2935 1739 3015 ju-

233 3038 376 3095 stum
400 3033 533 3093 talis
557 3030 793 3092 cambii
821 3030 1025 3108 majus
1050 3029 1460 3090 aestimabitur
1483 3075 1498 3105 ,
1546 3034 1736 3110 atque

234 3126 354 3186 ideo
382 3124 533 3204 exigi
562 3124 796 3204 poterit
823 3121 1012 3183 etiam
1055 3122 1135 3182 ab
1164 3140 1274 3198 e0,
1326 3121 1434 3202 qui
1480 3142 1594 3203 per
1637 3140 1737 3183 ac-

233 3219 421 3280 cidens
449 3220 563 3279 hoc
590 3218 943 3295 periculum
966 3219 1029 3277 et
1054 3215 1355 3275 damnum
1385 3235 1510 3277 non
1539 3217 1739 3295 patie-

233 3319 338 3374 tur.

301 3408 463 3469 Circa
513 3406 629 3466 has
686 3403 1097 3483 provisioneS,
1148 3420 1289 3480 quae
1332 3401 1736 3480 respondenti

234 3499 668 3579 etacceptanti,
708 3516 781 3556 ac
827 3496 1188 3574 exsequenti
1216 3495 1452 3556 litteras
1482 3496 1732 3557 dantur.

300 3593 565 3653 Dubitari
610 3591 776 3652 solet
822 3592 1044 3668 quarto
1095 3607 1176 3647 an
1207 3588 1304 3648 hae
1350 3588 1737 3667 provisiones

169 3739 192 3752 ,,
233 3703 354 3763 quae
381 3685 512 3745 dari
538 3685 746 3746 solent
775 3680 1295 3761 respondentibus
1316 3685 1379 3741 et
1406 3686 1739 3759 acceptan-

170 3807 171 3814 ¹
231 3777 394 3854 tibus,
423 3797 493 3839 ac
523 3775 982 3857 exequentibus
1008 3774 1246 3835 litteras
1275 3774 1499 3835 cambii
1532 3773 1612 3834 ab
1638 3774 1733 3851 iis,

231 3871 320 3950 qui
347 3890 446 3932 eas
490 3871 772 3943 mittunt,
805 3886 944 3948 quae
974 3868 1178 3928 solent
1215 3886 1348 3927 esse
1378 3866 1564 3928 tertia
1591 3885 1737 3946 pars

229 3965 367 4025 scuti
414 3983 524 4045 pro
597 3962 864 4040 singulis
918 3960 1317 4037 centenariis,
1376 3960 1501 4021 sint
1547 3961 1734 4039 justae

230 4056 397 4117 etiam
457 4057 519 4116 in
590 4053 931 4116 recambiis
950 4100 965 4130 ,
1033 4057 1096 4115 ct
1163 4052 1736 4114 continuationibus

227 4148 631 4209 cambiorum?
676 4150 768 4207 De
808 4145 1032 4206 harum
1072 4145 1238 4205 enim
1279 4145 1522 4224 justitia
1559 4144 1737 4206 dubi-

227 4244 343 4301 tare
382 4242 629 4303 videtur
669 4239 862 4303 Mald.
908 4239 972 4300 in
1010 4256 1195 4318 praes.
1240 4242 1421 4300 tract.
1457 4256 1517 4300 v.
1553 4258 1609 4303 c.
1642 4255 1729 4300 1v.

227 4333 357 4394 dub.
400 4339 457 4395 7.
509 4334 571 4394 in
616 4334 745 4394 fine
779 4332 979 4395 :dicit
1024 4331 1189 4391 enim
1228 4331 1614 4410 provisiones
1657 4332 1736 4392 de

225 4427 533 4488 recambiis
562 4427 845 4504 integras
873 4424 975 4484 vix
1002 4442 1282 4504 unquam
1304 4423 1472 4502 juste
1504 4424 1727 4503 accipi,

225 4537 287 4579 eo
329 4520 489 4599 quod
528 4519 779 4580 facilius
821 4523 884 4579 et
910 4518 1187 4578 securius
1226 4516 1447 4576 eadem
1489 4518 1736 4577 cambia

224 4614 662 4690 continuentur,
709 4628 899 4690 quam
938 4628 1101 4671 nova
1131 4609 1441 4671 ineantur.
1483 4612 1551 4670 In
1591 4627 1735 4670 con-

222 4705 459 4766 trarium
501 4713 720 4768 tamen
759 4709 854 4765 est
880 4722 1030 4764 usus
1072 4702 1421 4764 communis
1452 4702 1734 4763 omnium

222 4815 592 4878 campsorum
640 4803 708 4860 et
747 4797 1283 4876 respondentium,
1332 4795 1440 4875 qui
1487 4814 1736 4875 semper

221 4891 451 4952 easdem
478 4892 872 4972 provisiones
892 4890 1167 4969 integras
1193 4889 1509 4968 accipiunt
1537 4907 1611 4949 ex
1635 4908 1735 4949 re-

219 4982 457 5044 cambiis
501 4989 563 5045 et
608 4982 1208 5058 continuationibuS,
1256 4981 1362 5062 qui
1411 5000 1559 5042 usus
1607 5001 1732 5043 non

220 5081 303 5136 est
326 5076 496 5137 facile
525 5076 1073 5139 condemnandus,

289 5170 484 5250 Aliqui
512 5171 634 5233 hoc
664 5170 1021 5231 defendunt
1043 5169 1121 5229 ab
1153 5169 1455 5250 injustitia
1486 5170 1731 5235 ratione

218 5258 357 5321 lucri
383 5264 705 5340 cessantiS‚
757 5266 828 5324 ut
853 5265 1025 5324 LeSS.
1060 5262 1209 5324 dub.
1244 5279 1304 5325 x.
1341 5284 1447 5325 nu.
1481 5267 1582 5325 84.
1619 5264 1732 5324 Sa-

220 5351 300 5414 las
325 5354 465 5416 dub.
515 5373 671 5417 xxu.
708 5375 815 5416 nu.
850 5358 910 5417 3.
945 5359 1007 5416 et
1036 5355 1140 5415 alii
1172 5372 1186 5417 :
1227 5356 1375 5435 quia
1404 5357 1458 5417 si
1487 5355 1736 5416 debitor

220 5463 320 5508 suo
372 5453 652 5529 tempore
708 5448 996 5510 solvisset
1048 5448 1326 5528 primum
1382 5448 1725 5525 cambium,

220 5540 463 5616 pecunia
491 5542 596 5603 illa
625 5543 885 5604 daretur
914 5542 1050 5603 aliis
1081 5542 1160 5604 ad
1190 5542 1505 5604 cambium
1533 5542 1725 5619 reale,

3248 357 3363 415 415

1831 545 1905 586 ex
1947 544 2070 605 quo
2118 527 2507 607 provisiones
2555 526 2745 587 etiam
2785 533 3203 590 sumerentur.
3246 529 3367 590 Alii

1831 638 1936 679 eas
1981 624 2282 680 excusant
2326 620 2504 680 titulo
2548 620 2760 679 damni
2800 621 3201 699 emergentis,
3254 642 3366 683 seu

1830 712 2112 790 periculi,
2157 719 2465 792 quatenus
2493 711 2556 771 in
2599 713 2864 791 singulis
2904 715 3239 775 recambiis
3269 719 3365 776 est

1831 823 2062 865 novum
2101 804 2448 884 periculum
2492 804 2818 865 amittendi
2848 807 3083 865 sortem
3129 806 3364 886 princi-

1828 898 2057 976 palem,
2079 897 2203 958 imo
2216 897 2560 978 aliquando
2594 898 3033 976 crescitmagis
3056 898 3360 978 debitum,

1832 1008 1904 1050 co
1946 991 2018 1050 fit
2051 991 2261 1051 minus
2302 994 2525 1068 potens
2556 990 2803 1051 debitor
2846 991 2925 1050 ad
2968 993 3361 1070 solvendum,

1832 1087 1895 1144 et
1939 1087 2145 1162 potest
2184 1084 2384 1162 magis
2430 1084 2635 1144 timeri
2684 1084 2762 1143 de
2807 1084 3017 1145 debito
3068 1085 3262 1162 priori
3305 1092 3370 1147 et

1831 1176 2183 1255 posteriori.
2236 1177 2313 1236 Hi
2359 1176 2521 1237 tituli
2568 1176 2827 1238 fortasse
2877 1195 3003 1237 non
3047 1183 3193 1240 sunt
3229 1179 3368 1238 uni-

1831 1269 2106 1329 versales
2139 1287 2154 1333 :
2186 1274 2342 1346 tum,
2376 1269 2524 1348 quia
2570 1269 2958 1347 respondens
2989 1271 3358 1349 campsoriS,

1833 1361 1941 1441 qui
1985 1361 2372 1441 provisiones
2402 1380 2566 1440 saepe
2597 1380 2672 1420 ex
2724 1362 3061 1422 recambiis
3090 1363 3357 1442 accepit,

1834 1468 1959 1514 non
2014 1454 2266 1514 videtur
2310 1454 2519 1515 subire
2564 1454 2760 1513 ullum
2816 1455 3186 1532 periculum,
3221 1474 3365 1516 cum

1831 1551 2036 1609 totum
2065 1546 2367 1607 damnum
2397 1547 2741 1625 campsoris
2769 1547 3049 1608 futurum
3078 1549 3196 1609 sit:
3232 1553 3366 1609 tum

1835 1642 2046 1716 etiam,
2081 1639 2231 1719 quia
2257 1639 2501 1700 lucrum
2530 1659 2781 1700 cessans
2812 1659 2936 1701 non
2968 1646 3063 1702 est
3089 1641 3178 1701 ita
3232 1660 3368 1702 cer-

1832 1739 1988 1810 tum,
2024 1751 2248 1811 nempe
2278 1734 2487 1793 statim
2525 1732 2800 1793 dandam
2842 1733 2975 1793 fore
3032 1733 3365 1812 pecuniam

1833 1827 2003 1886 illam
2033 1824 2112 1885 ad
2146 1825 2310 1885 aliud
2344 1826 2658 1886 cambium
2680 1825 2871 1902 reale,
2897 1844 2973 1886 ex
3003 1845 3127 1905 quo
3157 1828 3365 1905 provi-

1833 1919 2040 1979 siones
2096 1923 2510 1994 sumerentur,
2544 1919 2891 1997 praesertim
2922 1918 2973 1978 si
3032 1938 3157 1980 non
3206 1919 3368 1981 desit

1836 2012 1957 2072 alia
1986 2011 2274 2090 pecunia,
2307 2029 2443 2090 qaae
2472 2010 2610 2071 aliis
2638 2010 2994 2088 petentibus
3023 2012 3160 2072 dari
3219 2030 3366 2091 pos-

1835 2105 1934 2165 sit.

1915 2196 2180 2257 Facilius
2209 2214 2359 2274 ergo
2390 2200 2453 2256 et
2478 2195 2680 2273 magis
2735 2196 3176 2258 universaliter
3221 2215 3364 2276 pos·

1835 2307 2050 2350 sumus
2080 2288 2200 2350 hoc
2230 2307 2528 2349 excusare
2558 2307 2633 2348 ex
2660 2306 2809 2349 vero
2846 2289 3025 2350 titulo
3059 2291 3367 2369 provisio-

1837 2402 2009 2458 num,
2035 2382 2140 2462 qui
2169 2386 2264 2442 est
2291 2381 2469 2441 labor
2497 2385 2559 2442 et
2589 2400 2780 2459 opera
2809 2387 2997 2462 atque
3029 2383 3360 2461 industria,

1835 2494 1946 2556 pro
1976 2495 2099 2555 qua
2127 2475 2397 2554 provisio
2429 2474 2766 2553 accipitur:
2801 2474 2904 2535 hic
2935 2480 3147 2536 autem
3181 2476 3364 2537 labor

1837 2573 1900 2630 et
1924 2569 2059 2628 haec
2102 2566 2412 2628 industria
2439 2566 2689 2628 videtur
2718 2585 2852 2627 csse
2882 2567 3127 2643 eadem,
3163 2587 3361 2648 quan-

1836 2662 1917 2722 do
1949 2659 2216 2740 pecunia
2243 2678 2367 2720 non
2393 2659 2673 2735 solvitur,
2701 2665 2763 2720 et
2792 2659 3043 2739 quando
3074 2661 3361 2722 solvitur.

1836 2757 2028 2816 Casus
2057 2753 2224 2813 enim
2255 2756 2366 2829 est,
2401 2770 2524 2831 quo
2550 2752 2710 2831 petis
2742 2772 2778 2813 a
2809 2756 2987 2814 Petro
3010 2754 3365 2833 campsario

1836 2849 2050 2907 Romae
2078 2846 2247 2906 mille
2265 2863 2507 2921 aureoS,
2534 2848 2597 2906 et
2623 2846 2808 2905 offers
2836 2845 3097 2922 littera5‚
3133 2850 3202 2907 ut
3221 2846 3365 2908 toti-

1837 2942 1981 3002 dem
2012 2958 2048 2998 a
2076 2941 2184 2999 tuo
2215 2937 2656 3016 respondente,
2690 2939 2789 2999 vel
2819 2957 2858 2999 a
2901 2957 3013 3000 suo
3044 2938 3156 3000 tibi
3185 2956 3368 3000 acco-

1837 3033 2090 3094 modato
2147 3031 2409 3110 recipiat
2427 3032 2684 3110 Neapoli
2717 3050 2732 3104 ;
2767 3050 2922 3111 quas
2955 3032 3200 3094 litteras
3224 3032 3368 3093 mit-

1834 3127 1913 3187 tis
1948 3130 2136 3186 :tunc
2163 3124 2214 3184 si
2243 3130 2388 3185 tuus
2415 3124 2828 3204 respondens,
2880 3124 3263 3204 quicumque
3294 3124 3368 3184 il-

1835 3220 1893 3279 le
1922 3220 2022 3296 sit,
2056 3218 2356 3296 pecunias
2410 3223 2551 3279 tuas
2606 3219 2868 3296 Neapoli
2925 3218 3140 3296 habet,
3186 3217 3371 3280 solvit

1838 3311 2087 3372 realiter
2113 3313 2333 3372 Petro:
2386 3310 2435 3370 si
2466 3328 2591 3370 non
2624 3310 2836 3386 habet,
2891 3315 3177 3390 acceptat
3207 3311 3369 3372 litte-

1838 3423 1939 3465 ras
1965 3409 2106 3465 tuas
2137 3408 2200 3464 et
2227 3407 2333 3463 tuo
2383 3402 2634 3463 nomine
2664 3422 2730 3463 se
2753 3404 3105 3465 debitorem
3142 3405 3368 3465 consti·

1837 3499 1956 3559 tuit
1987 3496 2146 3557 Petri
2174 3514 2286 3576 pro
2316 3495 2423 3556 illa
2448 3514 2715 3572 summa,
2751 3514 2943 3574 quam
2986 3496 3197 3558 statim
3256 3515 3371 3575 per

1839 3591 1991 3650 alias
2044 3589 2284 3651 litteras
2325 3588 2585 3649 remittit
2639 3591 2821 3650 Petro
2878 3590 3212 3651 solvendas
3241 3609 3277 3650 a
3305 3595 3368 3651 te

1838 3686 2053 3744 Romae
2083 3701 2227 3742 cum
2256 3682 2574 3742 recambio
2603 3702 2616 3742 :
2650 3687 2819 3743 certe
2851 3700 2974 3743 non
3021 3684 3229 3743 minus
3274 3684 3366 3742 in-

1838 3775 2091 3837 dustriae
2121 3778 2185 3835 et
2210 3773 2443 3835 laboris
2477 3774 2757 3851 posuisse
2807 3773 3057 3836 videtur
3071 3779 3216 3834 tuus
3243 3792 3371 3834 res-

1839 3868 2122 3947 pondens
2153 3866 2542 3945 acceptando
2597 3870 2739 3926 tuas
2767 3865 3027 3942 litteras,
3055 3870 3118 3927 et
3145 3867 3371 3927 iterum

1836 3960 2214 4022 remittendo
2244 3959 2397 4019 alias
2459 3977 2572 4036 pro
2627 3964 2709 4033 te,
2746 3976 2938 4037 quam
2985 3958 3035 4019 si
3082 3958 3371 4021 solvisset

1838 4054 1924 4115 ibi
1942 4073 2017 4113 ex
2045 4058 2157 4114 tua
2182 4051 2452 4131 pecunia
2496 4051 2749 4113 realiter
2776 4070 3089 4112 summam
3117 4056 3372 4113 conten-

1838 4151 1989 4207 tam.
2026 4145 2092 4207 Si
2122 4162 2273 4223 ergo
2305 4144 2365 4203 in
2388 4143 2508 4204 hoc
2538 4143 2814 4205 secundo
2843 4162 2990 4205 casu
3012 4144 3180 4224 juste
3210 4143 3370 4204 acci-

1836 4239 1930 4318 pit
1955 4237 2343 4318 respondens
2372 4237 2794 4315 provisionem
2841 4255 3044 4314 suam,
3097 4255 3221 4297 non
3278 4241 3373 4298 est

1837 4351 1949 4393 cur
1977 4332 2038 4392 in
2069 4330 2272 4412 primo
2304 4348 2451 4390 casu
2482 4348 2622 4390 eam
2671 4329 2840 4410 juste
2895 4349 3020 4391 non
3078 4329 3365 4409 accipiat.

1837 4428 1906 4487 In
1938 4429 2208 4504 utroque
2240 4423 2408 4483 enim
2437 4441 2585 4484 casu
2630 4424 2972 4486 attenditur
2999 4424 3082 4485 ad
3111 4440 3372 4502 operam

1837 4522 1900 4579 et
1919 4515 2316 4593 industriam,
2354 4534 2543 4595 quam
2573 4516 2635 4576 in
2658 4535 2728 4577 re
2757 4517 2912 4578 tanti
2942 4516 3237 4597 ponderis
3264 4515 3372 4578 ad-

1837 4610 2030 4686 hibet,
2064 4609 2125 4669 in
2161 4628 2287 4689 qua
2314 4609 2638 4687 diligentia
2674 4615 2737 4671 et
2780 4610 3005 4688 peritia
3059 4628 3184 4670 non
3238 4610 3373 4671 vul-

1834 4703 2001 4783 garis
2030 4703 2423 4764 desideratur
2454 4702 2744 4774 ministri,
2781 4722 2858 4764 ne
2889 4721 3166 4765 errorem
3195 4722 3370 4765 com-

1835 4797 2046 4857 mittat
2065 4795 2128 4854 in
2154 4795 2568 4872 numerando,
2602 4797 3048 4875 computando,
3100 4797 3200 4856 vel
3258 4814 3371 4856 no-

1833 4889 2023 4951 tando
2059 4909 2073 4950 2
2108 4888 2208 4948 cui
2247 4887 2493 4948 muneri
2547 4888 2833 4966 attendit,
2860 4893 2922 4950 et
2964 4889 3043 4950 ad
3085 4889 3251 4949 hunc
3296 4891 3371 4950 ss-

1835 5000 1978 5042 nem
2007 4981 2088 5042 ab
2138 4981 2275 5041 aliis
2331 4980 2618 5060 negotiiS,
2671 4985 2735 5042 et
2785 4981 3026 5043 artibus
3070 4981 3366 5042 lucrandi

1833 5074 2134 5148 abstinet;
2169 5092 2362 5153 quare
2392 5076 2597 5152 potest
2624 5073 3008 5152 stipendium
3038 5075 3133 5135 sui
3178 5074 3365 5135 officii

1835 5168 1913 5228 ab
1940 5167 2015 5227 iis
2043 5167 2329 5245 accipere
2367 5184 2635 5245 quorum
2663 5165 2915 5244 negotia
2957 5165 3112 5245 agit,
3155 5171 3220 5227 et
3247 5166 3368 5228 hoc

1832 5278 1947 5340 pro
1978 5260 2283 5339 dignitate
2307 5276 2612 5338 personae3
2634 5275 2840 5336 neque
2870 5258 3039 5318 enim
3071 5258 3369 5338 quaelibet

1834 5372 2099 5432 persona
2128 5353 2211 5414 ad
2238 5352 2305 5412 id
2332 5350 2611 5411 muneris
2631 5355 2778 5428 apta
2807 5358 2993 5416 esset.
3020 5352 3086 5413 Si
3106 5370 3370 5430 respon-

1830 5447 1988 5508 dens
2018 5451 2232 5509 autem
2260 5451 2404 5508 tuus
2433 5463 2560 5505 non
2607 5444 2812 5504 solum
2851 5462 3111 5523 operam
3141 5449 3204 5507 et
3247 5446 3369 5506 mi-

1832 5540 2159 5602 nisterium
2217 5537 2568 5614 exhiberet,
2617 5536 2727 5597 sed
2774 5537 2966 5598 etiam
3017 5539 3367 5618 periculum

3512 2221 3591 2282 73
