4263 6376
522 558 639 602 Bona
650 557 823 601 uun-arii

597 624 651 654 an
667 612 751 655 sint

541 666 810 730 hypothecam

551 730 629 773 pro
647 731 798 761 unum.

619 3610 736 3670 213

537 3734 644 3788 Quid
661 3736 713 3779 de
731 3737 798 3789 iis,

520 3790 589 3853 qui
607 3791 658 3832 ab
672 3803 822 3854 usura·

520 3855 584 3885 no
597 3849 818 3898 accipiunt.

617 5362 735 5420 214

875 364 992 425 248

873 540 978 599 nia
1032 540 1198 600 bona
1249 542 1512 602 usurarii
1543 541 1667 602 sint
1714 541 1900 603 tacite
1957 541 2401 620 hypothecata,

872 632 971 691 vel
999 633 1249 693 realiter
1277 633 1552 711 obligata
1582 635 1661 693 ad
1702 653 2033 694 usurarum
2069 635 2412 696 restitutio-

872 743 1037 784 nem.
1083 726 1308 801 Prim0,
1342 727 1507 785 enim
1538 727 1730 805 aliqui
1759 726 1823 786 id
1851 727 2411 804 generaliteraffir-

871 821 1141 877 marunt.
1202 817 1400 879 Gloss.
1436 817 1497 876 in
1528 836 1666 896 cap.
1705 817 1755 879 C
1758 838 1854 876 um
1891 826 1976 894 tn,
2011 824 2071 880 et
2100 838 2239 897 cap.
2287 819 2411 879 Tua

868 928 992 984 nos,
1025 907 1095 969 de
1121 909 1331 986 usurss,
1382 913 1444 970 et
1478 911 1540 969 in
1573 929 1711 988 cap.
1745 910 2104 991 Quamquam
2138 911 2262 973 eod.
2313 912 2403 972 tit.

869 999 977 1062 lib.
1013 1018 1098 1061 w.
1121 1006 1185 1062 et
1209 1002 1312 1062 alii
1343 1002 1682 1063 canonistas
1711 1003 1976 1081 antiqui,
1999 1008 2157 1064 teste
2184 1007 2404 1065 Pauor.

869 1093 933 1152 in
963 1093 1025 1153 d.
1059 1111 1196 1172 cap.
1234 1093 1380 1155 Cum
1411 1102 1494 1155 tu.
1553 1094 1674 1155 Alii
1703 1096 1979 1156 secundo
2010 1096 2247 1173 dicunt,
2291 1097 2409 1157 hoc

870 1204 1005 1246 esse
1026 1204 1244 1246 verum
1274 1188 1495 1247 saltem
1524 1186 1602 1246 de
1623 1188 2122 1265 possessionibus
2145 1190 2409 1267 pecunia

870 1278 1156 1339 usuraria
1183 1279 1408 1358 emptis
1435 1299 1447 1339 :
1485 1279 1631 1357 quia
1661 1279 1722 1338 in
1755 1279 1817 1340 d.
1851 1298 1905 1340 c.
1962 1279 2109 1341 Cum
2141 1289 2223 1354 tu,
2259 1280 2411 1341 dici—

868 1374 972 1430 tur
997 1370 1136 1430 illas
1164 1370 1586 1449 possessiones
1613 1370 1975 1432 vendendas
2018 1390 2187 1445 esse3
2239 1377 2307 1434 ut
2336 1392 2408 1432 ex

869 1464 1067 1542 pretio
1098 1464 1362 1525 satisfiat
1386 1464 1803 1525 mutuatariiS.
1837 1466 1930 1525 lta
1956 1466 2139 1527 Joan.
2172 1467 2403 1527 Medin.

870 1555 940 1616 de
966 1556 1133 1616 rebus
1154 1576 1265 1637 per
1291 1577 1530 1617 usuram
1560 1557 1868 1638 acquisitis
1898 1563 2116 1637 quaest.
2153 1576 2239 1619 lv.
2289 1559 2409 1620 Alii

870 1650 1052 1710 tertio
1083 1649 1319 1725 dicunt,
1344 1649 1490 1710 licet
1512 1649 1821 1729 ejusmodi
1841 1651 2263 1728 possessiones
2284 1671 2406 1712 non

866 1745 1188 1803 transeant
1239 1760 1487 1821 semper
1539 1761 1684 1802 cum
1731 1742 1836 1802 illo
1898 1761 2086 1803 onere
2112 1790 2127 1818 ‚
2189 1744 2410 1804 saltem

869 1836 1122 1914 quando
1154 1835 1329 1897 titulo
1359 1836 1636 1912 gratuito
1667 1835 1863 1914 aliqui
1894 1853 1999 1894 eas
2029 1836 2108 1895 ab
2123 1837 2408 1897 usurario

868 1927 1250 2004 habuerunt,
1282 1927 1648 1987 vendendas
1692 1945 1826 1987 esse
1872 1928 1954 1988 ad
1993 1929 2410 1990 restituendas

867 2038 1111 2080 usuras.
1146 2021 1238 2080 Ita
1257 2022 1549 2079 Panoim.
1583 2020 2172 2097 supra.Communis
2200 2026 2408 2082 tamen

869 2116 934 2170 et
958 2129 1109 2170 vera
1163 2111 1473 2172 sententia
1525 2116 1715 2188 negat
1768 2112 1831 2171 in
1880 2111 2242 2173 universum
2287 2114 2412 2174 ulla

867 2203 1036 2263 bona
1062 2203 1354 2279 usurarii,
1389 2203 1632 2263 etiamsi
1661 2208 1869 2282 empta
1898 2204 2022 2265 sint
2049 2223 2119 2263 ex
2147 2207 2411 2283 pecunia

868 2296 1175 2371 usuraria,
1237 2296 1470 2355 habere
1526 2295 1971 2375 obligationem
2024 2296 2280 2374 realem,
2314 2299 2411 2359 vel

869 2388 1294 2467 hypothecam
1312 2406 1423 2466 pro
1440 2389 1842 2449 restituendis
1857 2389 2081 2451 usuris,
2105 2392 2198 2451 Ita
2211 2391 2315 2471 Caj
2324 2396 2405 2453 et.

869 2482 1042 2557 soto,
1093 2483 1313 2543 Covar.
1349 2485 1409 2541 et
1465 2480 1569 2540 alii
1615 2499 1854 2556 omneS,
1889 2499 2044 2560 quos
2087 2483 2290 2560 affert,
2351 2490 2413 2546 et

868 2574 1151 2652 sequitur
1180 2573 1357 2634 Salas
1387 2572 1537 2633 dub.
1571 2590 1690 2633 xm.
1725 2573 1957 2633 Molina
1974 2575 2135 2653 disp.
2168 2579 2306 2636 329.
2349 2581 2413 2637 et

868 2664 971 2725 alii
1002 2664 1440 2728 communiter.
1469 2665 1627 2736 Quia
1647 2684 1762 2725 nec
1791 2684 1866 2725 ex
1896 2672 2120 2727 natura
2148 2669 2260 2744 rei,
2295 2687 2410 2729 nec

863 2758 931 2817 in
980 2757 1122 2836 jure
1172 2757 1438 2836 positivo
1494 2757 1812 2819 invenitur
1857 2758 1996 2818 talis
2053 2759 2410 2838 hypotheca

867 2853 1124 2929 propter
1145 2868 1387 2924 usuraS,
1439 2849 1647 2909 necin
1679 2848 1741 2909 d.
1793 2867 1931 2928 cap.
1972 2850 2121 2911 Cum
2170 2860 2253 2929 tu,
2290 2853 2409 2914 hoc

867 2942 1118 3017 dicitur,
1152 2942 1262 3001 sed
1278 2942 1446 3020 quod
1477 2940 1902 3021 possessiones
1931 2942 2071 3019 illae,
2099 2945 2409 3022 quamdiu

865 3035 929 3096 in
960 3034 1235 3095 dominio
1266 3035 1535 3094 usurarii
1566 3038 1764 3109 erant,
1800 3034 2249 3103 venderentur:
2284 3055 2408 3097 non

866 3145 1038 3201 vero,
1071 3127 1123 3186 si
1145 3125 1279 3206 jam
1326 3126 1407 3186 ad
1445 3126 1638 3187 alium
1685 3144 2110 3205 possessorem
2149 3129 2410 3191 transis—

866 3226 1026 3283 sent.
1060 3222 1137 3281 Et
1163 3219 1418 3299 quidem
1447 3238 1572 3280 non
1603 3219 1976 3298 expediebat
2002 3220 2191 3281 talem
2214 3221 2409 3301 hypo-

866 3313 1117 3375 thecam
1180 3312 1580 3393 constituere,
1633 3310 1783 3390 quia
1836 3311 2206 3390 illaquearet
2259 3332 2410 3373 con-

867 3405 1180 3479 scientias,
1198 3408 1260 3464 et
1288 3421 1472 3463 nemo
1493 3403 1755 3464 auderet
1771 3402 2043 3463 vendere
2065 3405 2411 3484 quidquam

869 3497 1190 3569 usurariiS,
1223 3496 1322 3555 vel
1350 3496 1431 3556 ab
1461 3495 1579 3555 illis
1609 3513 1841 3556 emere.

949 3592 1084 3650 Hoc
1128 3592 1336 3648 autem
1376 3587 1723 3661 occasione,
1773 3587 1969 3666 quaeri
2013 3587 2172 3649 solet
2198 3588 2404 3665 tertie,

867 3701 950 3744 an
980 3681 1022 3741 ii
1052 3680 1159 3758 qui
1189 3679 1426 3758 aliquid
1460 3679 1538 3738 ab
1561 3679 1850 3739 usurario
1868 3680 2047 3740 titulo
2071 3680 2403 3757 lucrative,

866 3776 967 3836 vel
998 3791 1261 3856 oneroso
1293 3771 1629 3850 accipiunt,
1663 3772 1904 3850 possint
1930 3771 2085 3832 illud
2115 3772 2281 3833 licite
2312 3791 2408 3833 ac-

867 3868 1074 3947 cipere
1107 3871 1172 3927 et
1195 3865 1489 3939 retinere,
1515 3865 1785 3922 maxime
1818 3864 2070 3943 quando
2100 3865 2412 3942 impotens

866 3964 981 4035 est,
1013 3959 1112 4020 vel
1147 3960 1217 4019 fit
1245 3957 1324 4017 ad
1374 3957 1880 4017 restituendum?
1930 3959 2018 4017 De
2048 3957 2168 4017 hoc
2199 3962 2408 4018 tamen

866 4053 1138 4113 diximus
1166 4051 1289 4111 late
1321 4067 1512 4128 supra
1544 4049 1703 4126 disp.
1732 4065 1832 4108 xx.
1867 4047 1936 4108 de
1958 4048 2161 4109 ordine
2180 4049 2408 4110 restitu-

865 4144 1058 4219 tionis,
1117 4148 1267 4204 sect.
1311 4160 1395 4204 v1.
1432 4141 1538 4202 ubi
1570 4141 1948 4201 adduximus
1997 4161 2139 4221 quae
2180 4142 2246 4200 in
2290 4142 2410 4203 hoc

864 4239 1000 4299 loco
1031 4237 1319 4296 doctores
1351 4235 1589 4295 dicunt.
1624 4236 1733 4293 Est
1763 4233 1928 4293 enim
1950 4233 2212 4312 quaestio
2245 4252 2411 4294 com·

863 4330 1072 4391 munis
1100 4328 1180 4389 ad
1211 4346 1428 4388 omnes
1476 4327 1581 4406 qui
1610 4325 1928 4405 accipiunt
1956 4326 2035 4386 ab
2067 4326 2411 4405 impotente

863 4423 1106 4484 solvere
1131 4420 1259 4481 suis
1288 4418 1731 4480 creditoribuS.
1784 4419 1999 4479 Solum
2031 4419 2179 4478 addi
2209 4424 2415 4497 potest

863 4516 950 4590 id,
985 4512 1153 4594 quod
1183 4512 1409 4591 quaerit
1431 4513 1602 4571 Less,
1638 4511 1699 4570 d.
1736 4528 1874 4588 cap.
1903 4512 2035 4571 XX.
2060 4510 2212 4571 dub.
2234 4527 2404 4572 xx1v.

864 4609 944 4668 de
980 4606 1291 4667 creditore
1322 4602 1614 4678 usurarii,
1667 4601 1765 4662 cui
1797 4602 1927 4681 ipse
1958 4621 2070 4680 pro
2102 4603 2410 4663 solutione

864 4701 960 4762 sui
990 4699 1182 4760 debiti
1232 4698 1512 4774 assignat
1552 4694 1923 4756 solutionem
1961 4695 2299 4772 petendam
2334 4696 2411 4755 ab

864 4813 959 4866 eo,
995 4793 1103 4872 qui
1143 4809 1350 4851 usurae
1381 4788 1634 4850 nomine
1694 4788 2082 4848 tantumdem
2115 4788 2234 4868 ipsi
2263 4807 2413 4848 usu-

863 4885 1027 4946 rario
1058 4883 1266 4944 debet.
1301 4884 1562 4959 Oportet
1603 4884 1814 4940 tamen
1864 4880 2036 4958 prius
2065 4878 2279 4939 videre
2331 4879 2410 4940 de

863 4976 1264 5054 obligatione,
1316 4978 1379 5035 et
1425 4976 1684 5051 peccato
1734 4990 1952 5032 eorum
2000 4971 2104 5050 qui
2155 4972 2233 5031 ad
2264 4989 2412 5032 exa-

862 5070 1132 5130 ctionem
1199 5083 1530 5127 usurarum
1585 5070 2029 5142 cooperantur,
2080 5063 2182 5124 hic
2240 5065 2407 5123 enim

866 5162 1034 5222 nullo
1082 5161 1201 5220 alio
1248 5159 1426 5221 titulo
1473 5161 1727 5236 peccat,
1779 5157 1898 5215 nisi
1934 5157 2080 5236 quia
2126 5156 2407 5216 usurario

867 5258 1258 5333 cooperatur.

947 5347 1256 5421 Quaeritur
1284 5361 1434 5421 ergo
1467 5345 1690 5422 quarto
1738 5341 1816 5400 de
1845 5340 1942 5418 iis,
1977 5342 2085 5421 qui
2123 5341 2407 5401 usurario

865 5440 1303 5516 cooperantur,
1339 5434 1654 5515 quomodo
1702 5439 1966 5513 peccent
1992 5439 2053 5495 et
2078 5439 2410 5496 teneantur

865 5532 942 5592 ad
978 5530 1456 5592 restitutionem.
1493 5528 1731 5607 Regula
1760 5527 2071 5605 generalis
2100 5527 2409 5606 assignari

2037 366 2140 425 DE
2181 366 2534 427 JUSTITIA
2579 367 2680 426 ET
2721 366 2919 427 JURE

2508 542 2698 617 solet,
2750 560 2857 602 eos
2886 542 2992 619 qui
3021 560 3086 601 se
3116 546 3331 602 tenent
3357 560 3433 600 ex
3463 547 3644 619 parte
3702 544 4025 602 mutuantis

2508 633 2796 710 usurarii,
2818 618 3080 713 peccare
3110 638 3171 695 et
3200 634 3466 712 obligari
3481 633 3561 693 ad
3584 634 4026 694 restitutionem

2508 725 2726 785 saltem
2755 726 3030 786 secundo
3058 726 3195 786 loco
3225 730 3366 805 post
3403 726 3613 804 ipsum
3651 726 4025 799 usurarium
4064 736 4080 763 s
4114 760 4133 787 .«

2509 836 2615 878 eos
2643 835 2791 878 vero
2822 818 2929 897 qui
2959 837 3023 878 se
3070 823 3285 879 tenent
3312 837 3385 877 ex
3431 823 3611 896 parte
3658 821 4027 894 mutuatarii,

2508 928 2631 970 non
2658 910 2924 988 obligari
2954 912 3034 971 ad
3082 911 3566 986 restitutionem,
3602 928 3724 971 nec
3753 929 4029 988 peccare:

2510 1002 2678 1081 quod
2709 1001 3008 1080 intellige,
3056 1002 3170 1062 nisi
3203 1002 3479 1081 quande,
3513 1007 3577 1063 et
3605 1021 3679 1063 eo
3712 1003 3903 1063 modo
3931 1023 4034 1082 qno

2508 1093 2638 1172 ipse
2667 1095 3085 1154 mutuatarius
3110 1100 3400 1172 peccaret
3443 1100 3709 1172 peccato
3753 1096 4033 1171 scandali,

2508 1190 2577 1246 ut
2613 1190 2830 1264 postea
2859 1186 3232 1247 videbimus.
3274 1189 3446 1247 Hanc
3485 1188 3778 1265 regulam
3804 1190 4039 1250 tradunt

2508 1278 2740 1337 Molina
2767 1278 2927 1357 disp.
2962 1281 3100 1340 331.
3133 1281 3302 1340 LesS.
3335 1279 3484 1339 dub.
3506 1296 3636 1340 xx1.
3663 1284 3726 1340 et
3746 1281 3876 1356 alii,
3903 1300 4037 1359 quos

2507 1369 2630 1430 late
2659 1371 2941 1449 congerit
2966 1371 3145 1432 Salas
3174 1372 3322 1431 dub.
3359 1388 3521 1433 xtlv.

2586 1461 2760 1537 Mihi,
2793 1466 2863 1522 ut
2887 1481 3106 1522 verum
3135 1463 3354 1539 fatear,
3377 1462 3516 1524 haec
3540 1466 3767 1543 regula
3786 1484 3910 1525 non
3924 1467 4039 1545 pla-

2509 1558 2629 1627 cet,
2655 1554 2964 1614 nisialiter
2984 1556 3348 1634 explicetur,
3365 1557 3477 1616 sed
3508 1557 3855 1618 dicendum
3883 1565 4034 1637 puto,

2508 1664 2614 1706 eos
2630 1665 2844 1706 omnes
2861 1666 3118 1725 peccare
3140 1654 3357 1709 contra
3374 1648 4038 1729 justitiam,etobligari

2510 1738 2589 1798 ad
2609 1739 3089 1815 restitutionem,
3116 1741 3224 1819 qui
3244 1741 3333 1801 ita
3353 1748 3783 1819 cooperantur
3798 1748 3872 1804 ut
3896 1745 4041 1804 circa

2506 1831 2698 1893 talem
2755 1832 3261 1910 cooperationem
3318 1836 3743 1895 mutuatarius
3787 1836 4041 1913 graviter

2507 1923 2586 1984 sit
2638 1923 2901 1996 invitus;
2964 1942 3070 1983 eos
3099 1927 3307 1985 autem
3355 1944 3478 1985 non
3526 1944 3798 2005 peccare
3847 1935 4041 1989 contra

2501 2015 2829 2096 justitiam,
2862 2033 2977 2076 nec
3006 2016 3267 2094 obligari
3292 2016 3368 2076 ad
3388 2019 3877 2095 restitutionem,
3897 2023 4040 2081 circa

2507 2126 2773 2187 quorum
2791 2109 3295 2187 cooperationem
3317 2127 3442 2169 non
3459 2115 3555 2171 est
3570 2110 4041 2173 invitusmutua-

2506 2200 2724 2261 tarius,
2760 2201 2939 2261 Ratio
2970 2201 3219 2263 videtur
3239 2202 3588 2280 clara,quia
3607 2202 3671 2262 hi
3696 2212 4041 2283 cooperato-

2507 2311 2608 2353 res
2638 2311 2759 2352 non
2775 2297 3309 2372 possuntpeccare
3331 2299 3550 2355 contra
3567 2295 3910 2373 justitiam,
3934 2298 4034 2356 nisi

2509 2388 2817 2464 quatenus
2841 2384 3137 2463 injuriam
3160 2385 3435 2463 aliquam
3450 2386 3733 2447 inferunt
3752 2394 4044 2449 mutuata·

2507 2478 2622 2549 rio;
2641 2495 2764 2537 non
2777 2480 3254 2554 possentautem
3268 2477 3562 2556 injuriam
3574 2479 3664 2538 illi
3681 2480 4042 2556 inferre,nisj

2507 2569 2741 2648 aliquid
2763 2588 2835 2629 eo
2853 2569 3045 2630 invito
3062 2570 3315 2646 faciant,
3335 2588 3482 2629 nam
3505 2572 3744 2632 volenti
3764 2577 3827 2633 et
3843 2575 4043 2635 scienti

2508 2680 2633 2721 non
2661 2662 2730 2722 fit
2758 2660 2981 2740 injuria
3004 2679 3188 2739 :ergo
3221 2660 3524 2740 quidquid
3555 2662 3624 2721 hi
3651 2662 3911 2740 faciant,
3937 2684 4043 2726 non

2510 2756 2776 2832 peccant
2816 2757 3034 2813 contra
3073 2753 3404 2831 Justitiam‚
3438 2754 3488 2813 si
3519 2754 3584 2814 id
3614 2773 3743 2815 non
3774 2756 4045 2836 displicet

2507 2846 2632 2906 ullo
2662 2846 2849 2905 modo
2877 2847 3280 2921 mutuatariO,
3317 2863 3520 2924 neque
3542 2852 3641 2907 est
3659 2848 3748 2907 illi
3780 2850 3910 2910 ullo
3930 2869 4046 2910 mo-

2512 2939 2591 2998 do
2639 2938 3152 2999 involuntarium.
3212 2939 3549 3000 Usurarius
3614 2946 3787 3001 certe
3845 2949 4045 3021 peceat

2511 3034 2728 3092 contra
2765 3031 3094 3109 justitiam,
3131 3030 3278 3109 quia
3324 3032 3468 3091 licet
3513 3035 3902 3095 mutuatario
3930 3036 4046 3115 pla-

2511 3130 2651 3185 ceat
2670 3124 2834 3203 quod
2864 3127 3128 3198 mutuet,
3156 3123 3321 3203 quod
3351 3129 3565 3186 tamen
3598 3127 3811 3205 exigat
3840 3129 3936 3187 vel
3962 3147 4044 3188 re·

2510 3218 2700 3296 cipiat
2744 3235 2967 3277 usuras
2996 3217 3076 3277 ob
3132 3221 3441 3293 mutuum,
3501 3217 3794 3298 displicet
3840 3221 3945 3295 illi,
3993 3227 4043 3281 et

2510 3310 2757 3371 nonnisi
2784 3309 3014 3370 invitus
3041 3313 3103 3370 et
3130 3310 3547 3370 involuntarie
3575 3312 3802 3372 saltem
3837 3331 4045 3374 secun·
4202 3289 4205 3370 Ᾰ

2512 3404 2662 3463 dum
2727 3401 2878 3480 quid
2935 3402 3220 3477 sustinet,
3268 3402 3436 3480 quod
3482 3402 3547 3461 id
3594 3404 3729 3465 fiat.
3780 3405 4044 3465 Aliorum

4068 564 4134 619 eq

4061 580 4208 827 213.

2513 3499 2721 3555 autem
2752 3494 3226 3572 cooperantium
3253 3494 3534 3555 actiones
3552 3514 3677 3556 non
3711 3498 3799 3557 ita
3816 3516 4045 3576 semper

2512 3588 2567 3647 ei
2595 3587 2947 3665 displicent,
2981 3585 3091 3645 sed
3120 3585 3327 3663 potius
3355 3587 3531 3664 cupit
3576 3592 3642 3648 et
3670 3595 3849 3666 optat
3890 3589 4042 3668 quod

2508 3679 2682 3752 fiant,
2708 3697 2900 3757 quare
2930 3678 3051 3737 illae
3083 3695 3206 3737 non
3239 3684 3503 3757 possunt
3530 3681 3859 3741 continere
3890 3682 4039 3761 inju-

2509 3771 2687 3847 riam,
2714 3787 2830 3830 nec
2861 3772 3079 3829 afferre
3109 3769 3555 3847 obligationem
3584 3775 3953 3834 restituendi
3979 3794 4041 3835 ex
4202 3841 4203 3858 χ

2507 3864 2738 3941 injuria

2590 3958 2679 4015 Ex
2709 3954 2828 4014 hac
2851 3955 3071 4033 regula
3097 3955 3186 4016 sic
3216 3957 3527 4034 explicata
3554 3958 3884 4017 veniamus
3919 3961 4038 4037 jam

2508 4048 2588 4109 ad
2619 4065 2915 4127 personas
2946 4048 3377 4126 particulareS,
3413 4054 3474 4110 et
3502 4068 3724 4110 earum
3754 4070 4040 4131 coopera-

2506 4142 2814 4200 rationem
2843 4142 3350 4201 examinandam.

2592 4235 2801 4293 Primo
2848 4251 2998 4311 ergo
3030 4234 3314 4310 infertur,
3365 4253 3472 4295 eos
3503 4236 3607 4315 qui
3642 4255 3709 4296 se
3740 4241 3948 4298 tenent
3972 4256 4035 4296 ex
4076 4231 4119 4324 ἑξ

2510 4333 2683 4405 parte
2731 4326 3116 4402 mutuatarii,
3153 4328 3303 4386 etin
3334 4327 3469 4406 ejus
3515 4330 3822 4408 grariam,
3852 4333 3943 4390 vel
3971 4349 4035 4389 eo
4086 4329 4119 4375 ἐ

2508 4422 2758 4498 petente
2793 4419 3125 4479 consulunt
3152 4421 3439 4480 usurario
3469 4421 3623 4481 dare
3656 4427 3937 4484 mutuum
3964 4423 4033 4482 ad
4087 4402 4119 4429 “

2507 4513 2750 4586 us'uras,
2800 4511 2898 4570 vel
2955 4512 3062 4589 qui
3116 4515 3333 4572 mutuo
3383 4519 3669 4591 accepto,
3721 4517 4035 4577 consulunt

2508 4603 2886 4665 mutuatario
2916 4609 2985 4664 ut
3012 4604 3213 4666 solvat
3232 4624 3563 4681 usuras,ne
3580 4611 3904 4670 usurarius
3923 4609 4031 4667 alia

2507 4696 2642 4757 vice
2674 4694 2827 4755 nolit
2853 4694 2906 4755 ei
2955 4699 3267 4772 mutuare,
3299 4697 3398 4758 vel
3446 4700 3722 4779 denique
3761 4721 3836 4762 ex
3875 4707 4032 4780 parte

2508 4788 2871 4849 mutuatarii
2900 4788 3244 4867 quidquam
3274 4789 3440 4850 aliud
3471 4792 3734 4869 faciunt,
3762 4813 3877 4855 non
3904 4812 4035 4871 pee-

2509 4899 2653 4941 care
2683 4884 2899 4940 contra
2919 4879 3251 4958 justitiam.
3278 4883 3345 4941 ln
3378 4881 3496 4943 hac
3527 4884 3814 4946 illatione
3836 4904 4035 4946 conve·

2510 4974 2689 5034 niunt
2718 4973 3006 5033 doctores
3049 4973 3240 5046 citati,
3274 4974 3422 5052 quia
3452 4976 3617 5037 sicut
3644 4977 3781 5056 ipse
3808 4983 4033 5038 mutua-

2507 5067 2702 5127 tarius
2734 5069 2937 5142 potest
2964 5065 3099 5124 haec
3116 5066 3323 5126 omnia
3340 5067 3570 5145 facere,
3594 5069 3687 5129 sic
3717 5070 3847 5149 ejus
3867 5068 4029 5129 amici

2509 5160 2571 5220 in
2603 5160 2736 5237 ejus
2766 5158 3031 5237 gratiam
3049 5163 3310 5237 possunt
3329 5160 3552 5219 eadem
3568 5163 3810 5241 absque
3826 5162 4028 5241 injuria

2508 5252 2715 5311 facere
2749 5267 2762 5312 :
2800 5250 2977 5328 cujus
3023 5251 3182 5312 ratio
3206 5250 3387 5328 juxta
3440 5259 3725 5313 nostram
3772 5255 4026 5332 regulam

2510 5347 2623 5418 est,
2659 5343 2806 5421 quia
2837 5343 2967 5402 haec
2997 5342 3206 5403 omnia
3254 5361 3377 5404 non
3408 5344 3652 5406 faciunt
3699 5347 3900 5418 invito,
3926 5343 4027 5403 sed

2512 5435 2754 5494 volente
2785 5437 2846 5494 et
2861 5434 3247 5512 approbante
3271 5435 3493 5497 saltem
3522 5443 3897 5517 praesumpta
3922 5454 4025 5494 vo·

2506 5528 2745 5588 luntate
2772 5527 3172 5588 mutuatariO.
