4263 6376
959 412 1077 472 518

959 585 1298 647 sententias
1326 585 1517 646 refert
1545 585 1720 646 Salas
1750 584 1901 646 dub.
1934 600 2070 647 x111.
2104 605 2167 647 n.
2191 589 2219 647 1
2257 588 2319 648 et
2336 588 2396 647 2.
2432 588 2496 647 et

960 684 1290 757 utramque
1356 677 1688 738 conciliare
1731 682 2015 754 conatur,
2075 678 2310 752 dicenS,
2367 696 2492 739 non

959 789 1142 850 posse
1195 787 1320 830 uno
1359 769 1534 848 jactu
1581 770 1723 849 plus
1767 769 1996 830 lucrari
2038 770 2118 831 ab
2161 789 2283 832 uno
2331 770 2486 846 solo,

958 882 1148 942 quam
1179 863 1369 941 possit
1396 863 1527 941 ipse
1549 863 1833 941 perdere,
1859 882 2040 942 posse
2062 855 2273 925 tamen
2303 863 2494 942 aplu-

956 956 1127 1016 ribus
1158 956 1342 1015 simul
1374 975 1494 1016 uno
1519 956 1693 1036 jactu
1724 955 1862 1034 plus
1882 957 2134 1034 lucrari,
2163 961 2233 1018 ut
2260 957 2311 1016 si
2343 974 2492 1035 qua-

952 1053 1097 1110 tuor
1125 1068 1248 1109 non
1283 1049 1514 1126 possint
1542 1049 1768 1127 singuli
1797 1050 2081 1129 perdere,
2139 1049 2255 1110 nisi
2298 1067 2493 1110 unum

955 1159 1237 1218 aureum,
1272 1160 1461 1221 quem
1490 1142 1716 1220 singuli
1746 1143 2090 1222 deponunt,
2113 1147 2375 1222 possunt
2405 1147 2494 1202 ta-

954 1251 1099 1293 men
1130 1233 1358 1312 singuli
1414 1235 1516 1295 illo
1558 1233 1734 1313 jactu
1780 1235 2006 1295 lucrari
2051 1241 2178 1296 tres
2240 1253 2488 1295 aureoS.

958 1329 1223 1387 Possunt
1252 1327 1442 1387 etiam
1471 1327 1819 1388 successive
1850 1328 1987 1406 plus
2017 1328 2245 1388 lucrari
2278 1328 2358 1387 ab
2389 1346 2496 1388 eo-

955 1418 1100 1479 dem
1122 1418 1383 1479 diversis
1405 1418 1699 1498 jactibuS,
1735 1438 1925 1498 quam
1971 1420 2147 1481 initio
2204 1424 2496 1499 poterant

954 1511 1239 1589 perdere,
1266 1511 1411 1589 quia
1439 1511 1502 1570 in
1535 1512 1793 1589 singulis
1813 1512 2086 1592 jactibus
2103 1532 2228 1575 non
2248 1513 2493 1574 lucran-

954 1609 1061 1664 tur
1104 1604 1438 1682 plusquam
1474 1604 1536 1664 in
1592 1604 1854 1682 singulis
1903 1605 2180 1684 jactibus
2237 1609 2494 1684 possent

953 1695 1239 1774 perdere.
1275 1696 1555 1775 Denique
1585 1697 1756 1773 dicit,
1791 1717 1973 1776 posse
2004 1699 2193 1760 etiam
2223 1699 2362 1778 plus
2394 1699 2490 1758 lu-

955 1788 1117 1848 crari
1148 1806 1337 1867 quam
1368 1789 1656 1869 perdere,
1699 1791 1950 1869 quando
1999 1791 2336 1853 intervenit
2381 1790 2494 1851 do-

954 1880 1122 1940 natio
1176 1880 1540 1957 adversarii,
1576 1901 1764 1960 quam
1837 1883 2025 1963 aliqui
2075 1903 2234 1964 quos
2304 1883 2495 1944 refert

954 1973 1234 2034 Sanchez
1264 1979 1482 2053 postea
1510 1975 2059 2055 citandus,putant
2088 1977 2486 2052 intervenire,

953 2065 1198 2145 quoties
1229 2065 1626 2127 adversarius
1683 2068 1857 2129 novit
1898 2069 2324 2131 conditionem
2371 2068 2493 2130 col-

951 2155 1244 2233 ludentis,
1280 2161 1342 2218 et
1374 2163 1583 2218 tamen
1615 2177 1758 2219 cum
1790 2178 1861 2220 eo
1892 2161 2108 2221 ludere
2137 2162 2290 2237 vult,
2325 2160 2493 2240 quod

952 2252 1166 2310 tamen
1191 2249 1323 2328 ipse
1354 2250 1531 2311 Salas
1561 2269 1686 2312 non
1726 2252 1945 2330 credit,
1994 2272 2119 2314 non
2175 2254 2339 2314 enim
2387 2254 2494 2313 ha-

952 2340 1061 2401 bet
1088 2342 1369 2402 animum
1394 2342 1691 2420 donandi,
1726 2345 1835 2404 sed
1863 2345 2151 2408 lucrandi
2180 2365 2294 2425 per
2317 2348 2409 2407 fas
2432 2348 2494 2407 et

954 2434 1151 2494 nefas,

1034 2529 1166 2605 Ego
1197 2526 1708 2607 distinguendum
1737 2533 1887 2608 puto
1922 2551 1935 2593 :
1992 2550 2140 2591 nam
2191 2533 2282 2593 vel
2327 2532 2493 2593 bona

952 2619 1077 2681 fide
1103 2619 1407 2696 luserunt,
1440 2622 1539 2682 vel
1558 2623 1746 2684 mala.
1781 2624 2028 2685 Sibona
2047 2625 2488 2701 fideluserunt,

955 2731 1079 2772 non
1109 2711 1295 2773 video
1324 2731 1437 2773 cur
1467 2733 1592 2775 non
1621 2715 1818 2793 possit
1847 2734 1980 2776 esse
2007 2722 2363 2779 contractus
2398 2737 2495 2778 va-

952 2805 1117 2866 lidus
1152 2823 1167 2863 ι
1198 2806 1447 2867 videtur
1476 2808 1642 2866 enim
1670 2827 1736 2868 se
1767 2807 2000 2869 habere
2051 2810 2274 2870 eodem
2303 2811 2491 2872 modo

953 2898 1115 2958 sicut
1144 2897 1252 2976 qui
1292 2916 1427 2958 rem
1458 2899 1728 2959 alienam
1780 2901 1948 2961 bona
2001 2902 2125 2961 fide
2180 2903 2393 2964 vendit
2435 2907 2496 2964 et

955 2989 1220 3068 acquirit
1273 2990 1620 3052 dominium
1702 2994 1906 3072 pretii,
1963 2999 2213 3057 tenetur
2282 3001 2494 3057 tamen

958 3082 1225 3160 emptori
1254 3083 1331 3142 de
1362 3084 1689 3161 evictione,
1723 3089 1787 3147 et
1812 3085 1899 3146 ita
1946 3105 2237 3165 expresse
2265 3088 2496 3151 fatetur

959 3177 1130 3237 Less,
1166 3194 1219 3237 c.
1252 3193 1421 3238 xxvl.
1457 3177 1606 3239 dub.
1644 3197 1700 3241 v.
1732 3200 1793 3240 n.
1827 3183 1924 3241 36.
1953 3180 2075 3240 imo
2121 3181 2293 3259 dicit,
2328 3182 2496 3243 suffi-

960 3286 1103 3330 cere
1132 3269 1362 3330 bonam
1392 3270 1581 3330 fidem
1610 3273 2000 3350 colludentiS,
2038 3278 2106 3335 ut
2159 3276 2289 3353 ipse
2337 3276 2495 3336 alius

962 3361 1072 3440 qui
1100 3361 1371 3422 alienare
1402 3381 1523 3423 non
1549 3369 1815 3442 poterat,
1847 3366 2073 3427 lucrari
2106 3368 2323 3445 possit,
2349 3370 2497 3447 quia

959 3453 1128 3514 bona
1154 3454 1310 3515 fides
1337 3456 1593 3516 alterius
1621 3476 1695 3517 ex
1723 3459 2239 3522 contrahentibus
2267 3462 2498 3523 sufficit

962 3547 1041 3607 ad
1064 3547 1339 3608 valorem
1369 3552 1744 3624 contractae,
1779 3569 1852 3610 ex
1879 3551 2002 3631 leg.
2050 3552 2196 3613 Rem
2223 3553 2490 3630 alienam,

959 3641 1022 3700 ss.
1042 3638 1112 3699 de
1138 3639 1528 3701 contrahenda
1544 3652 1718 3723 empt.
1748 3643 2093 3706 Difficultas
2109 3665 2245 3706 esse
2267 3652 2490 3726 potest,

961 3732 1213 3812 quando
1262 3738 1527 3813 uterque
1579 3735 1815 3796 sciebat
1870 3736 2304 3816 impotentiam
2350 3740 2497 3800 alie-

961 3825 1150 3886 nandi
1186 3846 1199 3885 :
1236 3846 1359 3905 quo
1391 3845 1539 3887 casu
1570 3828 1819 3889 Lessius
1848 3833 1911 3889 et
1939 3830 2042 3889 alii
2075 3830 2311 3908 dicunt,
2347 3850 2498 3892 con-

959 3923 1228 3980 tractum
1270 3938 1403 3980 esse
1449 3920 1818 3997 invalidum,
1868 3926 1930 3983 et
1974 3941 2011 3982 a
2052 3929 2275 3985 neutro
2314 3944 2496 4002 posse

959 4011 1204 4072 lucrum
1258 4012 1535 4074 retineri.
1598 4015 1995 4076 Contrarium
2048 4020 2261 4077 tamen
2315 4018 2497 4080 docet

961 4122 1103 4165 cum
1132 4104 1269 4165 aliis
1295 4107 1528 4168 Bonae.
1563 4107 1724 4186 disp.
1759 4108 1836 4170 11.
1869 4107 1939 4168 de
1967 4117 2246 4171 contr-act.
2282 4130 2344 4190 q.
2397 4127 2491 4172 111.

961 4202 1175 4275 punct.
1209 4215 1278 4259 11.
1313 4218 1372 4259 n.
1408 4203 1504 4260 15.
1549 4201 1743 4261 etalii
1788 4220 1944 4279 quos
1982 4203 2168 4263 affert
2215 4206 2496 4283 Layman

960 4290 1069 4350 lib.
1098 4306 1189 4350 111.
1228 4295 1303 4351 tr.
1338 4308 1424 4353 1v.
1459 4310 1513 4353 c.
1547 4297 1645 4366 21,
1686 4313 1746 4354 n.
1783 4299 1842 4355 6.
1878 4299 1941 4355 et
1969 4294 2071 4355 alii
2100 4296 2302 4373 multi,
2341 4315 2497 4376 quos

964 4385 1144 4445 affert
1171 4384 1401 4445 Sanch.
1434 4385 1542 4446 lib.
1577 4402 1687 4448 vn.
1714 4387 1774 4447 in
1794 4386 2047 4468 decaloq.
2074 4407 2129 4449 c.
2162 4405 2286 4449 mx.
2306 4410 2366 4450 n.
2392 4393 2491 4451 85.

963 4476 1069 4555 qui
1139 4494 1277 4536 eam
1331 4480 1706 4539 sententiam
1776 4480 2168 4558 probabilem
2240 4483 2492 4558 fatetur,

965 4588 1155 4648 quam
1236 4569 1424 4630 ctiam
1516 4572 1934 4651 amplectitur,
2024 4574 2163 4633 aliis
2258 4575 2491 4651 relatis»,

962 4662 1160 4724 Diana
1184 4665 1232 4724 1.
1268 4669 1438 4725 tomo
1464 4669 1647 4726 tract.
1670 4664 1740 4726 de
1757 4665 2168 4742 contractibus,
2188 4667 2372 4727 resol.
2393 4671 2490 4728 67.

961 4757 1318 4817 Recolenda
1348 4763 1515 4833 sunt,
1550 4777 1688 4837 quae
1718 4760 1986 4820 diximus
2033 4760 2195 4838 disp.
2229 4777 2382 4821 xvn.
2419 4760 2496 4821 de

962 4848 1342 4927 obligatione
1372 4852 1739 4913 restituendi
1786 4872 1859 4912 ex
1905 4871 1973 4913 re
2008 4858 2289 4931 accepta,
2339 4858 2491 4915 sect.

963 4942 1074 5003 ult.
1109 4942 1172 5002 in
1200 4945 1347 5020 fine,
1380 4945 1485 5004 ubi
1535 4944 1804 5005 vidimus
1852 4946 2213 5025 aliquandO,
2253 4946 2315 5005 in
2361 4946 2497 5007 aliis

962 5035 1183 5096 saltem
1212 5037 1634 5098 contractibus
1662 5038 2077 5100 avenditione
2122 5058 2306 5118 posse
2348 5057 2497 5100 con-

963 5132 1230 5189 tractum
1263 5130 1538 5189 validum
1597 5131 1876 5191 exerceri
1916 5132 2104 5192 etiam
2145 5150 2289 5192 cum
2330 5133 2497 5192 mala

964 5220 1086 5280 tide
1114 5221 1437 5300 utriusque
1467 5223 1917 5300 contrahentiS,
1950 5224 2098 5303 quia
2138 5228 2343 5302 potest
2385 5225 2499 5284 ali-

963 5314 1101 5392 quis
1138 5313 1296 5373 velle
1338 5334 1403 5374 se
1447 5315 1724 5393 obligare
1766 5316 1943 5377 alteri
1987 5317 2188 5376 solum
2241 5322 2498 5397 propter

963 5407 1271 5466 actionem
1302 5408 1651 5468 naturalem
1678 5409 1981 5486 illicitam,
2014 5428 2204 5488 quam
2247 5410 2403 5471 alius
2431 5411 2498 5470 in

964 5498 1059 5558 sui
1087 5499 1355 5576 gratiam
1385 5506 1654 5563 exercet.

1045 5591 1313 5652 Adverte
1354 5597 1587 5669 tamen,
1639 5594 1689 5654 si
1735 5595 1836 5655 ille
1892 5595 1997 5674 qui
2054 5596 2327 5659 alienare
2372 5615 2497 5658 non

2116 410 2219 471 nn
2261 371 2616 472 ms'rrrn'x
2659 408 2760 469 ΕΤ
2802 407 3002 470 mna

2595 587 2859 663 poterat,
2893 601 3007 644 nec
3038 582 3370 662 disponere
3399 583 3477 644 de
3506 602 3574 644 re
3609 601 3778 663 quam
3809 587 3919 649 ludo
3937 609 3999 650 ex·
4119 659 4120 674 χ

2594 677 2790 756 ponit,
2827 695 2941 737 nec
2972 695 3116 737 eum
3147 677 3399 737 aliunde
3428 677 3682 753 solvere,
3716 678 3910 756 decepit
3926 684 4001 742 cot

2591 770 2864 832 lusorem
2883 769 3171 846 dicendo,
3203 788 3270 829 se
3314 787 3495 848 posse
3545 769 3726 830 libere
3770 771 3932 833 ludere
3966 785 4002 836 et

2593 863 2946 941 disponere,
2982 881 3104 922 non
3134 880 3317 942 posse
3336 862 3539 940 ipsum
3568 863 3803 923 retinere
3818 864 3999 940 lucrum,

2593 955 2742 1035 quia
2770 974 2882 1034 per
2909 954 3195 1015 fraudem
3226 955 3515 1016 nocivam
3559 954 3779 1017 induxit
3820 957 4002 1019 altemm
4119 959 4120 1034 ᾗ

2593 1048 2821 1128 injuste
2838 1048 2917 1108 ad
2933 1047 3277 1108 ludendum
3298 1069 3312 1120 ;
3339 1066 3535 1127 quare
3557 1055 3787 1126 propter
3799 1049 4001 1128 injuriam
4119 1091 4120 1130 ἦ

2593 1142 2828 1203 illatam
2857 1141 3044 1202 debet
3060 1141 3116 1200 ei
3145 1142 3450 1202 resarcire
3480 1145 3674 1202 totum
3700 1141 3935 1202 damnum
3954 1162 3999 1204 ex
4119 1159 4120 1190 l

2591 1233 2740 1294 ludo
2799 1234 3232 1306 subsecutum;
3294 1238 3362 1294 ut
3413 1233 3575 1294 bene
3641 1235 3844 1294 notavit
3882 1237 4003 1296 etiam

2594 1327 2771 1388 Salas
2800 1326 2950 1387 dub.
2983 1343 3119 1387 xm.
3153 1327 3217 1386 in
3246 1326 3354 1388 fin.
3389 1331 3453 1388 et
3483 1326 3701 1387 Sanch.
3729 1327 3841 1387 loeo
3863 1327 4000 1388 citato.

2673 1419 2946 1480 Adverte
2977 1420 3166 1480 etiam
3184 1438 3257 1479 ex
3286 1419 3469 1480 dictis
3490 1438 3552 1479 n.
3587 1421 3675 1480 13.
3699 1425 3754 1480 et
3772 1439 4004 1498 seqq.esse
4119 1495 4120 1498 Ἴ

2592 1511 3038 1593 obligationem
3094 1512 3463 1574 restituendi
3505 1530 3614 1591 pro
3655 1513 3900 1590 periculo,
3944 1513 4003 1574 cui

2590 1605 2860 1665 collusor
2887 1605 3204 1684 expositus
3233 1609 3326 1666 est
3352 1605 3506 1665 nihil
3537 1605 3811 1680 lucrandi,
3836 1606 3875 1664 si
3906 1607 4005 1666 aller

2592 1696 2742 1757 nihil
2772 1699 3018 1776 poterat
3045 1697 3299 1773 habere,
3337 1698 3505 1758 unde
3534 1699 3796 1759 solveret.

3067 2119 3487 2205 storto
3570 2123 3677 2210 lv,

2589 2426 2679 2487 De
2705 2426 3051 2509 oblaeqatione
3078 2429 3438 2507 restituendi,
3472 2449 3607 2512 quoe
3655 2430 3776 2492 ludo
3805 2431 4006 2513 pmmo
4119 2481 4120 2496 ,

3086 2535 3300 2615 aliquis
3328 2535 3617 2598 lucratur.

2670 2797 2950 2859 Diximus
2977 2799 3056 2858 de
3088 2799 3472 2878 obligatione
3499 2801 3834 2862 restituendi
3853 2802 4008 2860 lucrum

2591 2896 2846 2970 propter
2874 2891 3145 2967 fraudeS,
3180 2893 3277 2953 vel
3306 2892 3626 2972 injuriam,
3659 2894 3748 2955 vel
3773 2895 3871 2955 alio
3899 2895 4010 2955 titulo

2584 2984 2726 3065 jure
2757 2988 2994 3046 naturae
3026 2989 3183 3046 orta.
3218 2987 3267 3045 N
3276 3004 3395 3046 unc
3423 2988 3630 3048 solum
3654 2987 3925 3048 dicendum
3956 2995 4009 3044 est

2593 3096 2670 3138 an
2702 3095 2774 3138 eo
2812 3077 3071 3155 praecise
3119 3079 3288 3158 quod
3333 3079 3488 3140 ludo
3545 3080 3831 3159 prohibito
3865 3081 4004 3146 lusisti

2592 3171 2823 3232 debeas
2851 3172 3093 3233 lucrum
3126 3172 3504 3235 restituere?

2677 3266 2953 3326 Primum
2983 3265 3244 3327 dubium
3275 3272 3388 3343 est,
3423 3286 3508 3328 an
3552 3269 3785 3330 lucrans
3818 3272 4011 3330 teneatur

2593 3364 2766 3420 extra
2788 3358 3095 3438 judicium
3126 3359 3478 3436 restituere,
3504 3362 3672 3441 quod
3691 3363 3914 3422 lucratus
3931 3362 4011 3419 est?

2673 3453 2883 3512 Prima
2900 3452 3211 3513 sententia
3240 3452 3414 3528 dixit,
3441 3455 3804 3534 quicumque
3827 3456 4009 3515 lucratus
4071 3520 4090 3545 .

2594 3550 2688 3607 est
2712 3545 2860 3606 ludo
2882 3563 3006 3606 non
3032 3545 3420 3606 deserviente
3440 3547 3523 3607 ad
3540 3549 3700 3609 vires
3718 3547 4007 3609 exercendas.
4035 3595 4039 3599 .

2594 3640 2824 3700 debere
2854 3638 3093 3718 dejure
3142 3642 3381 3699 naturae
3424 3639 3490 3699 id
3530 3643 3831 3704 restituere
3863 3658 4010 3719 paupe

2591 3732 2787 3809 ribus,
2820 3731 2966 3811 quia
2995 3736 3088 3793 est
3116 3736 3295 3809 turpe
3322 3731 3573 3793 lucrum
3601 3735 3754 3795 ludis
3778 3735 3936 3795 otiosis
3954 3733 4008 3789 lu·

2593 3825 2778 3890 erari.
2813 3828 2957 3886 Haec
2985 3824 3280 3887 tribuitur
3298 3824 3702 3889 Paludanoin
3728 3845 3803 3889 ιν.
3831 3826 4008 3887 distxv.

2595 3938 2656 3998 q.
2690 3922 2750 3982 3.
2786 3923 2900 3980 art.
2935 3922 2994 3979 5.
3025 3921 3089 3978 et
3128 3915 3367 3978 nullum
3422 3919 3622 3983 habet
3674 3916 4011 4000 probabilitatis

2594 4013 3091 4073 fundamentum.

2679 4104 2971 4166 Secunda
2997 4106 3307 4167 sententia
3355 4107 3531 4183 dicit,
3592 4107 3895 4167 lucrantem
3922 4100 4012 4161 ludo

2593 4198 2837 4276 legibus
2865 4197 3178 4276 prohibito
3209 4199 3441 4261 debere
3481 4202 3720 4261 lucrum
3765 4197 4010 4258 restiwen’.

2595 4293 2744 4351 Haec
2770 4291 2961 4352 tribui
3004 4292 3163 4352 solet
3205 4295 3268 4353 S.
3329 4294 3616 4369 Thomae,
3675 4309 3838 4371 quem
3879 4295 4012 4349 tamen

2597 4384 2701 4444 alii
2758 4383 2930 4444 varie
2985 4384 3496 4462 interpretantur.
3554 4386 3832 4447 Eamdem
3880 4384 4014 4443 tenent

2595 4478 3055 4554 Bonaventura,
3121 4478 3438 4555 Silvestcr,
3513 4479 3797 4553 Tabiena,
3854 4482 3904 4535 et
3953 4470 4012 4529 alii

2594 4570 2771 4631 multi
2804 4588 2960 4650 quos
2989 4570 3268 4633 referunt
3322 4573 3502 4633 Salas
3540 4571 3690 4632 dub.
3732 4588 3786 4631 v.
3826 4588 3875 4629 n.
3917 4569 3954 4626 1.
3982 4568 4014 4620 cl

2596 4663 2826 4725 Sanch.
2861 4663 2924 4723 d.
2959 4681 3097 4742 cap.
3135 4680 3270 4725 vm.
3306 4664 3458 4724 dub.
3495 4683 3538 4726 1.
3585 4684 3644 4724 n.
3679 4681 3718 4725 1.
3760 4661 3923 4739 Aliqui
3948 4676 4015 4715 aa·

2595 4760 2723 4818 tem
2752 4775 2826 4816 ex
2854 4757 2929 4816 iis
2969 4755 3207 4833 dicunt,
3256 4758 3710 4819 restituendum
3745 4772 3858 4815 esse
3886 4751 4011 4810 viclo:

2594 4849 2698 4910 alii
2741 4868 2889 4911 vero
2952 4850 3356 4929 pauperibus»,
3398 4852 3646 4926 saltem,
3692 4846 3901 4929 quando
3936 4844 4015 4919 ipse

2595 4961 2720 5004 non
2756 4942 2872 5003 fuit
2900 4947 3298 5020 provocatuS,
3357 4943 3467 5003 sed
3507 4941 3848 5023 provocavit
3880 4935 3938 4997 ad
3965 4934 4015 4992 lu-

2593 5036 2766 5097 dum.

2675 5128 3035 5191 Communis
3055 5132 3120 5189 et
3137 5147 3286 5189 vera
3314 5130 3623 5191 sententia
3639 5133 3793 5192 tenet
3817 5142 3912 5186 non
3932 5134 4013 5179 effi?

2596 5222 3042 5301 obligationem
3083 5222 3472 5299 restituendi,
3537 5230 3848 5302 antequam
3889 5216 4014 5273 victus

2595 5319 2788 5396 petat,
2820 5315 3166 5375 lucrantem
3197 5333 3379 5394 posse
3393 5309 4012 5376 noitelucrumretinem·

2595 5411 2688 5471 Ita
2715 5408 2945 5469 Molina
2973 5407 3135 5488 disp.
3169 5411 3308 5470 513.
3340 5410 3611 5485 BanneS,
3646 5412 3802 5482 Sota,
3831 5400 4009 5466 modim,

2597 5501 2781 5563 etalii
2813 5519 3050 5577 omnes,
3085 5520 3240 5579 quos
3270 5506 3617 5581 congerunt
3668 5506 3726 5562 et
3772 5494 4010 5575 sequuntur

2600 5596 2796 5671 SalaS,
2833 5598 2897 5656 et
2924 5594 3156 5656 Sanch.
3206 5594 3359 5657 locis
3388 5596 3493 5687 cit.
3551 5595 3789 5657 Lessius
3823 5609 3867 5650 c.
3903 5596 4006 5644 ΗΠ·
