4263 6376
770 314 893 373 708

1927 307 2029 367 DE
2071 305 2424 366 JUSTITIA
2470 305 2570 365 ΕΤ
2611 306 2810 366 JURE

452 512 518 554 An
546 510 692 553 debeat
772 507 840 548 sa
869 504 1124 567 poenam
1151 484 1305 564 legis
1331 483 1675 561 relaxavit,
1708 483 1807 544 vel
1836 481 2165 558 diminuit,
2216 484 2305 543 te·
2403 484 2540 543 tuat
2585 480 2891 561 ejusmodi
2945 500 3199 589 poenas;
3255 483 3365 544 sed
3412 483 3615 545 solum
3661 483 3949 546 accusari

435 565 560 619 jucxd
537 565 706 606 xresti-

422 625 538 661 tuere

771 585 995 641 neatur
1021 580 1100 640 ad
1132 577 1635 639 restitutionem?
1690 578 1922 639 Suarez
1964 575 2074 637 ubi
2114 593 2307 653 supra

421 630 653 776 mmm:
631 629 715 767 ’Ξῖ
769 693 831 738 n.
864 677 922 736 6.
957 672 1284 751 distinguit
1309 671 1386 730 de
1416 689 1603 749 poena
1630 669 2012 750 pecuniaria,
2032 687 2172 748 quae
2194 685 2307 747 ap-

463 778 635 833 imposm
595 779 670 827 ιιι.
766 767 1033 848 plicatur
1061 765 1224 843 parti
1250 764 1438 839 laesae,
1459 764 1558 824 vel
1589 763 1763 839 fisco,
1789 766 1898 823 aut
1927 761 2063 822 aliis
2091 779 2306 838 perso-

511 832 635 875 Van&

454 897 526 929 son
500 891 570 929 ,ιρι
573 886 684 929 „212
765 861 891 936 nie,
946 864 1006 922 et
1035 859 1112 919 de
1144 875 1332 936 poena
1385 876 1524 936 quae
1554 857 1756 918 solum
1786 856 2053 916 sumitur
2080 854 2144 913 in
2173 854 2303 913 vin-

762 953 995 1015 dictam
1022 956 1085 1013 et
1111 951 1488 1029 exemplum,
1523 950 1722 1029 qualis
1752 953 1847 1010 est
1871 965 2060 1028 poena
2087 964 2302 1026 corpo

760 1046 930 1122 raliS,
966 1049 1083 1105 etc.
1119 1046 1207 1104 Dc
1238 1044 1357 1104 hac
1387 1043 1664 1104 secunda
1692 1060 1881 1121 poena
1894 1040 2140 1103 videtur
2169 1040 2302 1100 nul-

758 1139 885 1200 lam
916 1156 1050 1199 esse
1096 1137 1543 1217 obligationem
1574 1134 1976 1210 restituendi,
2028 1133 2147 1193 nisi
2175 1133 2302 1193 for-

759 1237 921 1294 tasse
951 1249 1027 1291 ex
1056 1231 1160 1291 illa
1185 1229 1567 1290 relaxatione
1607 1228 1819 1307 aliqua
1849 1227 2080 1287 damna
2111 1244 2299 1304 passa

761 1324 946 1385 fuerit
997 1322 1375 1401 respublica,
1435 1320 1613 1400 cujus
1668 1318 2059 1380 indemnitati
2103 1317 2299 1397 judex

756 1416 1112 1497 prospicere
1163 1415 1514 1475 tenebatur.
1577 1416 1665 1474 De
1695 1413 1897 1492 primo
1946 1416 2156 1473 autem
2185 1429 2296 1489 ge-

757 1528 907 1570 nere
937 1527 1141 1588 poenae
1171 1507 1341 1580 dicit,
1364 1525 1487 1567 non
1517 1524 1699 1585 posse
1729 1504 1963 1566 remitti
1993 1523 2030 1563 a
2052 1503 2289 1581 judice,

755 1603 855 1663 vel
903 1600 1164 1661 diminui
1217 1601 1349 1660 sine
1397 1598 1699 1679 injustitia
1746 1601 1962 1659 contra
1991 1596 2167 1656 illum
2195 1596 2292 1656 cui

756 1694 1019 1755 deberet
1047 1692 1378 1772 applicari,
1415 1697 1476 1752 et
1505 1691 1624 1752 hoc
1653 1709 1776 1750 non
1806 1689 2010 1750 solum
2041 1689 2292 1768 quando

754 1805 944 1865 poena
975 1786 1108 1864 ipso
1139 1785 1302 1845 facto
1332 1803 1446 1864 per
1469 1784 1674 1862 legem
1704 1783 1998 1861 imposita
2027 1783 2140 1857 sit,
2183 1781 2295 1842 sed

756 1879 944 1939 etiam
973 1876 1225 1958 quando
1272 1876 1634 1955 praecipitur
1684 1895 1722 1936 a
1760 1875 1974 1955 judice
2028 1874 2289 1953 imponi.

755 1972 934 2034 Unde
963 1972 1250 2046 infertur,
1277 1968 1557 2048 judicem
1587 1968 2010 2029 remittentem
2040 1986 2295 2047 poenam

756 2083 830 2126 eo
876 2082 1024 2125 casu
1069 2062 1266 2125 teneri
1313 2061 1394 2122 ad
1438 2061 1894 2122 restitutionem
1941 2058 2295 2120 faciendam

756 2158 839 2218 illi
871 2158 972 2218 cui
1001 2156 1261 2217 deberet
1289 2154 1612 2234 applicari.
1676 2156 1877 2228 Quam
1925 2154 2117 2215 etiam
2158 2172 2294 2213 sen-

755 2250 1015 2312 tentiam
1042 2249 1271 2309 docent
1299 2247 1405 2309 alii
1433 2246 1642 2319 multi;
1675 2247 1952 2324 Angelus
1968 2245 2143 2308 verb.
2172 2263 2292 2326 poe-

755 2363 851 2416 na,
887 2363 991 2403 nu.
1031 2345 1124 2403 18.
1186 2341 1484 2403 Silvester
1507 2340 1701 2400 verbo
1716 2337 1946 2418 judex,
1980 2341 2025 2399 1.
2060 2358 2166 2418 qu.
2202 2355 2288 2399 xl.

756 2436 920 2496 dicto
950 2439 1008 2496 5.
1056 2436 1277 2495 Petrus
1307 2432 1384 2492 de
1411 2431 1718 2493 Ledesma
1747 2432 1811 2490 in
1840 2431 2085 2492 Summa
2112 2429 2288 2512 Hisp.

755 2531 936 2589 tract.
970 2528 1130 2588 VIII.
1165 2524 1485 2605 dejustitia
1514 2523 1945 2601 commutativa,
1980 2540 2288 2603 cap.xxu.

756 2625 897 2702 post
933 2624 1173 2681 sextam
1201 2618 1703 2693 conclusionem,
1756 2617 1862 2677 ubi
1909 2617 2098 2692 dicit,
2159 2635 2294 2677 esse

756 2731 1153 2776 communem
1182 2711 1669 2772 Thomistarum.
1719 2712 1997 2787 Aragon.
2038 2713 2098 2769 2.
2133 2713 2191 2769 2.
2228 2728 2290 2788 q.

754 2809 937 2870 LXII.
973 2809 1088 2868 art.
1123 2821 1237 2867 vn.
1276 2805 1331 2883 ἓ.
1367 2803 1479 2864 His
1507 2811 1719 2863 tamen.
1779 2804 2028 2865 Bannes
2056 2802 2294 2862 ibidem

759 2906 875 2963 art.
912 2915 1007 2961 111.
1043 2903 1105 2960 et
1132 2918 1194 2978 q.
1227 2898 1465 2959 LXVII.
1500 2899 1696 2958 artat.
1733 2899 1796 2956 et
1824 2915 1885 2975 q.
1917 2897 2135 2958 LXIX.
2172 2899 2289 2957 art.

756 2999 815 3056 2.
850 2993 1143 3054 Rebellus
1170 2990 1278 3052 lib.
1314 2991 1389 3051 11.
1425 2989 1495 3050 de
1519 2989 1884 3050 restitutione
1907 3036 1922 3066 ,
1957 3008 2062 3068 qu.
2101 2991 2199 3050 16.
2235 2990 2298 3049 et

758 3086 1093 3164 Fagundez
1122 3087 1436 3163 praecepto
1465 3083 1625 3143 VIII.
1659 3100 1796 3160 cap.
1830 3098 1973 3143 xxv.
2009 3086 2140 3143 n.8.
2175 3084 2299 3142 Ra-

756 3180 843 3241 tio
872 3184 1084 3240 autem
1112 3181 1242 3254 est,
1301 3175 1450 3255 quia
1494 3174 1595 3235 ille
1640 3175 1741 3236 cui
1787 3193 1976 3254 poena
2005 3175 2196 3237 dehet
2223 3194 2297 3235 ex

754 3273 895 3351 lege
926 3268 1245 3350 applicari,
1260 3268 1393 3348 jam
1421 3267 1614 3328 habet
1642 3268 1720 3327 ad
1745 3286 1885 3328 eam
1913 3267 2169 3347 aliquod
2192 3268 2297 3348 jus

759 3365 927 3445 quod
954 3362 1185 3424 violare
1214 3361 1463 3421 videtur
1489 3360 1678 3439 judex
1704 3408 1719 3438 ,
1753 3361 1903 3420 dum
1931 3361 2294 3440 interpella·

757 3465 858 3520 tus
906 3475 1027 3517 non
1076 3455 1257 3530 facit,
1310 3454 1479 3532 quod
1527 3454 1678 3513 illud
1716 3453 1820 3531 J‘us
1850 3454 2191 3514 reducatur
2215 3454 2296 3514 ad

759 3555 990 3626 actum,
1017 3568 1126 3609 seu
1156 3548 1545 3626 compleatur
1572 3564 1685 3625 per
1711 3547 2138 3625 acceptionem
2167 3565 2296 3625 poe-

759 3661 857 3706 nae
886 3643 1133 3703 debitae.

839 3736 962 3797 Alii
988 3741 1197 3797 tamen
1229 3736 1503 3812 negant,
1549 3732 1830 3812 judicem
1859 3733 2057 3794 teneri
2087 3732 2167 3793 ad
2198 3750 2297 3793 re-

760 3829 1144 3892 stituendum
1185 3826 1274 3886 illi
1320 3826 1422 3886 cui
1462 3844 1649 3904 poena
1680 3824 1938 3886 deberet
1965 3825 2291 3904 applicari,

758 3924 904 3984 licet
922 3923 987 3982 in
1014 3921 1132 3982 hoc-
1161 3920 1296 3998 ipso
1323 3917 1677 3997 peccaverit
1703 3918 1996 3997 graviter.
2030 3920 2123 3979 Ita
2151 3920 2293 3980 Les.

758 4016 867 4077 Iib.
892 4017 965 4076 II.
999 4033 1138 4093 cap.
1169 4028 1307 4073 xm.
1352 4011 1501 4071 dub.
1536 4027 1598 4070 x.
1634 4030 1738 4071 nu.
1772 4014 1831 4070 7.
1866 4013 1927 4071 et
1957 4013 2056 4070 73.
2118 4010 2295 4071 Salas

680 4154 710 4181 ,.
760 4109 926 4171 dicta
956 4108 1116 4187 disp.
1149 4123 1257 4168 xv.
1287 4104 1358 4165 de
1386 4102 1603 4184 leqibus
1634 4122 1695 4164 n.
1733 4106 1868 4164 105.
1914 4107 1977 4164 et
2003 4103 2108 4163 alii
2138 4122 2294 4182 quos

760 4203 1050 4262 afferunt.
1111 4200 1260 4273 Quae
1291 4196 1599 4258 sententia
1627 4199 1722 4256 est
1748 4196 1895 4256 satis
1926 4196 2289 4273 probabiliS,

762 4295 910 4374 quia
960 4293 1105 4354 licet
1150 4291 1346 4371 judex
1399 4293 1688 4351 teneatur
1741 4307 1816 4348 ex
1855 4287 2097 4367 justitia
2144 4307 2296 4367 erga

758 4385 1212 4466 rempublicam
1241 4382 1544 4462 impedire
1597 4381 1829 4442 damna
1855 4382 2048 4459 ipsius
2075 4381 2296 4459 reipu-

760 4480 977 4556 blicae‚
1039 4482 1100 4539 et
1145 4476 1420 4537 adhunc
1446 4475 1636 4535 finem
1686 4473 1915 4533 debeat
1956 4473 2292 4533 observare

759 4574 930 4651 leges
958 4570 1237 4650 poenales
1285 4590 1297 4630 ε
1352 4585 1476 4629 non
1504 4571 1717 4628 tamen
1749 4566 1947 4627 oritur
1973 4565 2108 4626 haec
2138 4565 2294 4626 obli-

760 4666 928 4744 gatio
976 4683 1052 4724 ex
1093 4662 1302 4723 debito
1359 4658 1781 4738 locupletandi
1834 4658 2004 4730 illos„
2065 4658 2294 4738 quibus

762 4776 964 4838 poenae
995 4752 1577 4832 debentapplicari;
1613 4770 1806 4831 quare
1835 4752 1980 4811 licet
2008 4755 2297 4811 teneatur

762 4850 1087 4911 restituere
1118 4844 1477 4924 reipublicae
1526 4862 1639 4922 pro
1685 4844 1930 4903 damnis
1959 4844 2189 4906 secutis
2219 4862 2295 4904 ex

761 4945 869 5005 illa
896 4939 1284 5020 indulgentia
1303 4986 1318 5015 ,
1353 4943 1414 4999 et
1444 4937 1636 4998 nimia
1666 4936 2046 4998 relaxatione
2074 4955 2296 5015 poena-

763 5055 939 5108 rum;
992 5053 1116 5095 non
1144 5039 1354 5094 tamen
1385 5030 1460 5091 iis
1506 5030 1732 5110 quibus
1762 5048 1965 5107 poenae
1996 5047 2120 5090 non
2152 5033 2298 5090 sunt

760 5131 1118 5210 applicatae,
1149 5128 1192 5186 ii
1222 5126 1388 5187 enim
1420 5143 1542 5184 non
1576 5123 1814 5185 habent
1835 5122 1933 5204 jus
1965 5123 2084 5207 nisi
2111 5123 2293 5184 valde

761 5228 1069 5284 remotum
1092 5266 1107 5297 ‚
1140 5224 1448 5299 quatenus
1467 5216 1660 5296 judex
1692 5219 1941 5278 tenetur
1970 5217 2294 5277 consulere

759 5314 1149 5396 reipublicae,
1201 5312 1369 5374 etad
1401 5311 1567 5371 hunc
1594 5309 1783 5369 finem
1812 5308 2128 5388 applicare
2159 5327 2294 5387 poe-

761 5427 873 5470 nas
904 5406 1131 5468 talibus
1161 5404 1460 5484 personi5‚
1494 5402 1676 5465 ethic
1703 5402 1953 5463 videtur
1981 5419 2114 5462 esse
2146 5420 2294 5461 usus

761 5499 1139 5570 communis:
1190 5498 1395 5559 nullus
1423 5497 1589 5556 enim
1629 5499 1722 5555 est
1748 5495 1945 5573 judex
1984 5493 2090 5574 qui
2120 5494 2294 5555 resti·

2403 579 2666 654 possunt
2702 579 2920 654 postea
2955 577 3019 636 in
3049 578 3359 638 sindicatu
3389 578 3467 638 de
3499 578 3605 639 illa
3633 577 3953 638 remissio-

2403 686 2513 743 ne,
2546 672 2609 729 et
2638 671 2784 729 tunc
2812 668 2863 728 si
2893 670 3428 746 condemnentur,
3478 674 3787 748 cogentur
3818 668 3947 730 sol-

2402 778 2547 820 vere
2573 766 2777 822 totum
2805 762 2903 822 vel
2935 766 3178 840 partem
3227 782 3303 823 ex
3335 763 3392 824 vi
3422 764 3749 825 sentcntiae
3796 780 3955 842 pro-

2400 857 2541 932 pter
2569 853 2818 933 culpam
2850 855 3335 933 praecedentem.
3387 856 3584 918 Aliter
3609 861 3825 917 tamen
3855 855 3951 914 di·

2402 946 2669 1007 cendum
2714 953 2910 1026 esset,
2962 949 3215 1029 quando
3245 950 3538 1011 custodes
3568 948 3950 1010 denuntiant

2393 1039 2592 1118 Judici
2614 1040 2914 1101 damnum
2944 1041 3185 1105 datum.
3242 1044 3420 1103 Tunc
3456 1042 3628 1103 enim
3674 1042 3723 1101 si
3745 1040 3949 1120 judex

2401 1133 2703 1193 notificari
2734 1151 2858 1194 non
2889 1134 3039 1196 facit
3064 1135 3228 1213 parti
3258 1135 3701 1212 damnificatae,
3724 1139 3798 1196 ut
3824 1133 3945 1194 sibi

2399 1225 2684 1286 satisfieri
2714 1231 3030 1305 exposcat,
3053 1227 3162 1288 sed
3193 1228 3396 1289 solum
3424 1228 3682 1289 damnat
3702 1227 3780 1288 ad
3811 1245 3946 1306 poe-

2398 1335 2584 1393 nam,
2646 1318 2963 1381 tenebitur
3009 1338 3417 1401 compensare
3445 1321 3608 1400 parti
3639 1320 3946 1381 damnum

2397 1411 2562 1490 quod
2594 1430 2778 1490 passa
2809 1416 2903 1473 est
2945 1433 2959 1474 :
3019 1414 3167 1492 quia
3195 1432 3271 1473 ex
3303 1413 3510 1474 officio
3545 1417 3799 1474 tenetur
3824 1413 3948 1472 im-

2395 1504 2630 1581 pedire,
2664 1523 2806 1566 cum
2836 1509 3079 1583 potest,
3119 1524 3197 1566 ne
3228 1505 3461 1568 subditi
3496 1505 3803 1567 damnum
3830 1525 3939 1585 pa·

2394 1596 2660 1670 tiantur;
2717 1616 2866 1676 ergo
2896 1597 3084 1659 debet
3112 1616 3370 1659 monere
3400 1598 3576 1659 illum
3599 1644 3615 1675 ,
3668 1604 3738 1662 ut
3765 1604 3944 1678 petat

2393 1690 2510 1750 sibi
2536 1690 2820 1751 resarciri
2853 1690 3154 1752 damnum
3204 1711 3219 1752 ε
3280 1691 3448 1771 quod
3499 1691 3661 1752 hene
3707 1692 3942 1770 probat

2394 1783 2675 1844 Sanchez
2702 1782 2811 1844 lib.
2843 1784 2890 1844 I.
2928 1782 3146 1845 Consil.
3182 1803 3321 1863 cap.
3357 1800 3417 1846 v.
3452 1783 3605 1845 dub.
3640 1787 3700 1845 2.
3776 1782 3940 1844 Hinc

2472 1875 2642 1937 Infe1
2646 1880 2746 1937 tur
2774 1876 3025 1955 quinto,
3060 1880 3278 1937 contra
3306 1875 3574 1956 aliquos,
3610 1895 3740 1937 non
3768 1876 3936 1937 bene

2394 1968 2691 2047 distingui
2746 1968 2807 2028 in
2862 1968 3156 2047 praesenti
3206 1969 3285 2029 de
3332 1967 3570 2051 judice,
3633 1969 3743 2048 qui
3791 1986 3937 2029 cum

2393 2060 3100 2139 ignorantiainvincibili
3131 2061 3296 2122 illius
3323 2061 3730 2139 obligationis
3759 2062 3938 2123 resti-

2392 2153 2608 2214 tuendi
2655 2153 2865 2214 omisit
2908 2153 3499 2215 condemnationem
3538 2153 3620 2214 ad
3650 2172 3931 2232 poenam,

2391 2246 2490 2305 vel
2520 2264 2662 2306 cum
2689 2246 2949 2306 scientia
2978 2245 3143 2306 illius
3172 2246 3592 2326 obligationiS,
3615 2247 3703 2307 ita
3723 2251 3792 2307 ut
3819 2247 3939 2308 iste

2391 2343 2681 2400 teneatur
2702 2339 2780 2398 ad
2812 2338 3289 2413 restituendum,
3323 2358 3449 2400 non
3464 2357 3615 2401 vero
3639 2339 3765 2400 ille.
3789 2342 3941 2401 Haec

2392 2435 2605 2492 tamen
2635 2431 2947 2493 distinctio
2970 2450 3096 2491 non
3126 2430 3376 2494 videtur
3405 2432 3485 2492 ad
3515 2433 3937 2511 propositum,

2395 2523 2541 2602 quia
2571 2522 2619 2582 si
2644 2521 2841 2602 judex
2889 2523 3101 2603 inique
3149 2523 3417 2586 absolvit
3465 2542 3646 2584 reum
3682 2543 3719 2583 e
3749 2543 3942 2603 poena

2394 2615 2640 2691 debita,
2674 2615 2822 2676 licet
2848 2615 3096 2694 ignoret
3124 2615 3570 2695 obligationem
3602 2617 3944 2678 restituen-

2395 2708 2480 2784 di,
2512 2708 2718 2769 adhuc
2746 2709 2852 2768 illa
2881 2718 2978 2770 est
3004 2708 3168 2771 actio
3198 2709 3415 2789 iniqua
3445 2715 3508 2771 et
3535 2709 3815 2789 injusta;
3857 2710 3948 2770 si-

2394 2805 2501 2862 cut
2527 2801 2579 2860 si
2608 2801 2941 2862 abscindas
2970 2802 3197 2880 injuste
3226 2820 3483 2863 manum
3527 2803 3793 2864 alterius
3818 2848 3836 2880 ,
3869 2803 3949 2863 li·

2395 2899 2496 2955 cet
2523 2894 2774 2972 ignores
2804 2893 3254 2973 obligationem
3282 2896 3656 2958 restituendi
3682 2914 3803 2975 pro
3834 2895 3947 2957 da-

2394 2987 2555 3047 mnis
2584 2987 2841 3064 secutis,
2902 2987 3110 3048 adhuc
3154 2987 3386 3050 teneris
3432 2989 3538 3050 illa
3584 2989 3940 3063 resarcire;

2395 3098 2546 3159 ergo
2576 3080 2858 3141 similiter
2878 3080 3073 3158 judex
3111 3081 3461 3158 tenebitur,
3511 3084 3661 3144 licet
3689 3083 3948 3162 ignoret

2393 3173 2565 3235 illam
2595 3173 3042 3253 obligationem
3074 3194 3087 3235 :
3139 3174 3238 3235 vel
3268 3179 3438 3238 certe
3467 3195 3544 3237 ex
3572 3176 3698 3238 alio
3730 3177 3946 3255 capite

2395 3267 2788 3329 excusandus
2810 3271 2922 3329 est.

2475 3360 2743 3421 Infertur
2771 3364 2967 3438 sextu,
3004 3379 3119 3422 nec
3149 3362 3343 3424 etiam
3371 3380 3506 3423 esse
3535 3363 3616 3423 ad
3648 3364 3947 3442 proposi-

2392 3457 2527 3514 tum
2556 3452 3020 3514 distinctionem
3069 3454 3258 3515 aliam
3307 3456 3384 3515 de
3433 3454 3651 3534 Judice
3714 3474 3948 3535 proce,-

2396 3547 2581 3608 dente
2610 3565 2687 3606 ex
2713 3545 2916 3607 officio
2939 3552 3157 3609 contra
3185 3546 3641 3627 delinquentes),
3665 3549 3771 3609 vel
3799 3567 3946 3628 pro-

2395 3640 2655 3701 cedente
2684 3658 2758 3698 ex
2790 3639 3103 3701 delatione
3120 3659 3341 3703 eorum
3362 3641 3587 3720 quibus
3610 3660 3806 3720 poena
3835 3661 3949 3721 ap-

2392 3732 2684 3813 plicanda
2712 3735 2867 3809 erat,
2901 3737 2963 3793 et
2988 3733 3138 3813 ipsis
3166 3734 3524 3813 petentibus
3543 3734 3717 3813 quod
3741 3735 3947 3813 appli-

2394 3830 2571 3887 cetur
2603 3846 2615 3887 :
2651 3843 2796 3885 nam
2827 3824 2891 3885 in
2920 3825 3122 3904 primo
3153 3845 3301 3888 casu
3332 3826 3550 3888 dicunt
3577 3845 3705 3889 non
3735 3828 3952 3888 teneri

2386 3918 2667 3999 judicem
2696 3917 2777 3978 ad
2808 3918 3263 3980 restituendum
3312 3938 3327 3979 ε
3383 3920 3446 3979 iu
3475 3919 3757 3981 secundo
3787 3938 3949 3981 vero

2393 4012 2613 4075 teneri.
2649 4012 2739 4072 Ita
2769 4012 2837 4071 P.
2869 4012 3157 4091 ‘vasquez
3186 4014 3262 4074 11.
3295 4018 3381 4075 ιο.
3417 4014 3480 4074 in
3510 4017 3567 4074 1.
3599 4017 3661 4075 9..
3698 4014 3949 4093 disput.

2396 4109 2530 4166 175.
2566 4122 2704 4183 cap.
2740 4106 2797 4164 1.
2844 4103 2990 4182 quia
3035 4104 3098 4164 in
3127 4105 3402 4168 secundo
3449 4124 3598 4168 casu
3632 4107 3837 4186 Judex
3866 4126 3951 4168 ex

2385 4196 2627 4276 justitia
2674 4194 2947 4256 debebat
2989 4196 3255 4258 reddere
3293 4198 3398 4278 jus
3458 4218 3642 4261 suum
3700 4199 3957 4279 petenti

2392 4289 2524 4349 fieri
2557 4288 2673 4349 sibi
2705 4288 3189 4367 applicationem
3220 4298 3460 4370 poenae3
3492 4311 3686 4372 quare
3716 4313 3792 4354 ex
3811 4294 3957 4355 vio-

2386 4382 2622 4443 latione
2664 4380 2827 4441 illius
2868 4380 3023 4459 juris
3066 4384 3380 4445 tenebitur
3423 4384 3757 4446 restituere
3810 4404 3960 4465 poe-

2392 4491 2539 4533 nam
2585 4490 2725 4551 quae
2754 4472 3121 4536 debebatur.
3172 4478 3320 4536 Haec
3365 4480 3574 4538 tamen
3617 4477 3957 4540 distinctio

2392 4585 2515 4627 non
2547 4565 2771 4643 placet,
2804 4569 2875 4627 ut
2902 4565 3051 4644 dixi,
3073 4569 3216 4647 quia
3245 4569 3391 4631 licet
3404 4570 3602 4648 judex
3630 4572 3962 4649 procedat

2394 4678 2469 4720 ex
2496 4658 2808 4719 delatione
2837 4677 3057 4720 eorum
3113 4661 3340 4740 quibus
3395 4680 3584 4740 poena
3630 4664 3961 4743 applicari

2393 4752 2613 4827 debet,
2671 4769 2795 4812 non
2837 4756 3051 4813 tamen
3091 4754 3324 4832 petitur
3364 4756 3622 4834 aliquod
3650 4756 3962 4818 debitum

2393 4865 2468 4906 ex
2490 4844 2735 4924 justitia
2762 4847 3231 4923 commutativa‚
3252 4847 3364 4909 sed
3386 4848 3619 4927 aliquid
3642 4850 3820 4928 quod
3846 4852 3963 4929 ju-

2393 4937 2513 4998 dex
2542 4941 2799 5017 propter
2825 4937 3061 4999 bonum
3090 4958 3423 5002 commune
3467 4942 3587 5002 illis
3617 4943 3963 5022 applicare

2393 5030 2614 5102 debet;
2669 5048 2862 5109 quare
2893 5031 3145 5093 omissio
3180 5032 3341 5093 illius
3372 5034 3816 5112 applicationis
3845 5056 3967 5098 so-

2391 5124 2521 5184 lum
2551 5123 2670 5184 erit
2699 5127 2918 5185 contra
2945 5124 3181 5185 bonum
3212 5144 3545 5187 commune
3572 5147 3585 5188 :
3621 5129 3786 5191 sicut
3821 5130 3961 5192 dici

2392 5216 2551 5277 solet
2577 5214 2655 5275 de
2684 5216 2788 5277 illo
2838 5216 2942 5296 qui
3000 5217 3176 5296 eligit
3225 5218 3307 5279 ad
3351 5220 3729 5281 beneficium
3774 5220 3968 5283 indi-

2392 5326 2586 5387 gnum
2616 5308 2845 5369 omisso
2876 5308 3182 5387 digniori;
3214 5328 3338 5372 non
3358 5313 3555 5373 teneri
3581 5314 3663 5374 ad
3692 5315 3970 5377 restitu-

2390 5401 2626 5462 tionem
2668 5402 2893 5481 dignn,
2942 5404 3052 5463 sed
3100 5405 3378 5467 ecclesiae
3422 5406 3524 5467 cui
3570 5406 3793 5470 nocuit
3848 5410 3967 5471 illa

2395 5495 2638 5556 electio,

4095 1888 4161 1946 98

3991 2009 4237 2160 &a

4027 2173 4237 2226 uouebat:

4042 2239 4086 2267 ex
4105 2227 4231 2267 otono
