4263 6376
718 2227 799 2292 53

641 2362 708 2404 Αιι
725 2358 903 2402 debeant

624 2412 787 2459 restitui
825 2412 921 2454 fru-

622 2474 714 2513 ctus
728 2481 778 2511 ex
794 2477 922 2508 censu

622 2522 770 2566 minori
787 2519 921 2573 pretio

700 2577 856 2631 empwc

962 261 1082 322 354

963 438 1133 500 relus
1158 435 1503 511 MolinaeuS,
1539 451 1694 514 quos
1722 432 1925 510 affert,
1960 434 2023 493 et
2059 430 2347 510 sequitur
2388 433 2502 493 Sa-

966 531 1060 591 las
1105 530 1255 590 dub.
1294 544 1405 590 xu.
1458 546 1520 588 n.
1558 529 1656 588 10.
1690 526 1890 588 eoncl.
1938 528 2000 586 6.
2051 524 2201 604 quia
2249 524 2500 603 quando

965 642 1069 684 res
1110 627 1205 684 est
1244 621 1602 684 notabiliter
1647 619 1890 696 vitiosa,
1943 617 2188 679 etiamsi
2232 618 2502 697 pretium

965 716 1104 795 lege
1135 718 1415 777 taxatum
1463 714 1542 775 sit
1574 712 1638 773 in
1676 712 1947 792 gratiam
1988 710 2355 788 venditoriS,
2391 729 2504 789 po-

965 811 1088 870 test
1133 807 1337 868 viliori
1382 806 1583 886 pretio
1631 805 1777 882 emi,
1811 808 1874 866 et
1914 804 2206 866 venditor
2251 807 2500 865 tenetur

965 900 1028 961 in
1086 901 1284 979 pretio
1327 898 1757 960 descendere:
1808 897 2042 960 taxatio
2090 897 2261 958 enim
2315 895 2501 975 pretii

965 991 1316 1054 communis
1347 991 1418 1054 fit
1444 1010 1558 1071 pro
1587 991 1777 1052 rebus
1807 1007 2207 1051 communem
2222 988 2502 1050 valorem

965 1089 1028 1147 et
1069 1085 1417 1147 bonitatem
1459 1084 1838 1146 habentibus
1873 1084 2035 1145 intra
2072 1082 2229 1143 illud
2275 1100 2496 1161 genuS.

965 1179 1145 1252 Quod
1184 1197 1400 1240 rursus
1447 1177 1808 1240 confirmari
1847 1179 2074 1256 potest,
2123 1175 2274 1255 quia
2318 1175 2383 1236 in
2426 1193 2500 1237 eo

965 1291 1117 1334 casu
1170 1272 1443 1352 pretium
1490 1288 1616 1332 non
1663 1274 1758 1332 est
1803 1270 1936 1332 sola
1977 1268 2267 1347 pecunia,
2311 1285 2503 1348 quam

966 1369 1217 1445 emptor
1245 1364 1431 1425 solvit
1456 1380 1570 1443 pro
1601 1381 1816 1440 censu,
1848 1362 1961 1424 sed
1982 1362 2177 1424 etiam
2198 1361 2502 1421 damnum

966 1462 1079 1519 aut
1106 1456 1453 1536 periculum
1492 1457 1660 1536 quod
1701 1456 1889 1532 subit,
1940 1456 2041 1517 vel
2085 1456 2332 1516 lucrum
2378 1471 2502 1533 quo

966 1571 1033 1613 se
1067 1553 1274 1629 privat
1314 1549 1378 1610 in
1407 1550 1677 1629 gratiam
1723 1549 2088 1625 venditor-ie,
2124 1567 2265 1629 quae
2294 1547 2506 1609 omnia

966 1648 1112 1705 sunt
1158 1643 1358 1723 pretio
1406 1642 1822 1719 oestimabilia‚
1874 1645 1937 1703 et
1964 1660 2105 1721 quae
2147 1641 2331 1701 simul
2360 1657 2505 1700 eum

966 1736 1236 1817 pecunia
1264 1754 1455 1816 quam
1488 1735 1691 1812 solvit,
1741 1736 2057 1813 integrare
2085 1737 2151 1795 et
2194 1733 2503 1795 conficere

964 1835 1231 1909 possunt
1263 1833 1467 1892 totum
1510 1828 1781 1907 pretium
1808 1827 1948 1906 lege
1976 1831 2282 1902 taxatum,
2316 1829 2504 1904 atque

964 1921 1107 1985 ideo
1162 1927 1311 1986 tunc
1359 1922 1548 1983 etiam
1595 1940 1819 1982 census
1867 1919 1988 1980 emi
2038 1923 2329 1981 censetur
2372 1922 2503 1980 toto

964 2015 1167 2095 pretio
1213 2034 1327 2094 per
1354 2014 1560 2093 legem
1606 2016 1863 2089 statutO,
1898 2012 1950 2073 si
1980 2031 2055 2073 ea
2100 2011 2318 2074 omnia
2338 2009 2505 2092 juste

967 2112 1032 2171 et
1058 2107 1403 2187 prudenter
1430 2105 1855 2168 aestimentur?

1051 2201 1344 2263 Secunda
1390 2199 1724 2261 difficultas
1746 2198 2106 2278 principalis
2150 2197 2316 2259 cirea
2368 2217 2507 2278 pre·

969 2293 1129 2355 tium
1151 2293 1392 2373 justum
1422 2311 1558 2353 esse
1594 2296 1821 2372 potest,
1869 2309 1949 2351 an
1980 2292 2234 2370 quando
2282 2309 2506 2352 census

970 2390 1216 2466 emptus
1244 2386 1360 2446 fuit
1389 2403 1426 2445 a
1460 2385 1764 2464 principio
1794 2384 2019 2444 minori
2051 2384 2278 2463 preti0‚
2313 2402 2504 2463 quam

966 2481 1110 2559 lege
1140 2479 1241 2539 vel
1271 2478 1687 2540 aestimatione
1709 2476 2002 2555 prudenti
2026 2475 2289 2552 valeret,
2331 2476 2507 2536 suffi-

968 2573 1097 2635 ciat
1139 2577 1379 2652 postea,
1427 2571 1598 2652 quod
1653 2574 1899 2648 emptor
1952 2569 2156 2630 solvat
2199 2573 2507 2648 quantum

968 2666 1176 2728 minus
1203 2664 1378 2726 dedit
1404 2663 1468 2724 in
1496 2662 1719 2743 pretio,
1753 2663 1841 2724 ita
1869 2666 1941 2724 ut
1967 2662 2240 2740 pretium
2263 2663 2505 2740 justum

968 2760 1288 2839 adaequet3
1341 2776 1420 2818 an
1463 2774 1611 2818 vero
1651 2756 1879 2817 debeat
1932 2755 2123 2815 etiam
2177 2754 2505 2815 restituere

964 2852 1302 2932 pensiones
1329 2855 1639 2929 receptae,
1673 2850 1896 2911 saltem
1918 2852 2226 2927 quatenus
2246 2846 2504 2908 excede·

965 2945 1119 3007 bant
1146 2943 1420 3023 pretium
1449 2961 1562 3023 pro
1593 2960 1786 3002 censu
1815 2941 2111 3002 solutum.

1018 3038 1228 3098 Prima
1239 3035 1547 3097 sententia
1558 3034 1728 3111 dicit,
1746 3033 2058 3112 loquendo
2074 3031 2263 3094 etiam
2277 3033 2354 3093 de
2364 3032 2506 3113 jure

964 3133 1228 3207 naturae,
1244 3127 1660 3191 restituendas
1672 3144 1807 3187 esse
1821 3126 2150 3205 pensiones
2163 3126 2510 3187 secundum

963 3240 1317 3299 excessum,
1351 3239 1539 3303 quem
1555 3221 1917 3284 habuerunt
1937 3239 2128 3300 supra
2155 3221 2511 3299 proportio-

964 3334 1111 3377 nem
1139 3315 1321 3396 pretii
1351 3314 1615 3393 accepti,
1649 3313 1815 3374 hanc
1830 3313 2045 3374 docuit
2069 3313 2349 3373 breviter
2375 3314 2509 3376 Mo—

961 3406 1093 3472 lina
1121 3410 1287 3489 disp.
1319 3412 1459 3471 390.
1494 3425 1668 3469 num.
1699 3410 1759 3470 3.
1797 3408 1941 3467 ante
1987 3406 2333 3468 clausulam
2381 3409 2508 3467 ter-

961 3504 1237 3580 tertiam,
1272 3519 1462 3582 quem
1485 3500 1799 3561 immerito
1833 3500 2008 3562 Salas
2037 3499 2189 3560 duh.
2223 3514 2401 3560 xxm.
2438 3517 2505 3560 n-

964 3600 1022 3659 1.
1050 3596 1221 3673 dicit,
1248 3596 1365 3657 sibi
1385 3595 1840 3669 contradicere,
1862 3591 1980 3652 nisi
2001 3592 2212 3654 littera
2229 3593 2310 3653 sit
2334 3611 2505 3653 men-

959 3689 1136 3766 dosa,
1172 3707 1378 3768 neque
1409 3687 1577 3748 enim
1604 3688 1813 3748 littera
1842 3686 2148 3746 mendosa
2164 3688 2278 3762 est,
2300 3702 2503 3764 neque

958 3783 1088 3844 ulla
1102 3780 1535 3844 contradictio.
1555 3778 1764 3844 Verba
1778 3777 2025 3839 Molinae
2048 3782 2222 3839 sunt:
2258 3799 2286 3835 «
2302 3778 2507 3852 Quan-

958 3875 1039 3936 do
1070 3878 1282 3937 autem
1312 3872 1584 3952 pretium
1628 3890 1753 3933 non
1801 3874 1966 3932 esset
2003 3870 2246 3950 justum
2273 3915 2289 3947 ,
2354 3870 2503 3950 quia

957 3985 1083 4030 non
1114 3968 1451 4047 attingeret
1495 3965 1726 4026 limites
1754 3963 1949 4024 infimi
1981 3963 2170 4043 pretii
2190 3963 2366 4043 justi,
2403 3981 2505 4025 ar-

955 4061 1157 4122 bitror
1178 4106 1194 4137 ,
1246 4060 1313 4120 in
1342 4078 1411 4120 re
1440 4057 1763 4137 proposita
1808 4057 2009 4118 teneri
2038 4060 2392 4135 emptorem
2422 4056 2502 4116 ad

955 4153 1416 4214 moderandum
1444 4168 1702 4212 censum
1725 4196 1740 4227 ,
1790 4149 1879 4212 ita
1915 4152 1986 4211 ut
2023 4149 2233 4210 minor
2280 4149 2500 4228 pensio

956 4246 1254 4325 deinceps
1282 4244 1601 4320 solvatur,
1635 4242 1757 4303 hoc
1787 4246 1903 4319 est,
1938 4260 2079 4322 quae
2109 4242 2370 4322 aequalis
2392 4243 2498 4321 ju·

957 4340 1204 4400 dicetur
1231 4356 1344 4416 pro
1376 4335 1722 4416 quantitate
1752 4334 1935 4413 pretii
1967 4334 2097 4395 dati
2124 4353 2240 4413 pro
2261 4352 2454 4396 censu
2480 4355 2495 4408 ς

956 4436 1021 4493 et
1047 4430 1229 4491 simul
1275 4427 1476 4491 teneri
1522 4431 1867 4506 emptorem
1922 4427 2252 4489 restituere
2295 4427 2502 4489 incre-

954 4528 1240 4587 mentum
1266 4520 1474 4602 majus
1510 4520 1885 4601 pensionum
1907 4566 1922 4597 ,
1970 4520 2140 4601 quod
2188 4540 2387 4600 usque
2415 4522 2499 4582 ad

953 4618 1020 4680 id
1047 4622 1296 4695 tempus
1325 4614 1587 4693 aceepit.
1642 4616 1769 4676 Nec
1812 4617 1908 4675 est
1937 4613 2160 4675 eadem
2187 4615 2349 4677 ratio
2379 4615 2499 4676 hac

951 4711 1016 4773 in
1037 4715 1214 4791 parte
1244 4709 1308 4771 in
1337 4727 1528 4770 censu
1558 4711 1769 4787 empto
1798 4725 1945 4769 cum
1974 4712 2159 4786 pacto
2191 4707 2269 4768 de
2299 4711 2497 4769 retro-

951 4803 1287 4868 vendendo
1309 4849 1328 4878 ,
1381 4820 1521 4882 quas
1551 4806 1646 4863 est
1674 4802 1733 4861 in
1766 4800 2019 4880 praediis
2051 4800 2343 4862 similiter
2371 4819 2498 4861 em·

951 4899 1109 4979 ptiS,
1160 4900 1231 4959 ut
1276 4914 1401 4956 non
1433 4895 1656 4956 eodem
1700 4894 1889 4954 modo
1918 4893 2226 4954 restitutio
2255 4894 2366 4954 fiat
2395 4912 2495 4954 ex-

951 5010 1162 5054 cessus
1191 4989 1396 5068 pretii,
1424 4973 1603 5067 j‘uxta
1633 5006 1744 5063 ea,
1796 5004 1935 5065 quae
1965 4986 2028 5045 in
2059 4987 2230 5046 ealce
2260 4986 2489 5065 disput.

949 5089 1089 5147 375.
1122 5085 1290 5145 dicta
1320 5085 1533 5143 sunt.»
1572 5081 1691 5143 Ubi
1722 5079 2016 5139 nimirum
2046 5079 2312 5156 dixerat,
2348 5098 2493 5140 eum

953 5179 1057 5259 qui
1085 5176 1238 5239 emit
1264 5175 1571 5256 praedium
1618 5174 1926 5234 diminuto
1974 5173 2175 5250 pretio
2206 5191 2351 5233 cum
2380 5192 2492 5252 pa·-

949 5276 1050 5334 cto
1079 5268 1605 5344 retrovendendi,
1651 5285 1777 5327 non
1822 5267 2022 5327 teneri
2069 5269 2288 5344 postea
2315 5267 2491 5327 resti-

946 5369 1124 5427 tuere
1151 5365 1396 5443 partem
1434 5362 1752 5421 fructuum
1791 5363 2234 5437 perceptorum
2275 5377 2487 5420 corre-

950 5455 1363 5538 spondentem
1393 5452 1665 5519 defectui
1710 5451 1933 5533 pretii,
1987 5451 2098 5512 sed
2126 5453 2489 5516 satisfacere

2091 252 2195 315 DE
2235 253 2587 318 JUSTITIA
2632 256 2733 318 ΕΤ
2774 254 2975 319 JURE

2598 431 2888 511 augendo
2919 431 3187 511 pretium
3229 450 3428 513 usque
3473 433 3553 494 ad
3585 433 3803 496 limites
3820 438 3970 515 justi,
4003 448 4044 503 et

2598 525 2995 586 resarciendo
3026 525 3350 599 damnum,
3386 527 3437 587 si
3468 526 3644 607 quod
3672 527 3785 589 fuit
3808 529 3934 591 lucri
3956 551 4045 594 ces-

2600 619 2815 696 santia,
2844 618 2945 679 vel
2975 619 3189 679 damni
3237 620 3637 699 emergentis.
3701 623 3860 682 Nune
3898 630 4044 686 autem

2600 711 2789 788 dicit,
2843 730 2968 772 non
3015 712 3102 774 ita
3142 711 3558 792 judicandum
3610 732 3745 774 esse
3788 715 3858 775 de
3895 735 4044 796 censu,

2601 821 2792 884 quam
2820 804 3239 866 differentiam
3268 811 3336 869 ut
3365 808 3608 886 probet,
3628 807 4044 887 additstatimid,

2600 898 2664 958 in
2694 917 2817 978 quo
2868 899 3046 960 Salas
3089 900 3335 978 putavit
3374 918 3512 961 esse
3562 918 3831 961 errorem
3870 903 4044 981 littera,

2599 991 2699 1052 vel
2729 992 3313 1069 contradictionem,
3338 1011 3482 1053 cum
3513 997 3723 1054 tamen
3752 994 3825 1055 sit
3842 1012 3940 1055 non
3953 1014 4047 1074 pars

2601 1084 3017 1145 conclusionis
3043 1132 3061 1162 ,
3109 1085 3220 1145 sed
3249 1086 3407 1147 ratio
3434 1086 3516 1147 ad
3547 1087 3914 1166 probandam
3935 1088 4048 1149 illam

2600 1177 3042 1255 differentiam,
3076 1177 3172 1239 bis
3200 1179 3409 1239 verbis
3444 1199 3457 1241 t
3522 1200 3550 1235 α
3578 1180 3850 1257 Etenim,
3880 1182 3919 1240 si
3942 1200 4050 1260 prae·

2601 1269 2777 1329 dium
2805 1275 2868 1332 et
2894 1289 3118 1331 census
3147 1270 3209 1330 in
3242 1289 3315 1332 eo
3345 1271 3686 1333 collocatus
3715 1279 3971 1350 pereant,
4009 1275 4048 1334 in

2603 1363 2772 1423 nullo
2801 1362 3115 1424 relevatur
3141 1363 3431 1426 venditor
3458 1365 3665 1444 quoad
3697 1369 3916 1444 partem
3937 1367 4049 1426 illam

2601 1455 2859 1535 maJ’oris
2907 1456 3263 1535 pensionis„
3323 1475 3516 1536 quam
3562 1458 3870 1538 hueusque
3908 1459 4048 1520 solvit.

2602 1551 2915 1612 Praeterea
2961 1550 3198 1611 fructus
3252 1569 3470 1612 omnes
3526 1551 3749 1629 praedii
3782 1555 3970 1630 praeter
3983 1553 4051 1632 jus

2604 1642 2683 1702 ad
2715 1646 2958 1720 partem
2982 1689 2998 1718 ,
3049 1644 3218 1723 quod
3267 1648 3517 1722 emptor
3555 1643 3724 1724 juste
3753 1645 3965 1717 emerit,
4000 1644 4052 1703 ad

2602 1735 2994 1797 venditorem
3024 1736 3225 1796 solum
3248 1782 3264 1813 ,
3303 1736 3409 1816 qui
3454 1741 3548 1798 est
3576 1736 3795 1816 praedii
3820 1737 4049 1811 dominus,

2601 1832 2732 1890 toto
2761 1832 3045 1907 tempore
3091 1829 3406 1907 praeterito
3453 1831 3820 1909 spectabant
3869 1851 3881 1891 :
3928 1831 4052 1909 longe

2604 1926 2814 1983 autem
2842 1922 3022 1982 aliter
3058 1940 3159 1983 res
3200 1939 3266 1982 se
3316 1921 3509 1983 habet
3556 1923 3617 1981 in
3661 1923 3883 2002 praedio
3908 1930 4051 2001 empto

2604 2033 2749 2076 cum
2792 2018 2977 2093 pacto
3028 2015 3105 2075 de
3148 2016 3677 2077 retrovendendo.
3711 2039 3739 2073 ι»
3800 2019 3859 2077 ln
3898 2017 4053 2095 quibus

2602 2106 2834 2183 verbis,
2869 2106 3172 2187 quidquid
3218 2108 3300 2169 sit
3343 2108 3423 2168 de
3452 2109 3720 2169 veritate
3750 2107 3997 2170 doctrina?
4017 2115 4054 2168 et

2604 2199 2683 2259 de
2712 2199 2772 2260 vi
2803 2199 3245 2278 probationum
3266 2246 3281 2276 ‚
3315 2199 3474 2260 duas
3504 2199 3777 2261 rationes
3804 2203 3952 2261 affert
3972 2202 4055 2260 Me

2602 2291 2732 2351 lina
2778 2291 2860 2352 ad
2908 2292 3301 2370 probandam
3345 2292 3768 2355 differentiam
3814 2293 4056 2353 interillos

2605 2385 2764 2445 duos
2792 2402 2994 2461 casus,
3029 2385 3280 2465 quando
3311 2403 3536 2446 census
3569 2387 3795 2447 emitur
3819 2386 3977 2466 pretio
3998 2386 4057 2443 di-

2603 2478 2869 2553 minute,
2902 2481 2964 2539 et
2991 2479 3243 2558 quando
3275 2478 3504 2539 emitur
3532 2478 3850 2557 praedium.
3880 2478 3999 2550 Quia
4019 2476 4057 2535 in

2604 2570 2798 2651 priori
2827 2588 2996 2648 casu,
3021 2570 3265 2631 etiamsi
3285 2575 3506 2649 postea
3529 2572 3873 2651 hypotheca
3889 2574 4055 2650 pereat,

2605 2663 2898 2725 venditor
2917 2663 3051 2743 jam
3081 2664 3394 2726 invenitur
3415 2683 3638 2745 passus
3658 2665 3813 2726 ultra
3839 2664 3983 2743 pretii
4003 2662 4059 2722 di·

2603 2756 3017 2818 minutionem
3047 2757 3216 2817 aliud
3247 2757 3552 2819 damnum
3574 2805 3590 2835 ‚
3644 2777 3858 2839 nempe
3882 2755 4058 2818 solutio-

2605 2867 2750 2909 nem
2779 2849 3098 2926 pensionis
3141 2850 3400 2929 majoris
3441 2854 3726 2929 tempore
3750 2847 4056 2911 intermedio.

2604 2943 2761 3003 Item
2811 2942 2959 3021 quia
2981 2989 2996 3019 ,
3050 2961 3193 3003 eum
3242 2961 3367 3004 non
3418 2944 3758 3004 amississet
3796 2942 4059 3004 dominium

2607 3034 3005 3114 hypothecae,
3033 3036 3113 3096 ad
3145 3036 3685 3098 eumvidebantur
3712 3042 3959 3116 spectare
3980 3034 4060 3093 tru-

2609 3131 2743 3190 ctus
2772 3146 3028 3207 omneS,
3081 3134 3310 3209 praeter
3354 3130 3492 3191 illos
3524 3130 3634 3211 qui
3662 3128 4060 3210 correspondere

2607 3224 2896 3300 poterant
2914 3221 3082 3301 juste
3110 3224 3311 3302 pretio
3342 3228 3604 3303 accepto
3636 3243 3744 3304 pro
3773 3237 4062 3299 censuque

2603 3313 2879 3376 rationes
2924 3333 3047 3376 non
3076 3315 3370 3377 videntur
3416 3317 3686 3378 militare
3727 3318 3784 3377 in
3815 3313 4062 3396 posteriori

2603 3424 2774 3468 casu.
2809 3407 3114 3467 Eamdem
3143 3409 3522 3471 sententiam
3571 3412 3776 3490 quoad
3807 3406 4063 3470 restitutis

2605 3519 2749 3561 nem
2780 3519 3070 3561 excessus
3097 3502 3472 3581 pensionum
3505 3507 3722 3565 tenent
3749 3500 4060 3572 Binsseldius,

2603 3595 2866 3655 Covarr.
2901 3593 3134 3654 Baldus
3168 3641 3183 3671 ,
3220 3597 3460 3675 Gaspar
3483 3643 3500 3672 ,
3543 3596 3904 3673 Roderieus‚
3945 3590 4062 3655 Moli-

2609 3705 2807 3763 naeus,
2842 3689 2987 3748 Ant.
3025 3688 3276 3766 Gomez,
3297 3689 3673 3751 Emmanuel
3701 3692 3915 3762 Castro,
3937 3691 3985 3745 et
3998 3682 4064 3744 Al·

2609 3797 2813 3856 cozer,
2851 3797 3007 3858 quos
3037 3780 3220 3842 affert
3240 3829 3255 3856 ‚
3307 3785 3370 3842 et
3394 3783 3681 3862 sequItur
3710 3783 3870 3845 Salas
3894 3779 3976 3840 ubi
3996 3794 4064 3836 su-

2602 3889 2738 3952 pra.
2773 3872 2895 3934 Alii
2924 3890 3074 3934 vero
3099 3872 3467 3954 jurisperiti,
3507 3876 3681 3955 apud
3712 3875 3963 3937 eumdem
3985 3873 4063 3931 Sa·

2602 3965 2693 4025 las
2721 3965 2807 4025 ibi
2838 3965 2959 4027 hoc
2987 3968 3343 4029 concedunt
3370 3967 3432 4028 in
3467 3987 3702 4047 censu,
3737 3967 3923 4049 quide
3949 3981 4061 4024 novo

2602 4059 3002 4120 constituitur
3046 4060 3245 4137 pretio
3305 4061 3660 4138 diminuto,
3721 4067 3925 4141 negant
3960 4073 4062 4116 vero

2599 4151 2665 4212 in
2694 4170 2884 4214 censu
2914 4151 3196 4233 antique,
3231 4155 3338 4234 qui
3364 4157 3568 4234 pretio
3593 4155 3879 4218 diminuto
3903 4148 4063 4213 vendi-

2600 4247 2724 4307 tur.

2681 4338 2972 4401 Secunda
3025 4340 3336 4401 sententia
3390 4344 3627 4421 negat,
3687 4337 4060 4404 restituendum
4141 4347 4149 4400 ἔ

2600 4449 2734 4492 esse
2765 4450 3088 4492 excessum
3118 4431 3494 4511 pensionum
3542 4440 3952 4514 acceptarum,
3996 4430 4062 4488 lo·

2598 4524 2848 4603 quendo
2878 4524 3101 4586 saltem
3121 4524 3198 4586 de
3218 4526 3361 4605 jure
3393 4531 3663 4606 naturae,
3689 4529 3794 4589 sed
3819 4525 3959 4599 dic-it,
3976 4519 4061 4582 sut

2595 4618 2782 4678 ficere
2812 4618 2861 4677 si
2892 4620 3138 4698 emptor
3165 4624 3395 4697 augeat
3423 4621 3701 4699 pretium
3730 4617 3986 4682 solvendo
4011 4613 4054 4673 id

2597 4710 2766 4790 quod
2797 4710 3027 4785 defuit,
3072 4715 3135 4772 et
3164 4712 3561 4774 resarciendo
3602 4714 3878 4774 damnum
3905 4726 4055 4770 emer·

2595 4822 2773 4882 gena,
2806 4804 2904 4864 vel
2933 4803 3177 4863 lucrum
3208 4822 3460 4865 cessans
3484 4852 3500 4884 ,
3560 4806 3611 4868 si
3646 4807 3807 4887 quod
3831 4806 3958 4879 fuit,
3996 4801 4056 4860 its

2594 4897 2765 4957 Less,
2799 4914 2936 4974 cap.
2971 4898 3161 4959 XXII.
3201 4896 3350 4959 dub.
3383 4915 3489 4961 xv.
3522 4900 3706 4962 Joan.
3744 4898 3980 4969 Medma,
4016 4899 4057 4951 et

2593 4989 2697 5049 alii
2728 5008 2883 5068 quos
2912 4990 3092 5052 affert
3122 4990 3296 5051 Salas
3323 4991 3489 5054 dicto
3520 4993 3672 5055 dub.
3700 5009 3859 5054 xx111.
3876 4984 4055 5050 etmihi

2594 5081 2783 5142 etiam
2811 5081 3035 5158 placet.
3091 5082 3245 5155 Quia
3275 5085 3496 5162 regula
3522 5086 3824 5165 generalis
3848 5084 3914 5144 ad
3944 5080 4056 5140 alias

2594 5174 2942 5252 emptiones
2990 5178 3053 5234 et
3093 5176 3486 5238 venditiones
3527 5197 3652 5239 non
3700 5183 3792 5240 est
3829 5196 3922 5237 cur
3966 5188 4056 5232 non

2591 5267 2822 5327 debeat
2847 5266 2910 5325 in
2941 5265 3061 5326 hac
3090 5269 3406 5349 emptione
3435 5273 3696 5348 servari,
3722 5290 3846 5332 cum
3872 5269 3921 5328 in
3948 5283 4056 5325 con-

2589 5359 2912 5421 stitutione
2957 5376 3181 5421 census
3222 5363 3408 5423 realis
3432 5410 3447 5440 ,
3505 5366 3576 5426 ut
3620 5384 3799 5445 supra
3823 5360 4053 5428 vidimus,

2588 5452 2938 5517 intercedat
2963 5471 3114 5516 vera
3142 5455 3398 5537 emptio,
3431 5475 3553 5539 qua
3575 5463 3743 5525 certo
3757 5449 4054 5539 pretioemi»

4089 4473 4149 4567 {a
