4263 6376
88 2261 201 2410 .ἔὲζέ
88 2137 138 2193 δ’ὁ

1199 285 1667 348 DISPUTATIO
1713 286 1899 360 XXV,
1949 286 2223 347 SECTIO
2267 287 2425 347 Vlll.

236 479 366 523 cum
385 461 675 541 frequens
706 460 965 523 intentio
998 462 1202 523 dantis
1219 463 1442 541 pignus
1463 482 1570 541 pro
1602 462 1746 524 dote

235 556 306 615 sit
355 572 478 613 non
533 558 897 632 computare
948 556 1182 616 fruetus
1228 556 1289 614 in
1339 560 1603 627 sortem;
1640 555 1745 634 qui

235 646 594 707 contrariam
661 646 1071 708 intentionem
1152 647 1411 707 haberet
1492 648 1750 707 deberet

235 758 363 799 eam
391 738 768 817 exprimere:
796 739 855 797 in
882 739 1069 798 dubio
1093 741 1257 799 enim
1276 745 1564 800 censetur
1591 741 1748 799 velle

235 831 375 890 dare
402 831 638 891 fructus
662 831 801 890 illos
830 831 990 891 sicut
1032 833 1449 892 communiter
1491 833 1628 892 dari
1655 850 1750 892 so-

236 924 355 984 lent
383 928 549 983 extra
583 928 839 999 sortem,
893 928 956 985 et
1009 925 1212 984 solum
1270 930 1336 985 ut
1389 925 1627 985 fructus
1657 943 1749 984 re-

237 1034 364 1075 rum
393 1015 735 1088 dotalium;
771 1034 895 1075 non
927 1017 1092 1076 enim
1147 1017 1350 1078 solent
1394 1018 1632 1079 fructus
1662 1017 1752 1095 pi-

237 1108 437 1185 gnoris
461 1126 761 1185 superare
792 1109 1030 1170 fructus
1076 1109 1277 1171 dotis:
1333 1129 1525 1189 quare
1583 1127 1754 1170 com-

237 1201 493 1261 maniter
533 1219 661 1260 non
708 1202 1114 1279 praesumitur
1170 1221 1347 1262 socer
1400 1203 1551 1263 dare
1592 1202 1750 1278 illos,

240 1293 506 1354 nisiloco
538 1293 857 1354 fructuum
904 1294 1105 1356 dotis:
1141 1295 1390 1373 quando
1437 1313 1585 1373 ergo
1643 1294 1756 1354 ha-

237 1386 400 1447 beret
423 1386 841 1446 intentionem
871 1387 1059 1447 aliam
1080 1387 1647 1448 extraordinariam
1695 1391 1758 1450 et

237 1483 450 1558 praeter
470 1497 875 1540 communem
903 1498 1106 1556 usum,
1134 1479 1451 1542 debuisset
1466 1480 1631 1540 illam
1649 1498 1757 1541 ex·

237 1572 531 1650 primere3
565 1571 632 1631 in
689 1572 880 1631 dubio
928 1572 1097 1633 enim
1152 1573 1552 1652 praesumitur
1600 1573 1757 1633 velle

239 1663 596 1724 contrahere
642 1682 785 1724 cum
815 1664 1038 1725 eadem
1067 1665 1429 1741 intentione,
1464 1684 1607 1726 cum
1636 1682 1761 1743 qua

239 1755 334 1815 alii
382 1756 802 1816 communiter
829 1756 1094 1834 pignora
1124 1757 1356 1818 dotalia
1399 1757 1754 1836 assignant3

242 1854 296 1910 et
342 1848 438 1908 hic
512 1848 769 1909 videtur
815 1850 1008 1909 fuisse
1065 1850 1382 1911 discursus
1426 1851 1760 1930 implicitus

242 1940 562 2016 pontificis,
602 1960 792 2020 quem
820 1941 1204 2003 brevissimis
1220 1943 1340 2005 illis
1368 1943 1574 2004 verbis
1595 1960 1762 2004 com·

242 2034 442 2112 plexus
457 2038 575 2094 est.

313 2127 636 2187 Secundus
681 2145 864 2188 casus
907 2126 1218 2187 difficilior
1254 2131 1369 2202 est,
1404 2127 1655 2206 quando
1699 2128 1761 2187 in

243 2224 547 2281 contractu
582 2220 776 2281 dotali
805 2220 973 2280 nulla
1003 2220 1078 2279 de
1108 2220 1368 2298 pignore
1396 2220 1630 2281 mentio
1674 2220 1761 2279 fa-

243 2318 332 2372 cta
358 2312 488 2387 fuit,
521 2313 638 2372 sed
667 2330 848 2373 socer
873 2331 939 2373 se
955 2312 1253 2390 obligavit
1270 2312 1349 2371 ad
1372 2313 1582 2374 dotem
1607 2313 1765 2373 dan-

244 2404 376 2465 dam
403 2424 416 2464 :
440 2411 667 2483 postea
688 2424 837 2465 vero
868 2405 1062 2465 dilata
1079 2405 1386 2467 solutione
1404 2406 1590 2466 datur
1617 2405 1762 2467 fun-

243 2498 347 2557 dus
372 2498 434 2556 in
464 2498 718 2575 pignus,
750 2516 833 2557 an
873 2501 1023 2557 tunc
1070 2497 1306 2557 fructus
1333 2497 1613 2576 pignoris
1661 2496 1764 2557 de·

244 2591 421 2651 beant
458 2608 499 2650 a
543 2608 786 2667 genero
833 2590 892 2649 in
944 2595 1178 2651 sortem
1226 2591 1606 2667 computari,
1659 2590 1765 2670 qui

245 2701 409 2743 casus
451 2685 676 2761 negari
725 2688 930 2760 potest
975 2683 1278 2744 contineri
1307 2684 1370 2743 in
1427 2683 1591 2744 dieto
1623 2702 1760 2761 cap.

243 2774 589 2851 salubriter,
612 2775 726 2834 sed
757 2776 958 2835 solum
988 2775 1071 2834 ibi
1102 2776 1203 2853 agi
1236 2776 1312 2835 de
1341 2777 1605 2855 pignore
1627 2795 1770 2837 con·

244 2868 441 2929 stituto
470 2887 508 2927 a
536 2867 851 2946 principio
898 2866 960 2927 in
991 2868 1124 2946 ipso
1174 2873 1499 2930 contractu
1546 2869 1761 2944 dotali,

245 2960 341 3039 qui
363 2978 584 3021 sensus
633 2958 900 3037 supponi
931 2960 1179 3020 videtur
1207 2979 1243 3021 a
1273 2961 1526 3035 Melina,
1563 2961 1761 3036 SalaS,

247 3056 300 3113 et
322 3053 474 3113 aliis.
528 3053 596 3114 Si
629 3057 842 3112 tamen
872 3051 1096 3129 aliquis
1137 3053 1566 3129 contenderet,
1601 3053 1768 3113 hunc

246 3145 416 3207 fuisse
445 3164 669 3207 casum
699 3144 862 3205 illius
890 3148 1096 3207 textus
1115 3149 1327 3223 posset
1352 3146 1412 3205 in
1444 3145 1660 3224 primis
1676 3145 1770 3205 di-

245 3256 393 3314 cere,
416 3239 785 3300 Pontificem
806 3238 1029 3298 ibinon
1048 3237 1297 3313 dixisse,
1324 3257 1573 3317 semper
1588 3256 1768 3316 posse

244 3332 465 3392 fructus
517 3333 662 3393 illos
690 3332 854 3391 ultra
883 3335 1117 3391 sortem
1166 3332 1387 3410 accipi,
1429 3332 1533 3392 sed
1568 3331 1769 3392 solum

247 3423 475 3499 dixisse,
494 3441 805 3501 generum
834 3442 958 3483 non
988 3442 1122 3483 esse
1156 3424 1658 3501 compellendum
1687 3423 1768 3482 ad

246 3515 688 3591 computandos
728 3515 791 3574 in
821 3519 1077 3591 sortem,
1118 3516 1266 3594 quia
1292 3516 1375 3576 ad
1403 3534 1548 3576 eum
1598 3534 1770 3576 com-

247 3607 587 3685 pellendum
617 3611 680 3668 et
709 3607 1279 3682 condemnandum,
1325 3608 1585 3669 deberet
1623 3627 1767 3667 con·

189 3757 194 3761 .
246 3705 394 3759 stare
409 3700 577 3779 quod
601 3700 679 3758 ad
703 3718 892 3760 onera
913 3700 1294 3760 matrimonii
1321 3719 1443 3761 non
1461 3701 1768 3778 indigeret

93 5273 151 5331 59

247 3792 332 3852 his
357 3793 660 3854 fructibus
689 3810 877 3868 nunc,
911 3792 1020 3852 sed
1051 3792 1252 3854 solum
1280 3793 1582 3854 fructibus
1604 3792 1766 3852 dotis

246 3891 446 3963 postea
495 3886 838 3961 solvendae,
890 3885 996 3964 qui
1046 3904 1190 3946 cum
1237 3886 1598 3964 frequenter
1640 3904 1765 3945 non

249 3979 545 4040 sufficiant
572 3978 657 4040 ad
702 3996 894 4039 onera
922 3978 1326 4054 matrimonii,
1362 3977 1763 4056 praesumptio

248 4078 332 4132 est
363 4072 702 4132 fortissima
747 4071 969 4131 saltem
996 4071 1060 4130 in
1105 4071 1241 4131 foro
1282 4077 1560 4148 externo,
1596 4071 1763 4150 quod

248 4164 366 4225 sine
418 4165 653 4226 damno
713 4163 1081 4242 emergenti,
1142 4182 1264 4224 non
1295 4165 1489 4241 possit
1530 4183 1762 4242 genero

248 4256 452 4318 solutio
507 4257 675 4319 dotis
730 4256 1004 4329 differri,
1077 4274 1223 4316 cum
1279 4262 1544 4334 cogatur
1598 4275 1764 4317 nunc

249 4366 423 4410 onera
445 4349 829 4412 matrimonii
847 4348 1153 4411 sustinere
1181 4350 1313 4409 sine
1334 4350 1637 4411 fructibus
1659 4350 1765 4410 do-

245 4442 315 4502 tis
343 4463 356 4503 :
389 4443 439 4503 si
464 4447 679 4503 autem
707 4442 945 4502 fructus
976 4442 1151 4501 fundi
1183 4442 1409 4503 debeat
1442 4443 1500 4502 in
1533 4448 1764 4504 sortem

248 4541 619 4614 computare,
672 4535 871 4595 oritur
906 4534 1077 4595 aliud
1128 4536 1426 4596 damnum
1455 4536 1624 4615 quod
1654 4554 1765 4613 po-

248 4633 387 4700 stea,
421 4629 564 4689 dote
596 4626 928 4703 diminuta,
982 4646 1104 4688 non
1134 4629 1362 4706 poterit
1389 4629 1525 4707 ejus
1553 4629 1764 4689 fructi-

248 4717 579 4781 buseadem
599 4720 980 4780 matrimonii
1000 4738 1194 4781 onera
1221 4721 1508 4781 sufficere
1530 4741 1545 4793 ;
1571 4739 1764 4799 quare

250 4810 424 4890 judex
466 4833 595 4874 non
645 4813 873 4892 poterit
899 4831 1044 4872 eum
1094 4813 1374 4891 obligare
1402 4814 1482 4874 ad
1513 4832 1766 4891 compu-

252 4905 457 4967 tandos
501 4907 742 4968 tructus
779 4905 842 4965 in
889 4909 1140 4980 sortem²
1196 4906 1342 4983 quia
1382 4905 1766 4966 validissima

251 4999 640 5078 praesumptio
670 5003 765 5060 est
784 5016 897 5075 pro
928 4998 1157 5056 damno
1189 5003 1568 5075 emergente,
1591 4997 1766 5075 quid-

257 5090 388 5167 quid
413 5093 490 5152 sit
519 5092 599 5151 de
630 5093 764 5152 foro
813 5090 1078 5165 interno,
1114 5089 1190 5149 in·
1220 5107 1343 5169 quo
1387 5090 1768 5151 conscientia

255 5181 432 5259 ipsius
457 5183 676 5262 generi
704 5182 1086 5244 consulenda
1115 5186 1229 5243 est.

325 5276 656 5355 Loquendo
686 5279 898 5338 autem
928 5275 1005 5334 de
1034 5293 1102 5335 re
1129 5275 1286 5353 ipsa,
1304 5293 1384 5334 an
1406 5275 1646 5335 secluso
1676 5275 1765 5335 lu·

256 5383 349 5428 cro
400 5374 678 5431 cessante
710 5372 774 5431 et
826 5369 1055 5430 damno
1113 5372 1493 5447 emergente,
1527 5368 1768 5445 possint

257 5463 477 5524 tructus
504 5463 786 5543 pignoris
831 5462 896 5522 in
926 5462 1044 5522 hoc
1087 5461 1278 5524 etiam
1307 5460 1585 5522 secundo
1616 5479 1765 5524 casu

3266 294 3379 350 227

1847 480 1970 522 non
2000 463 2350 542 computari
2379 464 2444 523 in
2474 467 2729 525 sortem.
2764 464 3286 543 Distinguendum
3316 467 3380 527 iu
3434 484 3553 538 Quid,
3586 487 3622 530 si
3652 485 3729 531 dos

1847 557 2063 634 primis
2102 562 2196 617 est
2229 574 2242 620 :
2276 558 2325 617 si
2357 557 2523 617 enim
2568 577 2604 617 a
2649 557 2954 637 principio
3000 563 3378 620 conventum
3434 541 3731 636 Ρζῖἰξῗζῑῑᾞῑ

1846 650 1962 709 fuit
1988 649 2067 708 de
2096 650 2241 710 dote
2273 668 2395 710 non
2426 651 2656 725 statim,
2691 651 2800 709 sed
2830 656 2971 729 post
2999 652 3239 730 aliquot
3267 673 3379 713 an·-
3509 647 3655 690 ‘¹³⁰⁶'-

1849 762 1960 802 nos
1989 742 2309 818 solvenda,
2360 748 2420 802 et
2450 748 2666 819 postea
2696 746 2839 803 aute
2887 744 3227 805 adventum
3256 751 3382 807 ter-

1847 834 2000 894 mini
2030 834 2292 912 praefixi,
2329 834 2508 895 detur
2538 834 2764 913 pignus
2797 854 2908 913 pro
2942 837 3109 914 dote,
3144 839 3381 899 fructus

1850 926 2256 1005 computandi
2287 930 2470 987 erunt
2497 927 2558 985 in
2588 933 2855 1000 sortem;
2892 930 3041 1008 quia
3064 935 3212 991 tunc
3243 932 3383 992 nul-

1850 1020 1946 1080 lus
1975 1024 2069 1080 est
2096 1019 2312 1080 titulus
2367 1019 2448 1079 ad
2493 1038 2600 1080 eos
2630 1025 2807 1081 extra
2862 1020 3074 1082 dotem
3120 1024 3382 1101 promis-

1852 1131 1986 1172 sam
2039 1113 2441 1188 retinendos,
2504 1130 2646 1172 cum
2694 1111 2829 1191 jam
2856 1131 3050 1191 gener
3094 1134 3208 1193 pro
3238 1114 3384 1177 dote

1851 1209 1993 1284 post
2019 1205 2258 1282 aliquot
2276 1223 2473 1265 annos
2494 1204 2795 1265 solvenda
2823 1208 3168 1284 susceperit
3196 1196 3387 1269 onera

1853 1297 2235 1360 matrimonii
2265 1298 2453 1359 etiam
2495 1297 2674 1358 annis
2729 1299 3266 1375 praecedentibus;
3327 1305 3390 1363 et

1854 1390 2014 1451 sicut
2040 1390 2343 1468 potuisset
2381 1390 2513 1450 sine
2535 1389 2681 1450 dote
2705 1390 2990 1468 accipere
3013 1412 3291 1470 uxorem,
3329 1397 3392 1455 et

1858 1482 2135 1561 obligare
2164 1501 2229 1543 se
2260 1482 2338 1542 ad
2385 1500 2611 1555 onera3
2655 1482 2744 1542 sic
2771 1483 2973 1560 potuit
3017 1485 3294 1565 obligare
3322 1505 3389 1547 se

1855 1593 1971 1655 pro
2000 1575 2145 1635 dote
2176 1593 2299 1635 non
2330 1574 2409 1635 ab
2438 1575 2614 1636 initio
2644 1575 2975 1649 solvenda3
3036 1596 3161 1638 non
3190 1581 3396 1656 potest

1860 1686 2007 1747 ergo
2039 1667 2386 1747 quidquam
2435 1666 2702 1746 amplius
2746 1668 3035 1746 accipere
3066 1689 3105 1730 a
3149 1689 3390 1748 socero,

1861 1759 1976 1820 nisi
2025 1759 2086 1819 id
2144 1761 2339 1839 gratis
2397 1761 2700 1830 donetur;
2770 1765 2834 1821 et
2886 1761 2948 1820 in
3004 1762 3125 1823 hoc
3178 1781 3395 1825 omnes

1861 1851 2261 1928 conveniunt,
2323 1872 2480 1932 quos
2532 1855 2716 1914 affert
2769 1857 2832 1914 et
2885 1854 3166 1933 sequitur
3220 1857 3396 1917 Salas

1861 1964 2033 2006 num.
2069 1949 2166 2006 12.

1942 2038 2202 2111 Quando
2225 2055 2373 2098 vero
2402 2037 2712 2116 promissa
2739 2039 2855 2099 fuit
2886 2039 2998 2101 dos
3030 2040 3239 2102 statim
3272 2041 3398 2102 sol·
3551 2049 3667 2109 160

1861 2131 2088 2207 venda,
2125 2134 2189 2191 et
2230 2134 2448 2208 postea
2475 2149 2654 2191 socer
2697 2131 2854 2209 petit
2899 2131 3284 2207 dilationem,
3336 2137 3399 2195 et
3506 2173 3624 2226 Qum,
3659 2174 3695 2215 ,ἰ

1863 2225 2043 2285 affert
2088 2223 2315 2302 pignus
2370 2223 2779 2299 fructiferum,
2825 2225 3055 2285 Molina
3109 2228 3164 2305 ἓ.
3221 2226 3401 2287 Forte
3453 2227 3751 2322 Proffiffifust

1864 2316 2269 2395 interroqabis,
2322 2317 2473 2376 dicit
2502 2335 2626 2376 non
2655 2336 2838 2395 posse
2889 2318 3022 2378 sine
3053 2338 3244 2380 usura
3273 2320 3400 2380 fru-
3498 2333 3710 2378 ,uix-enda.

1866 2415 2000 2472 ctus
2025 2409 2189 2470 ultra
2214 2413 2446 2470 sortem
2472 2429 2510 2469 a
2529 2428 2761 2488 genero
2790 2410 3008 2488 accipi,
3042 2413 3281 2474 secluso
3311 2414 3400 2473 lu·

1866 2521 1972 2563 cro
2020 2508 2302 2563 cessante
2355 2507 2417 2562 et
2463 2502 2691 2562 damno
2733 2509 3112 2581 emergente.
3165 2505 3397 2583 Prim0,

1867 2594 2014 2674 quia
2054 2593 2486 2671 acciperentur
2513 2613 2623 2672 pro
2656 2613 2952 2656 concessa
2979 2596 3276 2658 dilatione
3305 2616 3401 2658 so-

1863 2686 2115 2748 lutionis
2146 2686 2308 2747 dotis
2354 2687 2489 2765 jam
2545 2686 2792 2763 debitae,
2829 2691 3015 2766 atque
3056 2689 3199 2750 ideo
3255 2708 3399 2750 cum

1867 2798 2076 2840 usura.
2140 2780 2452 2855 Secundo,
2503 2779 2648 2858 quia
2679 2780 2728 2839 si
2757 2798 2937 2841 socer
2961 2781 3236 2844 dedisset
3263 2784 3399 2860 jam

1865 2890 2097 2951 genero
2126 2871 2457 2949 pecuniam
2481 2872 2753 2933 dotalem
2784 2873 3177 2950 promissam,
3212 2878 3274 2936 et
3292 2894 3400 2954 po·

1868 2973 2000 3027 stea
2028 2982 2103 3024 ea
2133 2964 2420 3041 indigens
2467 2968 2708 3042 peteret
2736 2983 2876 3025 eam
2918 2971 3135 3029 mutuo
3165 2969 3246 3028 ab
3293 2987 3399 3028 eo-

1867 3057 2010 3116 dem
2051 3075 2308 3134 genero,
2360 3056 2506 3117 dato
2537 3057 2593 3115 ei
2639 3057 2832 3119 fundo
2879 3058 2941 3118 in
2972 3059 3220 3138 pignus,
3273 3079 3398 3122 non

1866 3154 2076 3228 posset
2102 3167 2298 3226 gener
2326 3148 2565 3210 fructus
2596 3148 2773 3210 fundi
2802 3150 2966 3212 ultra
2992 3158 3226 3214 sortem
3240 3153 3399 3214 acci·

1865 3262 2014 3323 pere
2048 3263 2060 3303 :
2096 3261 2245 3321 ergo
2270 3260 2385 3302 nec
2415 3242 2496 3303 ob
2529 3242 2789 3303 dilatam
2818 3245 3218 3316 solutionem,
3256 3265 3398 3326 quae

1866 3340 1959 3397 est
1986 3337 2178 3396 etiam
2206 3339 2496 3396 mutuum
2527 3335 2815 3397 virtuale.
2878 3340 3082 3409 Quare
3130 3340 3400 3401 consulit

1863 3428 2034 3489 idem
2060 3428 2314 3503 Molina,
2346 3434 2415 3489 ut
2443 3446 2516 3488 eo
2547 3446 2694 3488 casu
2723 3446 2915 3506 gener
2940 3435 3161 3509 petata
3179 3450 3396 3493 socero

1867 3520 2337 3581 dissolutionem
2387 3520 2612 3598 priorls
2656 3525 3013 3582 contractus
3043 3523 3288 3599 dotali8,
3336 3528 3399 3587 et

1863 3612 2000 3671 fieri
2028 3612 2223 3671 alium
2250 3616 2643 3673 contractum
2686 3612 2764 3672 de
2795 3631 2979 3689 uov0,
3015 3633 3137 3693 quo
3159 3615 3397 3677 fructus

1864 3704 2026 3764 illius
2040 3704 2318 3782 pignoris
2334 3704 2730 3782 assignentur
2745 3724 2856 3783 pro
2870 3706 3248 3768 sustinendis
3263 3727 3397 3768 ma·-

1865 3796 2141 3857 trimonii
2169 3796 2483 3872 oneribuS‚
2520 3797 2820 3876 quamdiu
2864 3799 2976 3861 dos
3022 3818 3144 3861 non
3191 3801 3397 3862 solve-

1864 3893 1985 3951 tur.

1943 3984 2118 4041 Hanc
2147 3981 2477 4057 cautelam,
2511 3999 2621 4042 seu
2652 3981 2772 4043 hoc
2801 3983 3046 4046 Molinae
3064 3987 3395 4049 consilium

1862 4074 2193 4151 impugnat
2246 4073 2421 4134 Salas
2477 4092 2650 4136 num.
2688 4078 2782 4136 14.
2836 4076 2984 4155 quia
3038 4084 3394 4142 contractus

1862 4166 2055 4244 prior,
2090 4183 2234 4225 cum
2258 4164 2392 4243 jam
2436 4166 2517 4227 sit
2546 4185 2620 4225 ex
2663 4172 2841 4245 parte
2887 4171 3221 4233 mandatus
3249 4193 3394 4234 exe-

1862 4258 2095 4320 cutioni
2125 4261 2382 4336 propter
2409 4259 2879 4320 matrimonium
2908 4264 3312 4343 celebratum,
3336 4271 3398 4329 et

1861 4355 2152 4427 suscepta
2207 4350 2340 4429 ejus
2392 4370 2605 4428 onera,
2665 4372 2790 4414 non
2843 4360 3049 4433 potest
3102 4359 3390 4433 dissolvi;

1863 4461 2058 4521 quare
2088 4443 2219 4520 ipse
2251 4447 2428 4520 putat
2457 4462 2580 4504 non
2608 4464 2790 4523 posse
2810 4447 3046 4528 absque
3064 4470 3254 4513 usura
3273 4453 3395 4513 fru-

1862 4540 1996 4596 ctus
2037 4534 2176 4595 illos
2205 4553 2239 4593 a
2275 4554 2509 4613 genero
2556 4538 2718 4598 ultra
2764 4545 2995 4602 sortem
3038 4544 3259 4623 accipi.
3317 4548 3396 4608 Et

1862 4646 1978 4705 ego
2009 4628 2192 4688 etiam
2227 4633 2399 4706 puto,
2434 4632 2782 4692 remedium
2817 4634 2968 4694 illud
2998 4655 3220 4714 parum
3249 4658 3396 4717 pro-

1862 4720 2040 4779 desse
2071 4739 2276 4798 posse,
2298 4721 2348 4780 si
2376 4721 2614 4801 absque
2638 4724 2741 4785 illo
2774 4727 3062 4789 nonlicet
3076 4729 3395 4791 fructuum

1861 4813 2125 4874 retentio
2160 4833 2174 4872 :
2208 4813 2355 4892 quia
2382 4833 2687 4892 generum
2744 4822 3099 4882 consentire
3131 4823 3396 4884 dissolu·-

1860 4906 1989 4967 toni
2022 4907 2245 4983 prioris
2284 4913 2638 4969 contractus
2671 4929 2745 4970 eo
2775 4918 2956 4989 pacto
2988 4920 3056 4974 ut
3096 4915 3209 4976 fiat
3236 4917 3393 4977 alius

1865 5015 2083 5072 novu5‚
2136 5016 2259 5076 quo
2291 5016 2467 5059 socer
2509 5020 2574 5060 se
2622 5003 2859 5082 obliget
2909 5005 2988 5065 ad
3025 5008 3394 5069 solvendam

1863 5094 2080 5168 postea
2109 5090 2344 5165 dotem,
2367 5094 2428 5152 et
2455 5091 2705 5153 interim
2735 5096 2975 5157 dandos
2992 5098 3229 5160 fructus
3259 5102 3393 5160 fun-

1865 5183 1949 5258 di,
1983 5182 2136 5242 nihil
2167 5186 2261 5243 est
2299 5183 2467 5243 aliud
2499 5205 2688 5264 quam
2717 5189 3033 5256 remittere
3063 5192 3394 5272 obligatio-

1864 5281 2009 5336 ner‘n
2037 5276 2316 5336 solvendi
2347 5277 2579 5349 statim;
2614 5298 2726 5339 seu
2771 5284 3116 5345 concedere
3149 5287 3391 5349 dilatio-

1864 5387 2008 5429 nem
2064 5368 2411 5445 solutioniS,
2471 5370 2811 5434 dummodo
2850 5394 3026 5438 socer
3072 5397 3138 5439 se
3186 5380 3392 5444 denuo

1865 5461 2098 5540 obliget
2142 5480 2256 5540 per
2312 5481 2543 5524 novum
2594 5471 2987 5531 contractum
3027 5472 3108 5532 ad
3151 5473 3394 5536 dandos
